4064 6108
314 525 372 590 tls
852 513 1040 583 SENIORES
1060 509 1324 581 stnxsrtomrtt

314 675 480 768 neapoleone
491 670 785 764 Λιθογνώμων·“οτι
796 671 917 761 γίνεται
928 674 1061 744 τῆςθη-
1116 663 1160 728 De
1174 663 1317 729 Doctrina
1336 661 1491 744 Lepidum.
1512 660 1650 726 Neseitltt'
1668 660 1698 725 in
1711 660 1860 727 Thebaide

314 775 419 859 detine
435 781 505 872 περὶ
520 781 609 845 πόλιν
624 771 862 867 Ἀλαῧάστρων,
874 775 929 841 καὶ
944 798 1060 867 erpone-
1111 771 1194 856 juxta
1214 769 1317 836 urbem
1336 768 1564 849 Alabastromm,
1587 778 1618 834 et
1637 767 1803 852 appellatur
1823 787 1859 835 ex

273 965 277 973 ,
313 890 477 985 γορεύεται
501 887 562 953 ἀπὸ
586 896 641 952 τοῦ
666 885 809 977 φέροντος
833 884 926 950 αὺτὸν
950 882 1059 960 τόπου,
1115 879 1178 946 ibeo
1192 876 1243 942 ubi
1259 877 1360 954 ierim,
1375 875 1519 960 Topasbn.
1534 873 1730 942 &iurantem
1741 874 1860 958 'l'opasii

315 991 469 1077 Τόπαζον.
483 995 527 1060 Ti
539 996 676 1084 χρῶμα]
693 983 728 1057 δὲ
742 1001 798 1057 τοῦ
816 985 972 1070 Τοπαζίον
985 1013 1062 1080 erpe-
1115 985 1213 1066 vergit
1223 984 1261 1049 ad
1273 1000 1442 1065 porraceum
1453 981 1728 1072 staurenm,adinis
1742 981 1861 1065 chryso·

315 1095 429 1180 σοειδὲς
453 1102 506 1166 καὶ
522 1100 724 1192 χρυσόχροιιν,
741 1098 948 1189 χρυσοπράσῳ
964 1121 1063 1187 παρα·
1116 1108 1211 1174 praed.
1220 1089 1381 1173 Utrobique
1392 1087 1597 1152 habeicolores
1604 1085 1861 1154 intensioresiixi·

314 1212 464 1286 πλησίως·
477 1207 635 1297 κατάμρω
652 1198 685 1271 δὲ
701 1204 886 1271 ἐπιτέταται
898 1204 955 1282 τὰς
968 1203 1062 1295 χρόας
1115 1197 1167 1262 stit
1177 1196 1386 1280 elinmspeoies
1395 1212 1532 1279 porraoea
1544 1205 1575 1260 et
1585 1193 1739 1278 purissima
1751 1203 1780 1260 el
1790 1210 1861 1259 euro

316 1313 591 1405 κατακορέατερον.
601 1312 694 1377 Ἔστι
711 1302 745 1377 δὲ
760 1311 814 1376 καὶ
825 1314 990 1402 πορίχρουν
1011 1311 1065 1376 καὶ
1117 1301 1313 1385 similisque
1324 1300 1413 1365 etiam
1425 1299 1626 1381 magnitudine
1636 1307 1861 1382 superatomnrs

316 1420 449 1512 καθαρὸν
463 1419 543 1512 ἄγαν
557 1419 611 1484 καὶ
622 1417 879 1509 χρυσόχρουν·τῷ
894 1409 927 1481 δὲ
940 1414 1064 1508 μεγέθει
1118 1410 1231 1492 lapides
1251 1410 1469 1493 chrysoprasos.
1485 1407 1590 1472 linotet
1608 1405 1727 1490 insuper
1747 1406 1861 1490 species

316 1528 368 1591 καί
391 1525 511 1602 πάντας
534 1525 690 1615 ὑπεραίρει
717 1523 790 1599 τοὺς
821 1522 1062 1614 χρυσοπράσους.
1117 1516 1215 1583 nitore
1234 1517 1364 1602 pinguis
1384 1534 1451 1599 qum
1472 1523 1595 1599 apparel
1615 1517 1697 1580 ulia
1724 1512 1786 1580 sole
1806 1531 1860 1577 ec-

311 1632 403 1698 Ἕστι
426 1625 460 1698 δὲ
483 1632 536 1697 καὶ
559 1631 597 1696 τὸ
622 1623 700 1707 εἶδος
720 1630 859 1720 λιπαρὸς,
876 1627 982 1704 ἐοικὼς
1005 1651 1064 1692 κα·
1117 1639 1215 1687 censa.
1230 1623 1284 1687 Est
1298 1623 1389 1688 etiam
1401 1632 1540 1706 praelerea
1556 1619 1670 1703 species
1683 1637 1750 1703 quae
1764 1619 1862 1702 splen·

317 1739 541 1832 ταρλεγομένῳ
558 1739 617 1804 ὑπὸ
634 1740 733 1813 ἡλίου.
744 1737 838 1801 Ἔστι
855 1728 889 1801 δὲ
905 1735 958 1800 καὶ
974 1740 1065 1825 ὡραι-
1117 1727 1274 1794 didissima
1294 1727 1517 1808 admittebatur,
1531 1727 1583 1792 sed
1597 1745 1676 1792 nune
1696 1726 1793 1791 minus
1813 1744 1861 1792 ex·

318 1847 432 1922 ότατος
456 1844 668 1929 καθεστηκὼς,
686 1846 740 1910 καὶ
755 1854 806 1909 νῦν
824 1848 907 1909 ἐστιν
925 1847 959 1907 οὐ
983 1840 1063 1906 πάνυ
1118 1837 1256 1918 quiritur,
1279 1856 1315 1902 ae
1334 1837 1500 1920 pauciorem
1522 1846 1627 1908 movet¹
1639 1835 1861 1901 admirationem

318 1941 598 2042 περισπούδαστος,
611 1950 665 2015 καὶ
680 1950 813 2015 ἔλαττον
831 1941 1064 2038 θαυμαζόμενος
1119 1944 1155 2009 oh
1168 1945 1390 2024 abundantiam,
1398 1943 1580 2028 quamvisob
1590 1942 1862 2010 initioinventionis

292 2119 302 2142 ,
318 2051 370 2124 διὰ
392 2060 430 2124 τὸ
454 2058 582 2134 πλῆθος·
606 2059 709 2123 καίτοι
733 2055 818 2122 κατὰ
845 2055 905 2130 τὴν
934 2054 1062 2143 πρώτον
1116 2053 1223 2118 eximia
1245 2063 1379 2136 reputata
1401 2051 1531 2117 lueritel
1547 2049 1787 2135 exquisitissima.
1804 2047 1863 2113 Na·

318 2167 433 2256 εὕρεσιν
446 2164 595 2258 -ᾴμαστός
619 2188 656 2230 τε
686 2163 868 2253 νενόμισται
899 2161 954 2225 καὶ
979 2184 1064 2250 περι·
1118 2167 1210 2224 turem
1222 2167 1318 2223 autem
1333 2156 1422 2222 babet
1436 2157 1596 2239 Topazion,
1612 2164 1653 2233 ut,
1669 2154 1694 2218 si
1710 2152 1863 2236 levigetur,

320 2265 524 2348 σπούδαστος·
548 2271 636 2362 φύσιν
661 2261 695 2336 δὲ
718 2270 784 2360 ἔχει
807 2269 1001 2357 λιαινόμενον
1025 2268 1062 2332 τὸ
1116 2276 1267 2348 asperetur
1287 2274 1318 2331 et
1331 2283 1386 2330 usu
1401 2265 1559 2329 minuatur.
1575 2261 1712 2328 Omnium
1732 2279 1804 2327 vero
1821 2260 1863 2326 la-

321 2372 477 2456 Τοπάζιον
502 2376 721 2468 τραχύνεσθαι,
738 2376 792 2441 καὶ
815 2381 845 2441 ἐν
862 2386 931 2453 ταῖς
946 2376 1062 2466 χρείαις
1116 2375 1217 2458 pidum
1240 2383 1285 2440 esi
1305 2375 1464 2458 sculplutm
1483 2373 1592 2458 aptior.

319 2483 487 2573 μειοῦσθαι·
504 2485 571 2550 ἔστι
588 2476 622 2549 δὲ
641 2484 695 2549 καὶ
709 2493 771 2548 τῶν
788 2483 882 2548 λίθων
900 2484 1059 2574 εὕγλυρος.

737 2717 848 2814 Apud
872 2717 911 2792 S.
935 2715 1164 2790 Ambrosium
1186 2714 1447 2811 interpretatio.

361 2915 447 2981 Nune
460 2915 497 2981 de
511 2913 638 2998 Topazio
651 2913 751 3000 lapide
764 2913 960 2996 exprimamus
974 2912 1066 2977 bisto-
1121 2911 1237 2996 panion,
1254 2919 1286 2976 nt
1300 2911 1390 2994 aliqui
1405 2917 1527 2994 putant3
1544 2908 1622 2974 unde
1643 2915 1674 2974 et
1695 2905 1863 2973 nominatus

320 3023 406 3088 riam.
423 3023 539 3107 Deque
560 3022 728 3088 invenimus
742 3021 882 3105 seriptum
900 3021 929 3085 in
943 3019 1065 3085 historia
1122 3029 1169 3086 est
1182 3019 1220 3086 ab
1235 3037 1280 3100 eo,
1296 3020 1326 3084 in
1340 3036 1399 3103 quo
1419 3018 1592 3102 gigneretur
1611 3016 1719 3082 loro...
1734 3017 1865 3083 Duorum

320 3131 559 3216 Xenocratisqni
570 3131 689 3217 scripsit
699 3132 782 3214 quasi
795 3129 1064 3213 Litiopnomonlal.
1121 3128 1249 3194 colorum
1258 3137 1305 3192 est
1316 3128 1345 3192 in
1361 3127 1415 3192 boo
1428 3126 1527 3210 lupide
1543 3137 1648 3218 κρᾶσις
1663 3125 1715 3204 (ol.
1732 3123 1861 3190 eolomm

319 3239 396 3305 male
417 3238 645 3320 bitterrensem:
670 3237 788 3304 ‹rNasei
810 3257 875 3304 eum
897 3238 946 3304 rel
967 3237 1065 3304 veniri
1120 3246 1167 3302 est
1186 3235 1349 3302 similitudo
1365 3235 1394 3300 in
1415 3234 1470 3299 hoe
1486 3234 1583 3317 lapide
1597 3235 1727 3326 κρᾶσις),
1745 3230 1800 3296 hoe
1819 3239 1866 3296 est

319 3349 396 3414 eirca
410 3347 570 3416 Thebaidis
583 3348 737 3414 civitatem
750 3347 937 3414 subernum
952 3346 999 3412 uel
1012 3347 1068 3412 To·
1121 3342 1255 3427 quedam
1271 3353 1432 3427 temperate
1446 3341 1613 3427 permixtio.
1629 3333 1822 3433 Πρασοειδὴς
1836 3347 1867 3404 et

320 3575 349 3628 p.
368 3554 438 3627 438,
458 3554 536 3610 nulla
556 3557 619 3610 isee
637 3572 771 3626 accensa,
790 3558 850 3611 sine
870 3554 929 3611 ullo
947 3556 982 3608 ad
997 3557 1067 3610 Am·
1122 3559 1254 3614 vissimos
1264 3554 1485 3613 Mediolanenses
1503 3554 1523 3610 l.
1539 3555 1558 3610 l.
1573 3586 1608 3598 -
1624 3555 1724 3610 Statim
1743 3570 1760 3607 e
1778 3553 1868 3625 prime

321 3646 443 3700 brosinm
462 3647 608 3715 respectu,
628 3645 701 3716 quod
725 3646 812 3699 miror
830 3645 860 3698 in
880 3641 989 3714 Angelo
1008 3641 1068 3696 iere
1122 3645 1241 3701 ulterius
1249 3647 1386 3702 versionis
1400 3646 1522 3718 periodo,
1534 3644 1716 3700 Ambrosianus
1725 3660 1809 3715 quum
1822 3661 1869 3698 so-

320 3730 534 3789 Mediolanensi.
550 3761 586 3774 -
605 3732 704 3802 Locus,
724 3750 807 3803 quem
820 3733 937 3804 origeni
951 3750 1005 3787 non
1018 3732 1067 3785 dn·
1122 3734 1175 3790 lite
1193 3752 1307 3807 prorsus
1320 3735 1492 3790 desideretur
1510 3733 1660 3806 elegantis,
1673 3735 1821 3789 incidimus
1839 3735 1868 3788 in

320 3839 381 3878 mus
392 3823 514 3889 omnino,
527 3820 635 3877 nullum
649 3837 749 3877 nornen
762 3838 821 3893 prm
834 3838 864 3876 se
878 3819 934 3876 ient
946 3823 974 3875 in
988 3822 1066 3878 eodd.
1122 3826 1281 3896 incomptos
1301 3842 1410 3896 gnoseos
1429 3827 1610 3897 interpretes,
1626 3840 1697 3894 quos
1713 3828 1794 3878 antea
1808 3828 1820 3895 j

322 3913 377 3968 Sed
390 3913 451 3985 ipse
463 3913 626 3969 Ambrosius
639 3928 752 3967 monere
763 3911 872 3966 videtur
885 3911 956 3965 lrand
970 3911 1067 3984 procul
1122 3913 1156 3966 sd
1177 3913 1320 3968 Philonem
1340 3913 1514 3969 offendimus.
1537 3942 1570 3956 -
1589 3914 1685 3968 Ambr.
1705 3912 1776 3984 legit
1801 3917 1868 3966 ste·

320 4003 417 4056 abesse
438 4001 602 4073 origenem,
618 4000 665 4072 qui
685 4001 781 4055 stetim
800 4001 925 4072 sequitur
946 4001 974 4054 in
988 4001 1067 4056 codd.
1122 3997 1237 4070 ὃαστρον.
1254 4033 1287 4045 -
1307 4001 1372 4058 Cod.
1392 4003 1511 4064 τοπαζὶον
1532 4005 1697 4072 sperneretis,
1712 4007 1767 4057 tam
1787 3999 1871 4058 iaeile

356 4091 525 4146 Xenocrates
537 4106 621 4161 porro
633 4089 708 4142 idem
721 4091 764 4142 est
776 4091 859 4159 alque
869 4087 1007 4164 Ephesius
1020 4086 1068 4140 ille
1122 4091 1308 4162 purgandum,
1323 4109 1405 4163 quem
1418 4091 1495 4147 aliud
1509 4097 1589 4165 turpe
1606 4091 1734 4147 mendum
1754 4094 1783 4148 in
1796 4093 1870 4148 edito

320 4197 401 4253 quern
416 4178 525 4234 Plinius
538 4180 631 4234 senior
643 4178 712 4233 dieii
727 4178 781 4233 nde
793 4179 910 4250 gemmis
923 4179 1027 4249 egisse,
1041 4180 1070 4230 et
1122 4181 1286 4236 Ambrosio:
1300 4183 1439 4252 llpuosrdir
1453 4193 1480 4238 et
1491 4184 1643 4253 Clrrysopo,
1658 4199 1710 4255 pro
1728 4199 1783 4255 quo
1800 4200 1871 4256 sng-

321 4269 481 4342 nuperrime
497 4268 645 4339 scripsisse
663 4265 725 4335 (lib.
740 4265 1068 4334 xxxv11,2i.·rllinsvi·
1124 4271 1199 4341 gerit
1217 4269 1329 4327 Solinus
1351 4273 1566 4342 chrysoprasius,
1586 4287 1681 4343 graeee
1698 4289 1764 4327 vero
1780 4273 1870 4342 cisn-

323 4364 405 4418 detnr
430 4378 513 4435 quem
538 4360 711 4418 Xenocrates
729 4362 958 4434 Aphrodisiensis
983 4360 1070 4415 medi·
1123 4361 1251 4427 soebrus,
1272 4362 1303 4414 nt
1320 4359 1410 4427 inire;
1431 4361 1595 4415 tumetium
1615 4376 1650 4414 ex
1670 4377 1870 4432 graeooemen-

321 4469 382 4518 ονε,
396 4452 443 4524 qui
462 4455 532 4506 teste
550 4447 666 4505 Gelenio
680 4448 773 4505 floruit
787 4451 838 4505 sub
850 4451 975 4521 Tiberio,
988 4452 1069 4520 eujus
1122 4447 1183 4502 davi
1200 4451 1353 4519 parichrus
1361 4467 1372 4516 ;
1388 4452 1446 4501 lum
1459 4448 1523 4503 dein
1536 4447 1632 4520 expuli
1645 4452 1799 4503 monstrum
1811 4463 1871 4503 sm·

320 4538 403 4612 plure
414 4539 487 4610 opud
500 4538 659 4594 Oribesium
672 4542 701 4593 et
713 4537 785 4594 elios
799 4543 920 4592 exstant.
931 4538 985 4594 Sed
997 4541 1070 4592 citra
1122 4539 1220 4594 borum
1230 4537 1355 4594 codicum
1362 4540 1492 4608 πάρνενον,
1500 4536 1572 4610 qnod
1582 4535 1662 4592 doleo
1674 4536 1762 4592 inisse
1770 4553 1787 4590 a
1796 4537 1871 4593 lllsio

321 4629 511 4701 quodcumque
524 4628 636 4682 dubium
650 4632 744 4682 noster
757 4627 783 4682 is
795 4643 910 4700 prorsus
923 4631 973 4698 est,
987 4643 1068 4698 quem
1122 4633 1230 4684 tacente
1239 4631 1390 4698 receptum,
1404 4628 1445 4682 uti
1458 4643 1544 4700 snpre
1554 4632 1582 4680 rt
1596 4629 1660 4697 χρῶ,
1674 4626 1801 4698 sphalma
1811 4628 1871 4680 ine-

321 4717 394 4790 legil
405 4719 543 4788 vertitque
554 4717 860 4788 S.Ambrosius,neque
870 4715 981 4771 aliunde
992 4732 1069 4770 rece·
1122 4723 1200 4793 plum
1219 4718 1364 4789 utriusque
1384 4717 1499 4785 codicis,
1521 4722 1550 4771 et
1566 4717 1643 4771 inire
1660 4717 1756 4772 eodem
1769 4719 1870 4772 absono

321 4809 364 4881 pit
377 4823 459 4881 quom
470 4824 505 4862 ex
515 4807 648 4878 Origene,
662 4811 694 4860 ul
706 4805 823 4862 totalis.
838 4806 902 4861 lnde
914 4807 1005 4878 prima
1017 4822 1070 4859 no·
1122 4825 1258 4865 consensu
1277 4806 1513 4879 ναταροιγγομίνῳ.
1533 4837 1566 4847 -
1586 4807 1657 4862 Tum
1671 4807 1782 4862 demum
1798 4807 1871 4879 apud

322 4899 365 4952 bis
377 4913 446 4952 ensa
460 4897 542 4952 datur
553 4895 642 4950 multa
655 4892 788 4967 Origenis
801 4897 875 4950 inter
887 4896 1069 4950 Ambrosiam
1123 4899 1299 4955 Ambrosium
1312 4913 1441 4969 expungo
1453 4897 1600 4950 barborum
1621 4896 1824 4966 dionysodorus,
1844 4898 1872 4949 el

322 4985 492 5059 reperiundi,
506 4985 578 5056 quod
592 4989 690 5056 postes
702 4984 937 5055 investigandum.
952 4983 996 5039 Gi.
1012 4983 1068 5037 ra·
1123 4984 1201 5056 lege:
1213 4983 1327 5041 Natura
1337 4985 1502 5055 hujusmodi
1512 4996 1563 5054 sst,
1573 4983 1616 5038 rel
1631 4995 1767 5040 naturam
1776 4985 1867 5050 habet,

323 5078 391 5132 brie.
406 5077 483 5133 Bibt·
496 5092 541 5148 gr.
557 5079 577 5129 t.
590 5089 671 5145 111,p.
687 5071 738 5127 193
753 5072 831 5127 lieri.
844 5101 879 5113 -
890 5073 976 5136 Quem
987 5073 1069 5126 Man·
1119 5077 1202 5145 juxta
1215 5089 1348 5145 grecum.
1359 5103 1391 5114 -
1406 5073 1477 5128 Nota
1494 5074 1656 5145 figurabils's
1676 5089 1726 5144 pro
1740 5072 1868 5142 septiens,

323 5163 379 5219 rini
391 5163 556 5233 olieeerant,
574 5163 662 5236 probe
679 5161 740 5218 sole
756 5160 840 5216 lectio
860 5166 903 5215 est
914 5163 1067 5234 Litbogno·
1123 5162 1285 5217 vocabulum
1298 5163 1344 5217 vix
1357 5162 1583 5229 Ambrosianum,
1594 5162 1642 5216 sed
1656 5158 1740 5216 fenile
1754 5161 1870 5215 (irreso-

324 5269 399 5324 mon,
412 5249 485 5308 mele
504 5249 633 5322 neglecte
649 5251 683 5304 ab
701 5249 854 5306 editoribus
866 5264 954 5320 usque
965 5248 998 5302 ed
1018 5264 1070 5302 no·
1122 5249 1224 5318 lorum,
1242 5253 1291 5323 qui
1310 5250 1399 5308 multe
1418 5251 1479 5306 rudi
1499 5249 1634 5307 latinitati
1653 5249 1796 5306 dederunt.
