3976 6078
676 517 801 585 CODEX
823 517 1156 587 cttaottottratttts
1647 527 1684 592 at

183 666 235 730 to.
252 666 392 748 lagunas,
409 665 496 731 corda
511 665 658 732 bominum
678 665 832 750 sapientia
852 669 952 734 vinum
975 670 1145 736 retinentes.
1169 671 1200 736 ln
1222 672 1382 756 propbeta:
1407 674 1509 738 Omnis
1530 673 1685 756 laguncula

141 779 277 864 impletur
292 781 371 845 vino.
1738 867 1742 874 ι

182 898 233 961 Si.
251 897 366 975 Vinum,
380 896 500 980 sanguis
514 896 633 964 Christi.
650 898 683 964 ln
698 898 874 980 Evangelio:
890 898 948 979 Qui
963 900 1118 966 manduout
1131 919 1225 966 meam
1239 919 1367 979 carnem,
1379 911 1410 967 et
1423 901 1497 968 bibit
1512 921 1604 968 meum
1619 921 1687 968 san-

140 1010 272 1091 guinem.

181 1130 233 1192 10.
250 1127 366 1207 Vinum,
380 1127 476 1212 gratia
490 1127 617 1214 Spiritus
629 1128 732 1196 sancti.
753 1131 798 1212 [ln
811 1131 984 1215 Evangelio]
997 1156 1004 1194 :
1019 1129 1125 1200 Vinum
1139 1148 1248 1196 norum
1261 1132 1290 1197 in
1302 1141 1382 1198 utres
1392 1150 1485 1198 noros
1497 1133 1573 1200 mitti
1587 1133 1683 1200 debet.

182 1244 232 1307 23.
249 1243 471 1322 Vinum,sermo
479 1243 610 1322 divinus,
618 1244 683 1311 sire
694 1246 989 1330 compunctiocordis.
999 1245 1033 1312 ln
1044 1245 1290 1331 psalmorl’otasti
1302 1265 1355 1314 noa
1363 1247 1433 1312 rino
1441 1247 1684 1332 compunctionis.

180 1357 232 1421 at.
249 1357 368 1438 Vinum,
376 1357 518 1442 judicium
528 1359 673 1425 ditinum.
691 1361 724 1425 ln
740 1360 933 1446 Apocalypsi:
949 1361 1014 1444 lpse
1028 1361 1141 1426 calcari
1156 1361 1281 1427 torcular
1293 1363 1354 1428 rini
1371 1363 1424 1427 irae
1439 1363 1543 1428 luroris
1558 1363 1684 1430 Domini.

183 1475 232 1537 ab.
250 1473 368 1554 Vinum,
388 1493 471 1540 sacra
486 1475 646 1559 Scriptura,
663 1485 800 1561 rectaque
814 1475 957 1542 doctrina.
975 1476 1058 1542 Unde
1073 1496 1124 1564 per
1139 1479 1254 1544 Esaiam
1275 1479 1313 1545 ad
1327 1479 1445 1544 ludaeos
1467 1479 1587 1546 dicitur:
1605 1482 1686 1547 Cau-

143 1607 233 1672 pones
249 1591 291 1655 tui
306 1589 432 1656 miscunt
446 1608 552 1675 aquam
566 1592 648 1657 vino.

184 1697 234 1770 to.
251 1707 371 1786 Vinum,
389 1708 499 1792 [opera]
515 1706 649 1773 luxuria.
667 1707 701 1773 ln
717 1709 870 1792 Apostolo:
887 1707 983 1774 Nolite
998 1706 1135 1775 inebriari
1156 1709 1228 1775 vino
1245 1713 1286 1793 [p.
1304 1711 1353 1790 lib]
1373 1710 1402 1775 in
1422 1729 1479 1794 quo
1499 1722 1545 1777 est
1560 1712 1684 1776 luxuria.

145 1821 181 1884 Et
194 1821 281 1886 alibi:
296 1823 457 1888 Luxuriosa
471 1842 517 1888 res
531 1831 577 1888 est
591 1823 707 1889 vinum.

184 1939 233 2000 27.
249 1938 395 2018 Ebrietas,
408 1938 550 2005 sobrietas
563 1939 680 2006 mentis.
697 1940 731 2006 ln
746 1939 866 2005 Actibus
880 1940 1096 2024 Apostolorum:
1113 1939 1193 2005 Ebrii
1206 1948 1276 2006 sunt
1289 1941 1348 2006 isti.

185 2052 233 2117 28.
249 2052 397 2132 Ebrietas,
411 2054 530 2139 crapula
544 2053 694 2121 vitiorum.
710 2055 743 2119 ln
758 2053 938 2137 Evangelio:
956 2055 1115 2134 Attendite,
1129 2074 1167 2121 ne
1181 2065 1343 2138 graventur
1364 2057 1565 2130 cordavestra
1580 2058 1610 2124 in
1624 2078 1687 2124 era·

142 2168 212 2250 pulo
232 2176 262 2234 et
281 2167 312 2235 in
327 2169 477 2236 ebrietate.
495 2171 532 2236 Et
547 2170 577 2235 in
592 2170 761 2237 Salomone:
778 2171 864 2237 Velut
878 2170 903 2234 si
918 2170 1003 2255 spina
1019 2178 1156 2236 nascatur
1170 2172 1200 2236 in
1215 2189 1303 2237 manu
1317 2171 1436 2238 ebriosi.

182 2283 233 2346 29.
249 2282 415 2367 Sobrietas,
426 2285 629 2370 temperantia.
643 2288 677 2353 ln
692 2288 850 2373 Apostolo:
866 2287 1003 2371 Vigilate,
1016 2286 1116 2370 sobrii,
1132 2267 1162 2353 et
1176 2287 1267 2354 nolito
1281 2307 1412 2372 peccam.

183 2399 231 2462 30.
252 2401 382 2482 Acetum,
399 2403 543 2487 asperitas
557 2413 701 2488 corruptae
722 2404 838 2470 mentis.
865 2403 948 2469 Unde
968 2403 998 2469 in
1019 2404 1094 2468 libro
1114 2403 1246 2486 Numeri,
1268 2404 1426 2484 Nazaraeis
1442 2405 1491 2490 qui
1507 2425 1540 2472 se
1554 2407 1685 2471 sanctiti-

139 2514 251 2582 eabuni
264 2515 401 2596 Domine,
416 2518 531 2599 vinum,
547 2517 635 2584 simul
648 2529 679 2584 et
692 2529 807 2586 acetum
821 2539 935 2588 sumere
949 2519 1127 2604 prohibitum
1142 2529 1197 2586 est.

182 2633 231 2696 at.
248 2632 358 2714 Sicera,
373 2634 483 2718 pcooati
498 2634 631 2718 dulcedo,
648 2635 697 2702 ubi
711 2645 742 2702 et
754 2656 853 2722 supra.

183 2748 232 2811 31.
248 2747 342 2830 Calin,
359 2748 458 2832 passio
471 2749 598 2815 Domini.
614 2750 648 2815 ln
662 2751 844 2834 Evangelio:
862 2753 988 2818 Potestis
1002 2752 1121 2818 calicem
1143 2752 1243 2819 bibere
1263 2772 1349 2836 quem
1370 2773 1425 2837 ego
1440 2753 1585 2820 bibiturus
1599 2755 1688 2819 sonti

184 2863 234 2928 33.
251 2864 344 2943 Calin,
360 2883 442 2932 sacra
456 2866 615 2951 Scriptura,
633 2868 662 2933 id
677 2879 722 2934 est
736 2869 794 2933 duo
807 2868 1005 2949 Testamenta,
1020 2878 1053 2935 ut
1068 2868 1187 2952 quidam
1202 2868 1315 2946 volunt,
1329 2869 1405 2933 siout
1420 2869 1449 2933 in
1464 2870 1626 2951 Evangelio
1641 2888 1687 2935 se-

142 2981 270 3046 eundum
285 2982 402 3065 Lucam,
418 2984 491 3050 duos
511 2984 627 3066 calices,
644 3005 733 3052 unum
754 2995 824 3051 ante
844 3003 967 3066 omnam,
983 2995 1013 3051 et
1027 2985 1116 3052 alium
1139 2995 1207 3070 post
1227 3003 1350 3063 omnam,
1369 2984 1398 3049 in
1421 2983 1529 3068 pascha
1546 2984 1687 3050 Dominus

142 3096 283 3178 apostolia
297 3097 453 3166 tradidisse
466 3100 583 3180 legitur.
662 3101 664 3106 '

184 3212 233 3276 31.
249 3211 342 3293 Calir,
355 3214 498 3298 supplicia
514 3226 706 3300 peccatorum.
723 3216 758 3282 ln
771 3215 901 3301 psalmo:
919 3215 1011 3300 lgnis,
1027 3215 1150 3301 sulphur
1163 3226 1194 3282 et
1207 3215 1329 3299 spiritus
1347 3214 1544 3299 prunellatam,
1558 3235 1627 3300 pars
1640 3237 1689 3281 ra·

140 3324 207 3390 licis
219 3344 329 3393 eorum.

186 3444 236 3510 ab.
252 3445 347 3529 Calir,
365 3447 514 3514 tribulatio
527 3447 599 3514 ritae
612 3449 778 3533 presentis,
794 3459 824 3514 et
844 3449 974 3515 vindicta
990 3450 1020 3514 in
1041 3467 1142 3516 omnes
1157 3457 1269 3530 gentes.
1287 3446 1320 3512 ln
1341 3446 1505 3513 Hieremia:
1521 3446 1627 3530 Accipe
1641 3465 1686 3511 ra-

144 3559 227 3626 lioem
243 3561 343 3642 istum,
358 3572 388 3628 et
400 3564 484 3630 dabis
498 3583 533 3630 er
548 3583 583 3630 eo
597 3565 698 3632 bibere
712 3567 750 3631 ad
764 3583 863 3633 omnes
877 3576 991 3650 gentes.

186 3680 235 3746 ao.
255 3683 296 3764 [p.
314 3681 363 3764 bb]
379 3680 477 3761 Vialae,
493 3681 626 3748 doctores
640 3683 671 3747 in
684 3683 824 3761 Ecclesia,
838 3683 936 3766 ampla
950 3685 1083 3750 doctrina
1098 3684 1206 3750 reierti.
1223 3684 1257 3747 ln
1271 3683 1383 3748 Exodo.

186 3797 236 3862 31.
252 3798 463 3883 Vialae,putens
474 3798 504 3864 in
516 3799 718 3883 peccatoribus
729 3798 772 3865 ira
784 3799 895 3865 divina.
907 3800 941 3866 ln
952 3799 1265 3884 Apoealypsizseptem
1277 3799 1353 3863 bale
1362 3798 1534 3864 novissimae
1547 3799 1685 3882 [transit.

187 3914 235 3980 38.
252 3913 375 3994 Merum,
395 3915 547 3981 sinceritas
558 3915 660 3999 judicii
680 3925 712 3981 et
732 3913 878 3995 remotis,
893 3914 943 3981 rel
958 3915 1036 3980 calor
1051 3915 1130 3982 lidei.
1147 3915 1180 3980 ln
1196 3913 1319 3997 psalmo:
1335 3916 1401 3983 Vini
1423 3917 1497 3981 meri
1518 3917 1622 3999 plenus
1643 3927 1689 3980 cst

144 4029 245 4096 mixto.

186 4147 234 4212 30.
251 4147 331 4226 laer,
348 4148 479 4213 ultimum
492 4148 606 4232 judicii.
624 4149 656 4214 ln
671 4147 798 4233 psalmo,
815 4148 1018 4216 Verumtamen
1034 4149 1089 4213 laer
1103 4151 1168 4233 ejus
1182 4167 1239 4213 non
1253 4159 1298 4214 est
1311 4148 1472 4214 exinanita.

178 4352 224 4410 20.
244 4355 347 4409 Jsrem.
368 4353 489 4424 x111,12.
509 4357 807 4413 corda-..retinentes
821 4356 890 4423 A,c
980 4353 1026 4408 27.
1047 4355 1110 4409 Act.
1130 4371 1160 4423 ιι,
1184 4351 1226 4422 15,
1245 4356 1408 4410 memoriter
1425 4353 1580 4410 adducitur.

143 4444 195 4513 sio,
209 4449 307 4516 aperto
319 4443 493 4514 hellenismo,
505 4446 539 4500 ob
552 4446 659 4516 καρδίαι,
673 4445 800 4517 idemque
815 4445 890 4499 infra
977 4443 1024 4499 28.
1046 4443 1112 4499 Luc.
1132 4459 1191 4512 xxr,
1210 4441 1263 4510 343
1283 4443 1364 4498 Prov.
1386 4458 1463 4511 xxvr,
1482 4441 1511 4496 9.

143 4533 265 4587 recurrit
282 4531 439 4588 luculenter
457 4533 486 4588 in
505 4537 533 4600 ἓ.
552 4553 583 4602 ιι,
602 4532 647 4588 86.
978 4531 1687 4604 29.1Peir.v,8.i.conjunctimcumpres.1v,2b.

178 4619 224 4676 21.
245 4621 288 4677 lo.
310 4635 350 4689 ιιι,
366 4619 412 4676 55.
426 4627 527 4677 uinum
544 4624 607 4678 init.
627 4622 731 4678 excidit
749 4622 778 4677 in
792 4622 822 4678 C.
835 4622 889 4678 Sed
978 4619 1023 4675 30.
1044 4622 1126 4675 Νιιιιι.
1147 4637 1185 4690 ur,
1205 4620 1251 4676 20.
1271 4650 1306 4662 -
1323 4619 1368 4675 32.
1390 4621 1491 4676 Matth.
1512 4637 1560 4688 xx,
1579 4619 1625 4676 22.

140 4726 225 4782 quam
243 4711 358 4781 egregie
378 4713 528 4764 etconcise
547 4711 652 4764 dictum
671 4710 704 4764 de
717 4713 767 4767 SS.
780 4711 889 4765 Euoba-
977 4706 1022 4761 33.
1044 4708 1110 4763 Luc.
1130 4724 1199 4777 xxrr,
1222 4705 1266 4775 17,
1286 4705 1332 4764 20.
1351 4737 1387 4750 -
1406 4707 1451 4762 30.
1472 4707 1518 4764 Pa.
1540 4725 1568 4775 x,
1588 4705 1616 4762 7.

141 4798 231 4852 ristia.
246 4825 281 4840 -·
292 4795 338 4856 22.
352 4799 454 4856 Matth.
468 4818 508 4867 rx,
531 4799 573 4854 17.
594 4799 670 4854 deest
684 4801 746 4855 inc
766 4818 888 4874 scaraps-
977 4796 1023 4852 35.
1043 4799 1220 4868 Jeremutxv,
1230 4795 1466 4867 15,l.libere,sed
1477 4811 1571 4868 graeca
1578 4797 1687 4851 desunt.

145 4888 217 4942 lium
230 4895 258 4942 et
276 4886 381 4960 legitur
400 4891 539 4946 mittendi.
978 4887 1023 4941 36.
1044 4888 1131 4943 Exod.
1152 4905 1219 4958 xxv,
1238 4887 1284 4943 20.
1304 4891 1400 4960 resecti
1420 4887 1451 4942 G.

179 4974 226 5029 23.
250 4977 297 5032 Ps.
313 4995 369 5046 urrr,
382 4978 410 5033 5.
422 4961 456 5020 -ἕ-
468 4977 513 5032 24.
528 4981 614 5050 Apoe.
629 4997 688 5048 ιιι,
702 4979 743 5037 15.
754 4997 816 5034 eum
830 4999 887 5035 var.
978 4975 1022 5030 37.
1043 4981 1129 5048 Apoe.
1143 4994 1190 5046 xv,
1203 4977 1233 5046 7,
1246 4995 1325 5050 aequs
1344 4975 1440 5048 libere,
1456 4975 1492 5032 'ui
1510 4975 1590 5031 solet.
1603 4977 1655 5033 Sed
1670 4978 1690 5032 C

179 5063 226 5122 25.
246 5066 282 5121 la.
303 5083 324 5134 1,
342 5066 388 5134 22,
408 5084 471 5121 cum
488 5084 554 5122 axx.
576 5072 694 5124 misceret
711 5071 746 5124 A.
943 5070 971 5120 et
989 5068 1013 5120 A
1033 5065 1172 5120 licentius:
1192 5071 1362 5122 novissimae
1380 5068 1464 5123 medi
1482 5066 1533 5119 sic.

179 5157 225 5210 20.
245 5155 317 5228 Epir.
338 5171 366 5226 ν,
383 5155 425 5211 18.
446 5175 500 5212 οιιι.
521 5175 606 5228 opera
619 5158 650 5226 0,
664 5159 711 5230 qui
729 5163 889 5214 constanter
979 5157 1024 5209 38.
1047 5156 1092 5212 Pa.
1112 5172 1188 5221 uxta,
1208 5156 1235 5210 9.
1252 5185 1284 5197 -
1297 5155 1343 5209 39.
1364 5157 1402 5211 lb.
1423 5159 1556 5210 ultimum
1570 5157 1688 5224 judicii,

144 5246 216 5318 legit
235 5249 359 5316 lusoria,
380 5249 529 5302 lucerinae.
944 5247 1060 5305 rotunde
1080 5261 1213 5316 graecum,
1227 5250 1253 5298 rt
1273 5249 1316 5305 τῆς
1336 5249 1436 5316 κρίσεως
1456 5245 1568 5312 ἔσχατον.
