<?xml version="1.0" encoding="UTF-8"?>
<!DOCTYPE html PUBLIC "-//W3C//DTD XHTML 1.0 Transitional//EN"
    "http://www.w3.org/TR/xhtml1/DTD/xhtml1-transitional.dtd">
<html xmlns="http://www.w3.org/1999/xhtml" xml:lang="en" lang="en">
 <head>
  <title>
</title>
<meta http-equiv="Content-Type" content="text/html;charset=utf-8" />
  <meta name='ocr-system' content='tesseract 3.04.00' />
  <meta name='ocr-capabilities' content='ocr_page ocr_carea ocr_par ocr_line ocrx_word'/>
</head>
<body>
  <div class='ocr_page' id='page_1' title='image "./analectasacrasp01pitrgoog_0010.png"; bbox 0 0 3976 6078; ppageno 0'>
   <div class='ocr_carea' id='block_1_1' title="bbox 974 581 1007 652">
    <p class='ocr_par' dir='ltr' id='par_1_1' title="bbox 974 581 1007 652">
     <span class='ocr_line' id='line_1_1' title="bbox 974 581 1007 652; baseline 0.03 -1"><span class='ocrx_word' id='word_1_1' title='bbox 974 581 1007 652; x_wconf 90' lang='lat'>11</span> 
     </span>
    </p>
   </div>
   <div class='ocr_carea' id='block_1_2' title="bbox 206 727 1775 3982">
    <p class='ocr_par' dir='ltr' id='par_1_2' title="bbox 206 727 1775 1739">
     <span class='ocr_line' id='line_1_2' title="bbox 299 727 1769 816; baseline 0.001 -16"><span class='ocrx_word' id='word_1_2' title='bbox 299 727 477 800; x_wconf 84' lang='lat' dir='ltr'>Caeterum</span> <span class='ocrx_word' id='word_1_3' title='bbox 503 729 612 798; x_wconf 92' lang='lat' dir='ltr'>etiam</span> <span class='ocrx_word' id='word_1_4' title='bbox 633 748 741 816; x_wconf 90' lang='lat' dir='ltr'>quum</span> <span class='ocrx_word' id='word_1_5' title='bbox 761 728 900 798; x_wconf 89' lang='lat' dir='ltr'>minuta</span> <span class='ocrx_word' id='word_1_6' title='bbox 923 727 1169 798; x_wconf 89' lang='lat' dir='ltr'>tantummodo</span> <span class='ocrx_word' id='word_1_7' title='bbox 1194 731 1230 797; x_wconf 89' lang='lat' dir='ltr'>et</span> <span class='ocrx_word' id='word_1_8' title='bbox 1253 728 1382 799; x_wconf 88' lang='lat' dir='ltr'>mutila</span> <span class='ocrx_word' id='word_1_9' title='bbox 1398 731 1585 816; x_wconf 83' lang='lat' dir='ltr'>segmenta</span> <span class='ocrx_word' id='word_1_10' title='bbox 1604 733 1769 802; x_wconf 86' lang='lat' dir='ltr'>veterum</span> 
     </span>
     <span class='ocr_line' id='line_1_3' title="bbox 207 847 1774 936; baseline 0.001 -19"><span class='ocrx_word' id='word_1_11' title='bbox 207 851 349 936; x_wconf 87' lang='lat' dir='ltr'>patrum</span> <span class='ocrx_word' id='word_1_12' title='bbox 368 852 516 935; x_wconf 88' lang='lat' dir='ltr'>repente</span> <span class='ocrx_word' id='word_1_13' title='bbox 533 847 724 935; x_wconf 88' lang='lat' dir='ltr'>prodeunt,</span> <span class='ocrx_word' id='word_1_14' title='bbox 742 867 786 916; x_wconf 87' lang='lat' dir='ltr'>ea</span> <span class='ocrx_word' id='word_1_15' title='bbox 809 847 999 934; x_wconf 78' lang='lat' dir='ltr'>negligere</span> <span class='ocrx_word' id='word_1_16' title='bbox 1016 851 1079 916; x_wconf 88' lang='lat' dir='ltr'>aut</span> <span class='ocrx_word' id='word_1_17' title='bbox 1097 849 1199 935; x_wconf 90' lang='lat' dir='ltr'>parvi</span> <span class='ocrx_word' id='word_1_18' title='bbox 1217 848 1333 918; x_wconf 85' lang='lat' dir='ltr'>lacere</span> <span class='ocrx_word' id='word_1_19' title='bbox 1352 849 1531 936; x_wconf 82' lang='lat' dir='ltr'>piaculum</span> <span class='ocrx_word' id='word_1_20' title='bbox 1551 855 1619 920; x_wconf 90' lang='lat' dir='ltr'>est.</span> <span class='ocrx_word' id='word_1_21' title='bbox 1638 851 1774 929; x_wconf 89' lang='lat' dir='ltr'>Quem-</span> 
     </span>
     <span class='ocr_line' id='line_1_4' title="bbox 208 964 1773 1052; baseline 0.001 -17"><span class='ocrx_word' id='word_1_22' title='bbox 208 967 398 1035; x_wconf 83' lang='lat' dir='ltr'>admodum</span> <span class='ocrx_word' id='word_1_23' title='bbox 420 966 514 1034; x_wconf 91' lang='lat' dir='ltr'>enim</span> <span class='ocrx_word' id='word_1_24' title='bbox 538 965 590 1033; x_wconf 90' lang='lat' dir='ltr'>rei</span> <span class='ocrx_word' id='word_1_25' title='bbox 615 964 831 1052; x_wconf 78' lang='lat' dir='ltr'>antiquariae</span> <span class='ocrx_word' id='word_1_26' title='bbox 861 964 1027 1034; x_wconf 89' lang='lat' dir='ltr'>alumnos</span> <span class='ocrx_word' id='word_1_27' title='bbox 1056 967 1163 1051; x_wconf 84' lang='lat' dir='ltr'>jurat</span> <span class='ocrx_word' id='word_1_28' title='bbox 1184 965 1244 1034; x_wconf 79' lang='lat' dir='ltr'>uel</span> <span class='ocrx_word' id='word_1_29' title='bbox 1268 972 1396 1035; x_wconf 87' lang='lat' dir='ltr'>trunca</span> <span class='ocrx_word' id='word_1_30' title='bbox 1416 968 1632 1038; x_wconf 88' lang='lat' dir='ltr'>numismata</span> <span class='ocrx_word' id='word_1_31' title='bbox 1667 969 1773 1039; x_wconf 92' lang='lat' dir='ltr'>colli·</span> 
     </span>
     <span class='ocr_line' id='line_1_5' title="bbox 207 1081 1775 1182; baseline 0.001 -30"><span class='ocrx_word' id='word_1_32' title='bbox 207 1103 308 1170; x_wconf 85' lang='lat' dir='ltr'>gere,</span> <span class='ocrx_word' id='word_1_33' title='bbox 334 1086 372 1151; x_wconf 93' lang='lat' dir='ltr'>et</span> <span class='ocrx_word' id='word_1_34' title='bbox 395 1083 515 1150; x_wconf 86' lang='lat' dir='ltr'>hiulca</span> <span class='ocrx_word' id='word_1_35' title='bbox 538 1100 686 1151; x_wconf 88' lang='lat' dir='ltr'>servare</span> <span class='ocrx_word' id='word_1_36' title='bbox 717 1083 994 1168; x_wconf 86' lang='lat' dir='ltr'>epigrammata,</span> <span class='ocrx_word' id='word_1_37' title='bbox 1021 1081 1160 1182; x_wconf 86' lang='lat' dir='ltr'>lacunis</span> <span class='ocrx_word' id='word_1_38' title='bbox 1197 1083 1344 1152; x_wconf 90' lang='lat' dir='ltr'>horrida</span> <span class='ocrx_word' id='word_1_39' title='bbox 1375 1088 1437 1153; x_wconf 89' lang='lat' dir='ltr'>aut</span> <span class='ocrx_word' id='word_1_40' title='bbox 1472 1085 1615 1154; x_wconf 89' lang='lat' dir='ltr'>soloecis</span> <span class='ocrx_word' id='word_1_41' title='bbox 1651 1087 1775 1157; x_wconf 91' lang='lat' dir='ltr'>detur-</span> 
     </span>
     <span class='ocr_line' id='line_1_6' title="bbox 206 1199 1772 1290; baseline 0.003 -21"><span class='ocrx_word' id='word_1_42' title='bbox 206 1206 302 1288; x_wconf 86' lang='lat' dir='ltr'>pata,</span> <span class='ocrx_word' id='word_1_43' title='bbox 328 1200 430 1288; x_wconf 91' lang='lat' dir='ltr'>parvi</span> <span class='ocrx_word' id='word_1_44' title='bbox 456 1199 683 1280; x_wconf 76' lang='lat' dir='ltr'>aestimanda,</span> <span class='ocrx_word' id='word_1_45' title='bbox 710 1199 780 1267; x_wconf 91' lang='lat' dir='ltr'>nisi</span> <span class='ocrx_word' id='word_1_46' title='bbox 806 1200 900 1286; x_wconf 89' lang='lat' dir='ltr'>quod</span> <span class='ocrx_word' id='word_1_47' title='bbox 924 1199 1096 1286; x_wconf 87' lang='lat' dir='ltr'>temporis</span> <span class='ocrx_word' id='word_1_48' title='bbox 1120 1203 1255 1280; x_wconf 87' lang='lat' dir='ltr'>notam,</span> <span class='ocrx_word' id='word_1_49' title='bbox 1282 1200 1459 1269; x_wconf 90' lang='lat' dir='ltr'>sermonis</span> <span class='ocrx_word' id='word_1_50' title='bbox 1479 1201 1650 1284; x_wconf 84' lang='lat' dir='ltr'>indolem,</span> <span class='ocrx_word' id='word_1_51' title='bbox 1677 1223 1772 1290; x_wconf 88' lang='lat' dir='ltr'>qua·</span> 
     </span>
     <span class='ocr_line' id='line_1_7' title="bbox 209 1315 1771 1404; baseline 0.003 -18"><span class='ocrx_word' id='word_1_52' title='bbox 209 1318 412 1403; x_wconf 90' lang='lat' dir='ltr'>liacumque</span> <span class='ocrx_word' id='word_1_53' title='bbox 437 1317 632 1386; x_wconf 89' lang='lat' dir='ltr'>vetustatis</span> <span class='ocrx_word' id='word_1_54' title='bbox 650 1315 871 1385; x_wconf 89' lang='lat' dir='ltr'>lineamenta</span> <span class='ocrx_word' id='word_1_55' title='bbox 888 1334 965 1403; x_wconf 89' lang='lat' dir='ltr'>prae</span> <span class='ocrx_word' id='word_1_56' title='bbox 982 1333 1022 1385; x_wconf 90' lang='lat' dir='ltr'>se</span> <span class='ocrx_word' id='word_1_57' title='bbox 1042 1315 1168 1384; x_wconf 86' lang='lat' dir='ltr'>ierant:</span> <span class='ocrx_word' id='word_1_58' title='bbox 1195 1317 1246 1385; x_wconf 85' lang='lat' dir='ltr'>ita</span> <span class='ocrx_word' id='word_1_59' title='bbox 1264 1318 1302 1385; x_wconf 92' lang='lat' dir='ltr'>et</span> <span class='ocrx_word' id='word_1_60' title='bbox 1317 1318 1448 1403; x_wconf 91' lang='lat' dir='ltr'>potiori</span> <span class='ocrx_word' id='word_1_61' title='bbox 1466 1319 1550 1404; x_wconf 74' lang='lat' dir='ltr'>iure</span> <span class='ocrx_word' id='word_1_62' title='bbox 1575 1320 1633 1388; x_wconf 90' lang='lat' dir='ltr'>vel</span> <span class='ocrx_word' id='word_1_63' title='bbox 1659 1322 1771 1390; x_wconf 93' lang='lat' dir='ltr'>mini-</span> 
     </span>
     <span class='ocr_line' id='line_1_8' title="bbox 207 1432 1771 1524; baseline 0.003 -20"><span class='ocrx_word' id='word_1_64' title='bbox 207 1454 266 1504; x_wconf 90' lang='lat' dir='ltr'>ma</span> <span class='ocrx_word' id='word_1_65' title='bbox 300 1435 371 1504; x_wconf 87' lang='lat' dir='ltr'>aevi</span> <span class='ocrx_word' id='word_1_66' title='bbox 395 1433 612 1504; x_wconf 88' lang='lat' dir='ltr'>antenicaeni</span> <span class='ocrx_word' id='word_1_67' title='bbox 644 1432 803 1518; x_wconf 81' lang='lat' dir='ltr'>uestigia</span> <span class='ocrx_word' id='word_1_68' title='bbox 838 1433 1035 1502; x_wconf 82' lang='lat' dir='ltr'>osculanda</span> <span class='ocrx_word' id='word_1_69' title='bbox 1068 1435 1163 1518; x_wconf 87' lang='lat' dir='ltr'>suut,</span> <span class='ocrx_word' id='word_1_70' title='bbox 1188 1432 1420 1519; x_wconf 88' lang='lat' dir='ltr'>quantumvis</span> <span class='ocrx_word' id='word_1_71' title='bbox 1455 1434 1499 1502; x_wconf 90' lang='lat' dir='ltr'>ad</span> <span class='ocrx_word' id='word_1_72' title='bbox 1524 1454 1588 1504; x_wconf 90' lang='lat' dir='ltr'>nos</span> <span class='ocrx_word' id='word_1_73' title='bbox 1612 1454 1725 1524; x_wconf 89' lang='lat' dir='ltr'>usque</span> <span class='ocrx_word' id='word_1_74' title='bbox 1751 1458 1771 1509; x_wconf 91' lang='lat' dir='ltr'>e</span> 
     </span>
     <span class='ocr_line' id='line_1_9' title="bbox 208 1550 1772 1642; baseline 0.004 -22"><span class='ocrx_word' id='word_1_75' title='bbox 208 1551 437 1638; x_wconf 88' lang='lat' dir='ltr'>sterquilinio</span> <span class='ocrx_word' id='word_1_76' title='bbox 472 1551 749 1620; x_wconf 89' lang='lat' dir='ltr'>scholiastarum</span> <span class='ocrx_word' id='word_1_77' title='bbox 791 1553 829 1618; x_wconf 88' lang='lat' dir='ltr'>et</span> <span class='ocrx_word' id='word_1_78' title='bbox 861 1569 942 1618; x_wconf 91' lang='lat' dir='ltr'>cum</span> <span class='ocrx_word' id='word_1_79' title='bbox 975 1550 1067 1619; x_wconf 83' lang='lat' dir='ltr'>laeda</span> <span class='ocrx_word' id='word_1_80' title='bbox 1102 1551 1361 1638; x_wconf 88' lang='lat' dir='ltr'>incomptorum</span> <span class='ocrx_word' id='word_1_81' title='bbox 1402 1551 1562 1622; x_wconf 87' lang='lat' dir='ltr'>codicum</span> <span class='ocrx_word' id='word_1_82' title='bbox 1603 1554 1772 1642; x_wconf 82' lang='lat' dir='ltr'>rubigine</span> 
     </span>
     <span class='ocr_line' id='line_1_10' title="bbox 209 1669 517 1739; baseline -0.01 -1"><span class='ocrx_word' id='word_1_83' title='bbox 209 1669 517 1739; x_wconf 81' lang='lat' dir='ltr'>transmittantur.</span> 
     </span>
    </p>

    <p class='ocr_par' dir='ltr' id='par_1_3' title="bbox 206 1785 1774 3982">
     <span class='ocr_line' id='line_1_11' title="bbox 300 1785 1772 1874; baseline 0.002 -18"><span class='ocrx_word' id='word_1_84' title='bbox 300 1787 400 1864; x_wconf 85' lang='lat' dir='ltr'>Quod</span> <span class='ocrx_word' id='word_1_85' title='bbox 423 1805 510 1855; x_wconf 84' lang='lat' dir='ltr'>vero</span> <span class='ocrx_word' id='word_1_86' title='bbox 534 1787 675 1873; x_wconf 89' lang='lat' dir='ltr'>spectat</span> <span class='ocrx_word' id='word_1_87' title='bbox 709 1786 752 1853; x_wconf 92' lang='lat' dir='ltr'>ad</span> <span class='ocrx_word' id='word_1_88' title='bbox 777 1785 866 1854; x_wconf 87' lang='lat' dir='ltr'>haec</span> <span class='ocrx_word' id='word_1_89' title='bbox 901 1786 1126 1855; x_wconf 88' lang='lat' dir='ltr'>antenicecna</span> <span class='ocrx_word' id='word_1_90' title='bbox 1149 1785 1343 1866; x_wconf 73' lang='lat' dir='ltr'>anecdota,</span> <span class='ocrx_word' id='word_1_91' title='bbox 1367 1806 1475 1873; x_wconf 81' lang='lat' dir='ltr'>qurum</span> <span class='ocrx_word' id='word_1_92' title='bbox 1512 1787 1647 1874; x_wconf 81' lang='lat' dir='ltr'>singuli</span> <span class='ocrx_word' id='word_1_93' title='bbox 1680 1792 1772 1866; x_wconf 74' lang='lat' dir='ltr'>scri-,</span> 
     </span>
     <span class='ocr_line' id='line_1_12' title="bbox 208 1903 1767 1992; baseline 0.002 -20"><span class='ocrx_word' id='word_1_94' title='bbox 208 1910 330 1992; x_wconf 90' lang='lat' dir='ltr'>ptores</span> <span class='ocrx_word' id='word_1_95' title='bbox 366 1923 432 1973; x_wconf 91' lang='lat' dir='ltr'>suo</span> <span class='ocrx_word' id='word_1_96' title='bbox 456 1904 609 1991; x_wconf 92' lang='lat' dir='ltr'>quisque</span> <span class='ocrx_word' id='word_1_97' title='bbox 645 1905 722 1972; x_wconf 88' lang='lat' dir='ltr'>loeo</span> <span class='ocrx_word' id='word_1_98' title='bbox 747 1903 887 1972; x_wconf 88' lang='lat' dir='ltr'>abunde</span> <span class='ocrx_word' id='word_1_99' title='bbox 912 1907 975 1972; x_wconf 90' lang='lat' dir='ltr'>aut</span> <span class='ocrx_word' id='word_1_100' title='bbox 1008 1905 1097 1974; x_wconf 89' lang='lat' dir='ltr'>satis</span> <span class='ocrx_word' id='word_1_101' title='bbox 1120 1903 1362 1982; x_wconf 87' lang='lat' dir='ltr'>declarentur,</span> <span class='ocrx_word' id='word_1_102' title='bbox 1388 1909 1552 1990; x_wconf 88' lang='lat' dir='ltr'>superest</span> <span class='ocrx_word' id='word_1_103' title='bbox 1576 1909 1615 1973; x_wconf 90' lang='lat' dir='ltr'>ut</span> <span class='ocrx_word' id='word_1_104' title='bbox 1638 1905 1675 1974; x_wconf 91' lang='lat' dir='ltr'>iu</span> <span class='ocrx_word' id='word_1_105' title='bbox 1711 1907 1767 1976; x_wconf 83' lang='lat' dir='ltr'>liis</span> 
     </span>
     <span class='ocr_line' id='line_1_13' title="bbox 208 2020 1768 2108; baseline 0.003 -20"><span class='ocrx_word' id='word_1_106' title='bbox 208 2022 406 2108; x_wconf 83' lang='lat' dir='ltr'>prooemiis,</span> <span class='ocrx_word' id='word_1_107' title='bbox 432 2026 529 2089; x_wconf 91' lang='lat' dir='ltr'>arcto</span> <span class='ocrx_word' id='word_1_108' title='bbox 553 2021 668 2089; x_wconf 92' lang='lat' dir='ltr'>limite</span> <span class='ocrx_word' id='word_1_109' title='bbox 692 2020 984 2107; x_wconf 81' lang='lat' dir='ltr'>circumscriptis,</span> <span class='ocrx_word' id='word_1_110' title='bbox 1010 2037 1152 2088; x_wconf 89' lang='lat' dir='ltr'>summa</span> <span class='ocrx_word' id='word_1_111' title='bbox 1185 2020 1304 2106; x_wconf 87' lang='lat' dir='ltr'>potius</span> <span class='ocrx_word' id='word_1_112' title='bbox 1329 2021 1513 2089; x_wconf 85' lang='lat' dir='ltr'>cacumine</span> <span class='ocrx_word' id='word_1_113' title='bbox 1551 2040 1670 2090; x_wconf 90' lang='lat' dir='ltr'>rerum</span> <span class='ocrx_word' id='word_1_114' title='bbox 1695 2025 1768 2094; x_wconf 93' lang='lat' dir='ltr'>cito</span> 
     </span>
     <span class='ocr_line' id='line_1_14' title="bbox 210 2136 1771 2228; baseline 0.002 -21"><span class='ocrx_word' id='word_1_115' title='bbox 210 2157 319 2208; x_wconf 91' lang='lat' dir='ltr'>cursu</span> <span class='ocrx_word' id='word_1_116' title='bbox 344 2141 381 2207; x_wconf 89' lang='lat' dir='ltr'>et</span> <span class='ocrx_word' id='word_1_117' title='bbox 416 2138 488 2206; x_wconf 82' lang='lat' dir='ltr'>levi</span> <span class='ocrx_word' id='word_1_118' title='bbox 524 2142 621 2206; x_wconf 89' lang='lat' dir='ltr'>tactu</span> <span class='ocrx_word' id='word_1_119' title='bbox 656 2138 819 2205; x_wconf 86' lang='lat' dir='ltr'>emetiar.</span> <span class='ocrx_word' id='word_1_120' title='bbox 858 2136 981 2205; x_wconf 81' lang='lat' dir='ltr'>Placet</span> <span class='ocrx_word' id='word_1_121' title='bbox 1004 2137 1100 2204; x_wconf 91' lang='lat' dir='ltr'>enim</span> <span class='ocrx_word' id='word_1_122' title='bbox 1136 2155 1236 2217; x_wconf 86' lang='lat' dir='ltr'>vero,</span> <span class='ocrx_word' id='word_1_123' title='bbox 1275 2136 1471 2206; x_wconf 84' lang='lat' dir='ltr'>novissima</span> <span class='ocrx_word' id='word_1_124' title='bbox 1494 2137 1600 2207; x_wconf 89' lang='lat' dir='ltr'>hacce</span> <span class='ocrx_word' id='word_1_125' title='bbox 1626 2145 1771 2228; x_wconf 90' lang='lat' dir='ltr'>tempe-</span> 
     </span>
     <span class='ocr_line' id='line_1_15' title="bbox 209 2238 1769 2345; baseline 0.003 -22"><span class='ocrx_word' id='word_1_126' title='bbox 209 2238 316 2335; x_wconf 81' lang='lat' dir='ltr'>state,</span> <span class='ocrx_word' id='word_1_127' title='bbox 344 2255 439 2322; x_wconf 91' lang='lat' dir='ltr'>iuter</span> <span class='ocrx_word' id='word_1_128' title='bbox 461 2254 560 2322; x_wconf 85' lang='lat' dir='ltr'>viros</span> <span class='ocrx_word' id='word_1_129' title='bbox 584 2254 770 2339; x_wconf 78' lang='lat' dir='ltr'>AnglicoS,</span> <span class='ocrx_word' id='word_1_130' title='bbox 795 2253 1040 2334; x_wconf 88' lang='lat' dir='ltr'>Germanicos,</span> <span class='ocrx_word' id='word_1_131' title='bbox 1074 2254 1201 2323; x_wconf 86' lang='lat' dir='ltr'>Slavos</span> <span class='ocrx_word' id='word_1_132' title='bbox 1236 2257 1272 2323; x_wconf 91' lang='lat' dir='ltr'>et</span> <span class='ocrx_word' id='word_1_133' title='bbox 1295 2257 1488 2336; x_wconf 77' lang='lat' dir='ltr'>nostrates,</span> <span class='ocrx_word' id='word_1_134' title='bbox 1515 2273 1603 2342; x_wconf 94' lang='lat' dir='ltr'>opus</span> <span class='ocrx_word' id='word_1_135' title='bbox 1628 2256 1671 2325; x_wconf 90' lang='lat' dir='ltr'>de</span> <span class='ocrx_word' id='word_1_136' title='bbox 1691 2259 1769 2345; x_wconf 93' lang='lat' dir='ltr'>pri-</span> 
     </span>
     <span class='ocr_line' id='line_1_16' title="bbox 211 2369 1769 2457; baseline 0.004 -19"><span class='ocrx_word' id='word_1_137' title='bbox 211 2391 328 2440; x_wconf 87' lang='lat' dir='ltr'>maeva</span> <span class='ocrx_word' id='word_1_138' title='bbox 345 2371 517 2439; x_wconf 75' lang='lat' dir='ltr'>Ecclesiae</span> <span class='ocrx_word' id='word_1_139' title='bbox 541 2370 745 2439; x_wconf 87' lang='lat' dir='ltr'>litteratura</span> <span class='ocrx_word' id='word_1_140' title='bbox 761 2369 915 2451; x_wconf 83' lang='lat' dir='ltr'>fervere,</span> <span class='ocrx_word' id='word_1_141' title='bbox 934 2370 1159 2439; x_wconf 89' lang='lat' dir='ltr'>crebrescere</span> <span class='ocrx_word' id='word_1_142' title='bbox 1183 2370 1316 2452; x_wconf 89' lang='lat' dir='ltr'>studia,</span> <span class='ocrx_word' id='word_1_143' title='bbox 1337 2371 1468 2440; x_wconf 82' lang='lat' dir='ltr'>saevire</span> <span class='ocrx_word' id='word_1_144' title='bbox 1492 2376 1769 2457; x_wconf 66' lang='lat' dir='ltr'>controversias</span> 
     </span>
     <span class='ocr_line' id='line_1_17' title="bbox 215 2487 1771 2575; baseline 0.003 -19"><span class='ocrx_word' id='word_1_145' title='bbox 215 2494 278 2556; x_wconf 91' lang='lat' dir='ltr'>aut</span> <span class='ocrx_word' id='word_1_146' title='bbox 301 2505 414 2556; x_wconf 84' lang='lat' dir='ltr'>nouos</span> <span class='ocrx_word' id='word_1_147' title='bbox 438 2488 541 2556; x_wconf 88' lang='lat' dir='ltr'>condi</span> <span class='ocrx_word' id='word_1_148' title='bbox 567 2487 678 2556; x_wconf 87' lang='lat' dir='ltr'>libros</span> <span class='ocrx_word' id='word_1_149' title='bbox 702 2491 765 2555; x_wconf 92' lang='lat' dir='ltr'>aut</span> <span class='ocrx_word' id='word_1_150' title='bbox 798 2490 940 2556; x_wconf 83' lang='lat' dir='ltr'>veteres</span> <span class='ocrx_word' id='word_1_151' title='bbox 964 2488 1144 2568; x_wconf 83' lang='lat' dir='ltr'>renovari3</span> <span class='ocrx_word' id='word_1_152' title='bbox 1171 2488 1278 2555; x_wconf 91' lang='lat' dir='ltr'>immo</span> <span class='ocrx_word' id='word_1_153' title='bbox 1308 2507 1388 2574; x_wconf 87' lang='lat' dir='ltr'>quae</span> <span class='ocrx_word' id='word_1_154' title='bbox 1412 2489 1598 2575; x_wconf 89' lang='lat' dir='ltr'>antiquata</span> <span class='ocrx_word' id='word_1_155' title='bbox 1621 2494 1658 2558; x_wconf 90' lang='lat' dir='ltr'>et</span> <span class='ocrx_word' id='word_1_156' title='bbox 1681 2511 1771 2560; x_wconf 92' lang='lat' dir='ltr'>con-</span> 
     </span>
     <span class='ocr_line' id='line_1_18' title="bbox 219 2602 1770 2694; baseline 0.003 -22"><span class='ocrx_word' id='word_1_157' title='bbox 219 2604 374 2672; x_wconf 89' lang='lat' dir='ltr'>clamata</span> <span class='ocrx_word' id='word_1_158' title='bbox 406 2604 634 2684; x_wconf 83' lang='lat' dir='ltr'>videbantur,</span> <span class='ocrx_word' id='word_1_159' title='bbox 673 2602 913 2688; x_wconf 90' lang='lat' dir='ltr'>redintegrari</span> <span class='ocrx_word' id='word_1_160' title='bbox 937 2623 978 2673; x_wconf 86' lang='lat' dir='ltr'>ae</span> <span class='ocrx_word' id='word_1_161' title='bbox 1007 2606 1091 2689; x_wconf 89' lang='lat' dir='ltr'>jnre</span> <span class='ocrx_word' id='word_1_162' title='bbox 1115 2603 1327 2690; x_wconf 90' lang='lat' dir='ltr'>postliminii</span> <span class='ocrx_word' id='word_1_163' title='bbox 1363 2603 1516 2694; x_wconf 84' lang='lat' dir='ltr'>restitui.</span> <span class='ocrx_word' id='word_1_164' title='bbox 1545 2607 1615 2674; x_wconf 91' lang='lat' dir='ltr'>Nec</span> <span class='ocrx_word' id='word_1_165' title='bbox 1639 2607 1770 2677; x_wconf 86' lang='lat' dir='ltr'>desunt</span> 
     </span>
     <span class='ocr_line' id='line_1_19' title="bbox 212 2719 1772 2806; baseline 0.003 -18"><span class='ocrx_word' id='word_1_166' title='bbox 212 2720 345 2789; x_wconf 87' lang='lat' dir='ltr'>acriter</span> <span class='ocrx_word' id='word_1_167' title='bbox 368 2720 570 2805; x_wconf 72' lang='lat' dir='ltr'>litigantes</span> <span class='ocrx_word' id='word_1_168' title='bbox 596 2738 747 2806; x_wconf 93' lang='lat' dir='ltr'>quorum</span> <span class='ocrx_word' id='word_1_169' title='bbox 772 2720 868 2787; x_wconf 91' lang='lat' dir='ltr'>inter</span> <span class='ocrx_word' id='word_1_170' title='bbox 897 2723 1082 2788; x_wconf 90' lang='lat' dir='ltr'>consertas</span> <span class='ocrx_word' id='word_1_171' title='bbox 1107 2737 1234 2788; x_wconf 89' lang='lat' dir='ltr'>manus</span> <span class='ocrx_word' id='word_1_172' title='bbox 1257 2738 1302 2787; x_wconf 91' lang='lat' dir='ltr'>ne</span> <span class='ocrx_word' id='word_1_173' title='bbox 1326 2719 1478 2805; x_wconf 85' lang='lat' dir='ltr'>digitum</span> <span class='ocrx_word' id='word_1_174' title='bbox 1503 2721 1646 2806; x_wconf 90' lang='lat' dir='ltr'>quidem</span> <span class='ocrx_word' id='word_1_175' title='bbox 1673 2723 1772 2793; x_wconf 90' lang='lat' dir='ltr'>inse-</span> 
     </span>
     <span class='ocr_line' id='line_1_20' title="bbox 211 2817 1769 2923; baseline 0.002 -17"><span class='ocrx_word' id='word_1_176' title='bbox 211 2835 290 2906; x_wconf 84' lang='lat' dir='ltr'>r&#39;cre</span> <span class='ocrx_word' id='word_1_177' title='bbox 326 2837 508 2906; x_wconf 86' lang='lat' dir='ltr'>volumus.</span> <span class='ocrx_word' id='word_1_178' title='bbox 534 2837 689 2904; x_wconf 84' lang='lat' dir='ltr'>sedeant</span> <span class='ocrx_word' id='word_1_179' title='bbox 712 2835 785 2914; x_wconf 89' lang='lat' dir='ltr'>alii,</span> <span class='ocrx_word' id='word_1_180' title='bbox 804 2836 945 2922; x_wconf 89' lang='lat' dir='ltr'>judices</span> <span class='ocrx_word' id='word_1_181' title='bbox 969 2839 1006 2905; x_wconf 90' lang='lat' dir='ltr'>et</span> <span class='ocrx_word' id='word_1_182' title='bbox 1028 2836 1165 2914; x_wconf 88' lang='lat' dir='ltr'>arbitri,</span> <span class='ocrx_word' id='word_1_183' title='bbox 1190 2817 1315 2922; x_wconf 89' lang='lat' dir='ltr'>quales</span> <span class='ocrx_word' id='word_1_184' title='bbox 1339 2836 1439 2904; x_wconf 86' lang='lat' dir='ltr'>luere</span> <span class='ocrx_word' id='word_1_185' title='bbox 1463 2837 1576 2905; x_wconf 90' lang='lat' dir='ltr'>nostri</span> <span class='ocrx_word' id='word_1_186' title='bbox 1603 2839 1769 2923; x_wconf 88' lang='lat' dir='ltr'>Maurini,</span> 
     </span>
     <span class='ocr_line' id='line_1_21' title="bbox 211 2952 1770 3043; baseline 0.001 -19"><span class='ocrx_word' id='word_1_187' title='bbox 211 2974 363 3042; x_wconf 86' lang='lat' dir='ltr'>quorum</span> <span class='ocrx_word' id='word_1_188' title='bbox 388 2958 531 3041; x_wconf 87' lang='lat' dir='ltr'>tempus</span> <span class='ocrx_word' id='word_1_189' title='bbox 555 2953 711 3020; x_wconf 92' lang='lat' dir='ltr'>nondum</span> <span class='ocrx_word' id='word_1_190' title='bbox 746 2953 945 3020; x_wconf 87' lang='lat' dir='ltr'>sententias</span> <span class='ocrx_word' id='word_1_191' title='bbox 977 2952 1087 3036; x_wconf 85' lang='lat' dir='ltr'>fregit</span> <span class='ocrx_word' id='word_1_192' title='bbox 1110 2956 1173 3020; x_wconf 89' lang='lat' dir='ltr'>aut</span> <span class='ocrx_word' id='word_1_193' title='bbox 1202 2953 1335 3021; x_wconf 89' lang='lat' dir='ltr'>arrosit</span> <span class='ocrx_word' id='word_1_194' title='bbox 1358 2953 1621 3035; x_wconf 76' lang='lat' dir='ltr'>auctoritatem·</span> <span class='ocrx_word' id='word_1_195' title='bbox 1655 2975 1770 3043; x_wconf 86' lang='lat' dir='ltr'>neque</span> 
     </span>
     <span class='ocr_line' id='line_1_22' title="bbox 210 3067 1771 3158; baseline 0.002 -18"><span class='ocrx_word' id='word_1_196' title='bbox 210 3074 358 3143; x_wconf 83' lang='lat' dir='ltr'>inorbo</span> <span class='ocrx_word' id='word_1_197' title='bbox 375 3073 609 3152; x_wconf 90' lang='lat' dir='ltr'>eruditorum,</span> <span class='ocrx_word' id='word_1_198' title='bbox 637 3073 719 3158; x_wconf 91' lang='lat' dir='ltr'>post</span> <span class='ocrx_word' id='word_1_199' title='bbox 737 3088 846 3137; x_wconf 94' lang='lat' dir='ltr'>unum</span> <span class='ocrx_word' id='word_1_200' title='bbox 871 3067 1072 3138; x_wconf 87' lang='lat' dir='ltr'>alterumve</span> <span class='ocrx_word' id='word_1_201' title='bbox 1096 3068 1282 3148; x_wconf 88' lang='lat' dir='ltr'>saeculum,</span> <span class='ocrx_word' id='word_1_202' title='bbox 1308 3069 1395 3136; x_wconf 90' lang='lat' dir='ltr'>adeo</span> <span class='ocrx_word' id='word_1_203' title='bbox 1413 3069 1634 3138; x_wconf 86' lang='lat' dir='ltr'>subvertitur</span> <span class='ocrx_word' id='word_1_204' title='bbox 1652 3092 1771 3142; x_wconf 91' lang='lat' dir='ltr'>rerum</span> 
     </span>
     <span class='ocr_line' id='line_1_23' title="bbox 210 3185 1768 3278; baseline -0.003 -15"><span class='ocrx_word' id='word_1_205' title='bbox 210 3191 331 3271; x_wconf 84' lang='lat' dir='ltr'>iacies,</span> <span class='ocrx_word' id='word_1_206' title='bbox 358 3195 398 3259; x_wconf 92' lang='lat' dir='ltr'>ut</span> <span class='ocrx_word' id='word_1_207' title='bbox 413 3209 494 3278; x_wconf 85' lang='lat' dir='ltr'>quae</span> <span class='ocrx_word' id='word_1_208' title='bbox 512 3193 666 3277; x_wconf 84' lang='lat' dir='ltr'>majores</span> <span class='ocrx_word' id='word_1_209' title='bbox 689 3187 804 3256; x_wconf 89' lang='lat' dir='ltr'>nostri</span> <span class='ocrx_word' id='word_1_210' title='bbox 829 3187 1030 3266; x_wconf 88' lang='lat' dir='ltr'>coluerunt,</span> <span class='ocrx_word' id='word_1_211' title='bbox 1057 3185 1307 3264; x_wconf 87' lang='lat' dir='ltr'>incendantur,</span> <span class='ocrx_word' id='word_1_212' title='bbox 1328 3187 1391 3251; x_wconf 90' lang='lat' dir='ltr'>aut</span> <span class='ocrx_word' id='word_1_213' title='bbox 1406 3203 1486 3270; x_wconf 88' lang='lat' dir='ltr'>quae</span> <span class='ocrx_word' id='word_1_214' title='bbox 1504 3197 1768 3277; x_wconf 86' lang='lat' dir='ltr'>cremaverunt,</span> 
     </span>
     <span class='ocr_line' id='line_1_24' title="bbox 208 3300 1770 3398; baseline -0.003 -20"><span class='ocrx_word' id='word_1_215' title='bbox 208 3309 350 3380; x_wconf 88' lang='lat' dir='ltr'>adorari</span> <span class='ocrx_word' id='word_1_216' title='bbox 376 3313 552 3398; x_wconf 88' lang='lat' dir='ltr'>oporteat.</span> <span class='ocrx_word' id='word_1_217' title='bbox 578 3311 647 3376; x_wconf 91' lang='lat' dir='ltr'>Per</span> <span class='ocrx_word' id='word_1_218' title='bbox 672 3325 728 3375; x_wconf 93' lang='lat' dir='ltr'>me</span> <span class='ocrx_word' id='word_1_219' title='bbox 756 3324 844 3392; x_wconf 88' lang='lat' dir='ltr'>ergo</span> <span class='ocrx_word' id='word_1_220' title='bbox 869 3305 964 3389; x_wconf 89' lang='lat' dir='ltr'>licet,</span> <span class='ocrx_word' id='word_1_221' title='bbox 985 3303 1151 3389; x_wconf 81' lang='lat' dir='ltr'>juniores</span> <span class='ocrx_word' id='word_1_222' title='bbox 1176 3304 1211 3369; x_wconf 88' lang='lat' dir='ltr'>et</span> <span class='ocrx_word' id='word_1_223' title='bbox 1238 3300 1393 3368; x_wconf 88' lang='lat' dir='ltr'>acriores</span> <span class='ocrx_word' id='word_1_224' title='bbox 1418 3300 1453 3367; x_wconf 88' lang='lat' dir='ltr'>in</span> <span class='ocrx_word' id='word_1_225' title='bbox 1478 3301 1590 3369; x_wconf 87' lang='lat' dir='ltr'>aciem</span> <span class='ocrx_word' id='word_1_226' title='bbox 1615 3323 1770 3376; x_wconf 89' lang='lat' dir='ltr'>concur-</span> 
     </span>
     <span class='ocr_line' id='line_1_25' title="bbox 207 3415 1774 3512; baseline -0.004 -16"><span class='ocrx_word' id='word_1_227' title='bbox 207 3431 302 3510; x_wconf 86' lang='lat' dir='ltr'>rant,</span> <span class='ocrx_word' id='word_1_228' title='bbox 320 3428 458 3497; x_wconf 87' lang='lat' dir='ltr'>vexilla</span> <span class='ocrx_word' id='word_1_229' title='bbox 473 3427 667 3508; x_wconf 82' lang='lat' dir='ltr'>ventilent,</span> <span class='ocrx_word' id='word_1_230' title='bbox 688 3425 831 3512; x_wconf 89' lang='lat' dir='ltr'>gladios</span> <span class='ocrx_word' id='word_1_231' title='bbox 848 3422 1113 3506; x_wconf 87' lang='lat' dir='ltr'>constriugant,</span> <span class='ocrx_word' id='word_1_232' title='bbox 1132 3437 1198 3486; x_wconf 89' lang='lat' dir='ltr'>nee</span> <span class='ocrx_word' id='word_1_233' title='bbox 1213 3415 1367 3484; x_wconf 86' lang='lat' dir='ltr'>vulnera</span> <span class='ocrx_word' id='word_1_234' title='bbox 1383 3416 1626 3486; x_wconf 81' lang='lat' dir='ltr'>reformident.</span> <span class='ocrx_word' id='word_1_235' title='bbox 1646 3421 1774 3490; x_wconf 87' lang='lat' dir='ltr'>Senio-</span> 
     </span>
     <span class='ocr_line' id='line_1_26' title="bbox 206 3534 1773 3628; baseline -0.006 -13"><span class='ocrx_word' id='word_1_236' title='bbox 206 3565 281 3616; x_wconf 92' lang='lat' dir='ltr'>rem</span> <span class='ocrx_word' id='word_1_237' title='bbox 306 3565 363 3614; x_wconf 91' lang='lat' dir='ltr'>me</span> <span class='ocrx_word' id='word_1_238' title='bbox 388 3545 597 3614; x_wconf 90' lang='lat' dir='ltr'>umbratilia</span> <span class='ocrx_word' id='word_1_239' title='bbox 621 3545 764 3628; x_wconf 90' lang='lat' dir='ltr'>decent,</span> <span class='ocrx_word' id='word_1_240' title='bbox 791 3560 857 3610; x_wconf 90' lang='lat' dir='ltr'>nec</span> <span class='ocrx_word' id='word_1_241' title='bbox 876 3542 986 3627; x_wconf 86' lang='lat' dir='ltr'>juvat</span> <span class='ocrx_word' id='word_1_242' title='bbox 1008 3535 1161 3622; x_wconf 89' lang='lat' dir='ltr'>strepitu</span> <span class='ocrx_word' id='word_1_243' title='bbox 1179 3551 1314 3602; x_wconf 87' lang='lat' dir='ltr'>vexare</span> <span class='ocrx_word' id='word_1_244' title='bbox 1336 3535 1499 3600; x_wconf 84' lang='lat' dir='ltr'>veterum</span> <span class='ocrx_word' id='word_1_245' title='bbox 1524 3534 1676 3605; x_wconf 86' lang='lat' dir='ltr'>cineres.</span> <span class='ocrx_word' id='word_1_246' title='bbox 1704 3540 1773 3607; x_wconf 90' lang='lat' dir='ltr'>Pa·</span> 
     </span>
     <span class='ocr_line' id='line_1_27' title="bbox 206 3647 1774 3742; baseline -0.004 -12"><span class='ocrx_word' id='word_1_247' title='bbox 206 3664 258 3732; x_wconf 90' lang='lat' dir='ltr'>cis</span> <span class='ocrx_word' id='word_1_248' title='bbox 282 3665 490 3733; x_wconf 75' lang='lat' dir='ltr'>monasticae</span> <span class='ocrx_word' id='word_1_249' title='bbox 515 3662 698 3742; x_wconf 89' lang='lat' dir='ltr'>alumnus,</span> <span class='ocrx_word' id='word_1_250' title='bbox 737 3658 875 3728; x_wconf 89' lang='lat' dir='ltr'>irenica</span> <span class='ocrx_word' id='word_1_251' title='bbox 910 3657 954 3726; x_wconf 94' lang='lat' dir='ltr'>de</span> <span class='ocrx_word' id='word_1_252' title='bbox 991 3650 1227 3722; x_wconf 88' lang='lat' dir='ltr'>antenicaeuis</span> <span class='ocrx_word' id='word_1_253' title='bbox 1257 3647 1410 3716; x_wconf 87' lang='lat' dir='ltr'>testibus</span> <span class='ocrx_word' id='word_1_254' title='bbox 1444 3654 1658 3732; x_wconf 84' lang='lat' dir='ltr'>argumenta</span> <span class='ocrx_word' id='word_1_255' title='bbox 1688 3672 1774 3740; x_wconf 87' lang='lat' dir='ltr'>pro-</span> 
     </span>
     <span class='ocr_line' id='line_1_28' title="bbox 206 3763 1773 3869; baseline -0.006 -22"><span class='ocrx_word' id='word_1_256' title='bbox 206 3797 350 3866; x_wconf 86' lang='lat' dir='ltr'>sequar,</span> <span class='ocrx_word' id='word_1_257' title='bbox 376 3783 465 3869; x_wconf 87' lang='lat' dir='ltr'>puta</span> <span class='ocrx_word' id='word_1_258' title='bbox 488 3782 532 3850; x_wconf 86' lang='lat' dir='ltr'>de</span> <span class='ocrx_word' id='word_1_259' title='bbox 557 3781 685 3848; x_wconf 91' lang='lat' dir='ltr'>horum</span> <span class='ocrx_word' id='word_1_260' title='bbox 712 3779 858 3848; x_wconf 90' lang='lat' dir='ltr'>testium</span> <span class='ocrx_word' id='word_1_261' title='bbox 884 3788 1035 3842; x_wconf 90' lang='lat' dir='ltr'>numero</span> <span class='ocrx_word' id='word_1_262' title='bbox 1060 3771 1096 3836; x_wconf 90' lang='lat' dir='ltr'>et</span> <span class='ocrx_word' id='word_1_263' title='bbox 1119 3766 1232 3852; x_wconf 91' lang='lat' dir='ltr'>copia,</span> <span class='ocrx_word' id='word_1_264' title='bbox 1255 3765 1298 3832; x_wconf 88' lang='lat' dir='ltr'>de</span> <span class='ocrx_word' id='word_1_265' title='bbox 1323 3763 1463 3831; x_wconf 90' lang='lat' dir='ltr'>dicendi</span> <span class='ocrx_word' id='word_1_266' title='bbox 1487 3763 1620 3847; x_wconf 89' lang='lat' dir='ltr'>indole,</span> <span class='ocrx_word' id='word_1_267' title='bbox 1646 3769 1689 3836; x_wconf 92' lang='lat' dir='ltr'>de</span> <span class='ocrx_word' id='word_1_268' title='bbox 1715 3769 1773 3837; x_wconf 92' lang='lat' dir='ltr'>bi-</span> 
     </span>
     <span class='ocr_line' id='line_1_29' title="bbox 206 3879 1770 3982; baseline -0.005 -19"><span class='ocrx_word' id='word_1_269' title='bbox 206 3896 298 3966; x_wconf 92' lang='lat' dir='ltr'>blico</span> <span class='ocrx_word' id='word_1_270' title='bbox 322 3899 454 3982; x_wconf 92' lang='lat' dir='ltr'>studio,</span> <span class='ocrx_word' id='word_1_271' title='bbox 479 3900 524 3969; x_wconf 90' lang='lat' dir='ltr'>de</span> <span class='ocrx_word' id='word_1_272' title='bbox 548 3899 669 3972; x_wconf 89' lang='lat' dir='ltr'>ethica</span> <span class='ocrx_word' id='word_1_273' title='bbox 692 3903 730 3966; x_wconf 92' lang='lat' dir='ltr'>et</span> <span class='ocrx_word' id='word_1_274' title='bbox 764 3892 966 3979; x_wconf 87' lang='lat' dir='ltr'>allegorica</span> <span class='ocrx_word' id='word_1_275' title='bbox 989 3883 1170 3962; x_wconf 91' lang='lat' dir='ltr'>methodo;</span> <span class='ocrx_word' id='word_1_276' title='bbox 1199 3880 1327 3968; x_wconf 90' lang='lat' dir='ltr'>quibus</span> <span class='ocrx_word' id='word_1_277' title='bbox 1350 3879 1561 3966; x_wconf 71' lang='lat' dir='ltr'>praelibatis</span> <span class='ocrx_word' id='word_1_278' title='bbox 1580 3882 1623 3950; x_wconf 93' lang='lat' dir='ltr'>de</span> <span class='ocrx_word' id='word_1_279' title='bbox 1642 3883 1770 3955; x_wconf 89' lang='lat' dir='ltr'>horum</span> 
     </span>
    </p>
   </div>
   <div class='ocr_carea' id='block_1_3' title="bbox 206 3999 1299 4104">
    <p class='ocr_par' dir='ltr' id='par_1_4' title="bbox 206 3999 1299 4104">
     <span class='ocr_line' id='line_1_30' title="bbox 206 3999 1299 4104; baseline -0.019 -20"><span class='ocrx_word' id='word_1_280' title='bbox 206 4016 469 4088; x_wconf 68' lang='lat' dir='ltr'>anecdotorum</span> <span class='ocrx_word' id='word_1_281' title='bbox 493 4018 588 4091; x_wconf 87' lang='lat' dir='ltr'>serie</span> <span class='ocrx_word' id='word_1_282' title='bbox 613 4019 650 4086; x_wconf 92' lang='lat' dir='ltr'>et</span> <span class='ocrx_word' id='word_1_283' title='bbox 669 4010 899 4104; x_wconf 85' lang='lat' dir='ltr'>supellectile</span> <span class='ocrx_word' id='word_1_284' title='bbox 925 4004 1070 4075; x_wconf 87' lang='lat' dir='ltr'>brevius</span> <span class='ocrx_word' id='word_1_285' title='bbox 1089 3999 1299 4070; x_wconf 88' lang='lat' dir='ltr'>edisseram.</span> 
     </span>
    </p>
   </div>
   <div class='ocr_carea' id='block_1_4' title="bbox 838 4303 1144 4382">
    <p class='ocr_par' dir='ltr' id='par_1_5' title="bbox 838 4303 1144 4382">
     <span class='ocr_line' id='line_1_31' title="bbox 838 4303 1144 4382; baseline -0.036 0"><span class='ocrx_word' id='word_1_286' title='bbox 838 4311 954 4382; x_wconf 85' lang='lat' dir='ltr'>PARS</span> <span class='ocrx_word' id='word_1_287' title='bbox 1000 4303 1144 4374; x_wconf 77' lang='lat' dir='ltr'>Pallen</span> 
     </span>
    </p>
   </div>
   <div class='ocr_carea' id='block_1_5' title="bbox 723 4499 1254 4568">
    <p class='ocr_par' dir='ltr' id='par_1_6' title="bbox 723 4499 1254 4568">
     <span class='ocr_line' id='line_1_32' title="bbox 723 4499 1254 4568; baseline -0.036 0"><span class='ocrx_word' id='word_1_288' title='bbox 723 4519 768 4568; x_wconf 77' lang='lat' dir='ltr'>DE</span> <span class='ocrx_word' id='word_1_289' title='bbox 793 4503 1051 4565; x_wconf 71' lang='lat' dir='ltr'>aurasicensis</span> <span class='ocrx_word' id='word_1_290' title='bbox 1076 4499 1254 4552; x_wconf 75' lang='lat' dir='ltr'>nunninus.</span> 
     </span>
    </p>
   </div>
   <div class='ocr_carea' id='block_1_6' title="bbox 982 4685 1011 4751">
    <p class='ocr_par' dir='ltr' id='par_1_7' title="bbox 982 4685 1011 4751">
     <span class='ocr_line' id='line_1_33' title="bbox 982 4685 1011 4751; baseline -0.276 1"><span class='ocrx_word' id='word_1_291' title='bbox 982 4685 1011 4751; x_wconf 91' lang='lat'>1.</span> 
     </span>
    </p>
   </div>
   <div class='ocr_carea' id='block_1_7' title="bbox 207 4998 1772 5462">
    <p class='ocr_par' dir='ltr' id='par_1_8' title="bbox 207 4998 1772 5462">
     <span class='ocr_line' id='line_1_34' title="bbox 294 4998 1772 5096; baseline -0.013 -1"><span class='ocrx_word' id='word_1_292' title='bbox 294 5027 464 5095; x_wconf 88' lang='lat' dir='ltr'>Undecim</span> <span class='ocrx_word' id='word_1_293' title='bbox 499 5025 546 5093; x_wconf 89' lang='lat' dir='ltr'>ad</span> <span class='ocrx_word' id='word_1_294' title='bbox 577 5035 759 5091; x_wconf 91' lang='lat' dir='ltr'>summum</span> <span class='ocrx_word' id='word_1_295' title='bbox 796 5010 910 5088; x_wconf 85' lang='lat' dir='ltr'>testes</span> <span class='ocrx_word' id='word_1_296' title='bbox 945 4998 1187 5070; x_wconf 87' lang='lat' dir='ltr'>antenicaenos</span> <span class='ocrx_word' id='word_1_297' title='bbox 1224 5015 1372 5066; x_wconf 90' lang='lat' dir='ltr'>numero</span> <span class='ocrx_word' id='word_1_298' title='bbox 1397 5003 1618 5088; x_wconf 86' lang='lat' dir='ltr'>computavit</span> <span class='ocrx_word' id='word_1_299' title='bbox 1654 5027 1772 5096; x_wconf 79' lang='lat' dir='ltr'>nuper</span> 
     </span>
     <span class='ocr_line' id='line_1_35' title="bbox 207 5114 1767 5227; baseline -0.011 -19"><span class='ocrx_word' id='word_1_300' title='bbox 207 5141 331 5210; x_wconf 91' lang='lat' dir='ltr'>doctus</span> <span class='ocrx_word' id='word_1_301' title='bbox 356 5143 530 5227; x_wconf 88' lang='lat' dir='ltr'>magister</span> <span class='ocrx_word' id='word_1_302' title='bbox 552 5131 780 5224; x_wconf 89' lang='lat' dir='ltr'>parisiensis,</span> <span class='ocrx_word' id='word_1_303' title='bbox 808 5137 898 5209; x_wconf 79' lang='lat' dir='ltr'>qrros</span> <span class='ocrx_word' id='word_1_304' title='bbox 915 5123 989 5187; x_wconf 86' lang='lat' dir='ltr'>tam</span> <span class='ocrx_word' id='word_1_305' title='bbox 1013 5114 1116 5200; x_wconf 91' lang='lat' dir='ltr'>copia</span> <span class='ocrx_word' id='word_1_306' title='bbox 1139 5131 1243 5198; x_wconf 88' lang='lat' dir='ltr'>quam</span> <span class='ocrx_word' id='word_1_307' title='bbox 1271 5117 1424 5199; x_wconf 89' lang='lat' dir='ltr'>pondere</span> <span class='ocrx_word' id='word_1_308' title='bbox 1449 5117 1601 5202; x_wconf 84' lang='lat' dir='ltr'>exiguos</span> <span class='ocrx_word' id='word_1_309' title='bbox 1628 5123 1767 5198; x_wconf 81' lang='lat' dir='ltr'>habuit.</span> 
     </span>
     <span class='ocr_line' id='line_1_36' title="bbox 209 5229 1771 5339; baseline -0.018 -15"><span class='ocrx_word' id='word_1_310' title='bbox 209 5255 364 5332; x_wconf 84' lang='lat' dir='ltr'>Quorum</span> <span class='ocrx_word' id='word_1_311' title='bbox 388 5261 508 5325; x_wconf 88' lang='lat' dir='ltr'>tamen</span> <span class='ocrx_word' id='word_1_312' title='bbox 535 5271 655 5339; x_wconf 91' lang='lat' dir='ltr'>opera,</span> <span class='ocrx_word' id='word_1_313' title='bbox 683 5249 719 5315; x_wconf 90' lang='lat' dir='ltr'>in</span> <span class='ocrx_word' id='word_1_314' title='bbox 745 5233 938 5328; x_wconf 89' lang='lat' dir='ltr'>parisiensi</span> <span class='ocrx_word' id='word_1_315' title='bbox 964 5249 1069 5315; x_wconf 81' lang='lat' dir='ltr'>quarn</span> <span class='ocrx_word' id='word_1_316' title='bbox 1095 5229 1218 5295; x_wconf 88' lang='lat' dir='ltr'>dieunt</span> <span class='ocrx_word' id='word_1_317' title='bbox 1249 5231 1465 5316; x_wconf 88' lang='lat' dir='ltr'>Patrologia,</span> <span class='ocrx_word' id='word_1_318' title='bbox 1500 5233 1595 5304; x_wconf 89' lang='lat' dir='ltr'>haud</span> <span class='ocrx_word' id='word_1_319' title='bbox 1619 5244 1771 5326; x_wconf 72' lang='lat' dir='ltr'>paucio.</span> 
     </span>
     <span class='ocr_line' id='line_1_37' title="bbox 210 5344 1765 5462; baseline -0.006 -25"><span class='ocrx_word' id='word_1_320' title='bbox 210 5388 267 5438; x_wconf 89' lang='lat' dir='ltr'>res</span> <span class='ocrx_word' id='word_1_321' title='bbox 292 5389 396 5460; x_wconf 85' lang='lat' dir='ltr'>quam</span> <span class='ocrx_word' id='word_1_322' title='bbox 422 5371 579 5462; x_wconf 83' lang='lat' dir='ltr'>quinque</span> <span class='ocrx_word' id='word_1_323' title='bbox 603 5370 640 5434; x_wconf 88' lang='lat' dir='ltr'>et</span> <span class='ocrx_word' id='word_1_324' title='bbox 662 5355 800 5451; x_wconf 86' lang='lat' dir='ltr'>uiginti</span> <span class='ocrx_word' id='word_1_325' title='bbox 837 5357 951 5418; x_wconf 91' lang='lat' dir='ltr'>tomos</span> <span class='ocrx_word' id='word_1_326' title='bbox 976 5344 1126 5433; x_wconf 91' lang='lat' dir='ltr'>implent</span> <span class='ocrx_word' id='word_1_327' title='bbox 1148 5345 1378 5432; x_wconf 82' lang='lat' dir='ltr'>ponderosos</span> <span class='ocrx_word' id='word_1_328' title='bbox 1415 5349 1575 5419; x_wconf 81' lang='lat' dir='ltr'>Totidem</span> <span class='ocrx_word' id='word_1_329' title='bbox 1601 5359 1765 5445; x_wconf 86' lang='lat' dir='ltr'>protulit,</span> 
     </span>
    </p>
   </div>
   <div class='ocr_carea' id='block_1_8' title="bbox 0 0 1995 6068">
    <p class='ocr_par' dir='ltr' id='par_1_9' title="bbox 0 0 1995 6068">
     <span class='ocr_line' id='line_1_38' title="bbox 0 0 1995 6068; baseline 0 0"><span class='ocrx_word' id='word_1_330' title='bbox 0 0 1995 6068; x_wconf 95' lang='lat' dir='ltr'> </span> 
     </span>
    </p>
   </div>
  </div>
 </body>
</html>
