3966 6120
759 477 1070 546 INSTRUCTlONUll
1092 478 1270 547 hhcflhltll

793 780 823 826 ru
844 779 959 828 rerrsus
975 763 1000 845 ι)
1023 779 1234 828 rrosronorrurr.

281 948 412 1014 Llllllll.
435 948 544 1014 lotor.
567 948 612 1014 hd
632 949 897 1033 evangelizandum
917 950 972 1018 llei
986 949 1120 1032 uerbum,
1134 949 1187 1034 qui
1201 949 1338 1034 apostoli,
1354 949 1461 1036 quihus
1475 967 1540 1020 sese
1553 951 1634 1018 orbis
1656 952 1789 1038 partibus

240 1056 427 1122 intulerunt?

281 1165 372 1248 Ileap.
395 1165 549 1245 Quantum
569 1173 672 1229 narrat
693 1165 826 1246 historia,
845 1164 1067 1232 Bartholomeos
1080 1164 1168 1231 lndos
1182 1168 1219 1246 ¹),
1234 1165 1362 1232 Thomas
1376 1163 1503 1232 tetendit
1517 1163 1548 1230 in
1561 1163 1696 1231 Parthos.
1712 1166 1788 1234 hlut-

242 1272 329 1339 theus
343 1271 509 1356 AEthiopes,
524 1271 658 1337 Andreas
671 1272 799 1338 Scithias
812 1273 1024 1356 praedieatione
1036 1271 1162 1340 molivit.
1178 1273 1328 1338 iohannes
1341 1271 1442 1338 Asiam
1455 1270 1560 1336 diuino
1574 1288 1709 1338 sermone
1727 1290 1790 1338 cor·

241 1383 329 1448 rexit.
351 1382 457 1449 Petrus
477 1380 696 1466 Cappadociam
716 1391 805 1465 alque
826 1383 986 1463 Galatiam,
1009 1382 1198 1448 heithaniam
1219 1381 1329 1464 pariter
1348 1389 1379 1446 el
1399 1381 1535 1461 Pontum,
1557 1380 1790 1464 prouinciasque

242 1491 385 1573 eonllnes,
398 1493 494 1558 Deum
508 1491 619 1558 taleis
634 1490 810 1573 praedieens,
823 1490 943 1568 circuit;
960 1499 1106 1572 postremo
1120 1489 1242 1554 Romam
1257 1486 1465 1552 inlustraturus
1478 1486 1613 1554 accessit.
1628 1486 1738 1552 Paulus
1750 1487 1789 1552 eh

242 1598 425 1665 Hierusalem
445 1617 541 1682 usque
561 1599 600 1664 ad
620 1596 761 1664 illiricum
783 1601 886 1681 [cum]
910 1598 1104 1682 Euangelium
1125 1597 1311 1681 replevisset,
1332 1605 1392 1663 tam
1413 1596 1582 1664 innumeras
1601 1615 1638 1662 ac
1656 1596 1789 1682 dispareo

242 1707 377 1772 nationes
397 1707 563 1790 preceptis,
585 1715 734 1791 nmquam
755 1708 823 1789 ar[l.
847 1707 990 1790 111]mis,
1011 1707 1107 1775 victor
1126 1706 1267 1773 edomuit.

282 1813 427 1878 LXllllll.
444 1813 549 1878 Inter.
565 1813 646 1895 Quid
661 1813 733 1878 illud
748 1813 887 1897 estquod
902 1815 932 1878 in
947 1814 1070 1880 letibus
1083 1814 1282 1899 apostolorum
1295 1818 1332 1896 ⁸),
1348 1813 1503 1882 duodecim
1515 1813 1559 1879 illi
1574 1811 1625 1896 qui
1645 1811 1790 1880 iohannis

243 1919 392 2004 baptismo
412 1921 555 2004 baptizati
577 1921 703 2002 luerent,
727 1921 831 1990 iterum
851 1922 1043 2007 baptizantur
1063 1923 1101 1988 ab
1121 1923 1254 2011 apostolo
1273 1922 1390 1988 Paulo?

282 2027 374 2111 Rerp.
388 2027 451 2093 lloe
462 2026 569 2093 idcirco
582 2028 652 2111 quia
666 2045 727 2096 non
740 2029 773 2094 in
787 2030 905 2096 nornine
918 2031 1075 2096 Trinitatis
1085 2030 1228 2113 baptizali
1239 2039 1334 2096 erant.
1347 2030 1528 2114 Baptismum
1540 2029 1619 2097 enim
1629 2028 1787 2108 iohannis,

243 2134 313 2201 licet
332 2139 365 2201 in
385 2137 492 2219 ecqui
512 2145 659 2203 uenturus
679 2146 754 2216 erat,
776 2137 948 2221 baptizaret,
972 2148 1071 2204 tamen
1091 2139 1207 2222 proprie
1227 2136 1370 2205 iohannis
1390 2137 1554 2222 baptismus
1574 2136 1690 2203 dicitur.
1706 2137 1791 2204 Unde

160 2302 165 2309 .
242 2243 281 2307 ah
302 2242 440 2309 hereticis
460 2243 614 2310 uenientes
634 2263 694 2309 uon
715 2246 904 2330 baptizantur
924 2267 942 2313 a
963 2247 1060 2326 nohis,
1075 2247 1100 2313 si
1116 2247 1282 2332 baptizatos
1296 2254 1412 2314 constat
1433 2246 1463 2312 in
1485 2246 1606 2313 nomine
1621 2244 1789 2325 Trinitatis,

243 2345 303 2410 nisi
323 2347 465 2428 impositio
487 2356 600 2414 nutum
621 2365 726 2416 manus
746 2350 784 2416 ad
805 2351 892 2417 iidem
910 2360 1020 2418 rectam
1039 2351 1191 2420 conuersis
1211 2353 1400 2436 adhiheatur,
1416 2362 1448 2420 ut
1460 2352 1603 2437 perhanc
1615 2347 1711 2419 seneli
1725 2353 1790 2436 Spi-

241 2453 318 2520 ritus
337 2453 515 2539 suscipiatur
536 2455 656 2522 inlusio.

816 2693 889 2740 llice.
912 2693 1047 2742 EPISTULA
1067 2694 1215 2742 tealdum.

282 2887 393 2956 LXXV.
417 2888 524 2954 lotor.
547 2887 698 2956 lohannes
718 2889 750 2954 in
770 2889 896 2972 epistula
917 2905 970 2955 sua
997 2889 1069 2956 dicit
1083 2894 1126 2970 ⁴):
1153 2887 1223 2956 Trio
1242 2893 1310 2954 scol
1328 2905 1401 2973 poce
1423 2888 1612 2955 testimouium
1637 2887 1790 2972 perdiderit,

243 3011 332 3079 apoc,
354 2999 476 3076 scapeia
496 3001 524 3060 et
542 2997 673 3081 spiritur,
696 2995 768 3080 qnid
787 2995 820 3060 in
839 2994 895 3060 hoe
917 2993 1112 3078 [in]dicatur‘l

282 3102 375 3185 llesp.
398 3101 501 3169 Simile
521 3102 590 3167 huie
611 3103 674 3168 loco
694 3102 783 3168 etiam
804 3102 875 3168 illud
895 3103 967 3168 mihi
987 3101 1119 3182 ridetur,
1141 3101 1220 3186 quod
1241 3101 1280 3169 de
1298 3102 1435 3187 passione
1455 3102 1562 3170 Christi
1582 3101 1723 3188 loquitur,
1743 3102 1789 3170 di·

242 3231 329 3280 cens:
357 3211 435 3278 ocos
454 3210 579 3276 militum
601 3209 703 3277 hacco
716 3217 741 3291 ⁶)
762 3210 838 3276 lotor
858 3213 921 3294 ejus
948 3212 1077 3293 maort,
1100 3216 1130 3275 et
1147 3209 1280 3276 coctiaco
1299 3209 1372 3274 sciit
1390 3217 1511 3292 scopein
1530 3215 1559 3274 el
1576 3227 1671 3292 opuo,
1693 3214 1721 3274 el
1740 3209 1792 3293 pat

241 3320 320 3399 cidit,
340 3318 533 3384 testimouium
552 3317 707 3401 perhibuit.
730 3316 765 3384 ln
784 3318 888 3386 eodem
910 3320 974 3402 ipso
994 3318 1031 3386 de
1044 3317 1133 3384 lhesu
1146 3335 1236 3403 supra
1256 3317 1373 3385 dixerat
1386 3324 1429 3400 ο)ι
1444 3318 1592 3386 Inclinato
1606 3323 1711 3402 sopite,
1729 3326 1792 3385 tro·

243 3428 320 3493 didit
329 3429 470 3507 spiritura.
488 3427 616 3510 Quidam
631 3444 704 3510 ergo
717 3444 753 3491 er
769 3425 824 3492 hoo
837 3428 877 3493 ita
893 3427 1065 3512 disputant:
1081 3429 1176 3512 Aqua,
1191 3428 1381 3512 baptismum,
1397 3428 1519 3510 sanguis
1531 3426 1651 3495 ridetur
1663 3427 1793 3495 indicare

244 3538 433 3619 [martirium;
456 3537 580 3620 spiritus
594 3533 619 3617 τ)
633 3554 705 3601 uero
720 3535 784 3618 ipse
804 3546 858 3613 est,
873 3535 924 3620 qui
939 3540 1002 3619 per]
1018 3535 1192 3621 martyrium
1206 3535 1327 3603 transiit
1339 3535 1377 3601 ad
1390 3533 1560 3600 Dominum.
1576 3533 1680 3600 Plures
1694 3543 1793 3600 tamen

241 3641 291 3706 hio
305 3643 397 3724 ipsam
413 3642 652 3726 interpretatione
672 3640 790 3705 mistica
805 3644 828 3719 Β)
851 3639 1028 3722 intellegunt
1047 3639 1220 3705 Trinitatem
1238 3641 1269 3720 [l.
1288 3642 1374 3722 llll,
1390 3658 1426 3706 eo
1439 3640 1518 3725 quod
1537 3641 1666 3724 perlecta
1680 3645 1705 3720 ⁹)
1727 3639 1794 3722 ipse

243 3749 399 3832 perhibeat
419 3749 618 3815 testimonium
639 3747 771 3814 Christo:
792 3765 869 3832 aqua
891 3747 1008 3812 Patrem
1028 3747 1174 3828 indicans,
1191 3747 1259 3831 quia
1273 3747 1337 3831 ipse
1357 3748 1393 3814 de
1413 3765 1446 3814 se
1465 3747 1540 3814 dicit
1554 3752 1608 3828 ¹⁰):
1625 3747 1675 3813 Me
1691 3747 1792 3812 dereli-

243 3863 373 3941 poemat,
389 3857 498 3940 sontem
519 3873 612 3940 oquoe
625 3855 720 3933 vince
733 3855 878 3937 sanguine
892 3855 1041 3921 Christum
1055 3855 1270 3932 demonstrans,
1284 3855 1385 3939 utique
1405 3873 1458 3939 per
1472 3855 1619 3937 passionis
1639 3873 1790 3937 eruorem;

242 3963 347 4047 spiritu
373 3983 446 4031 uero
468 3971 602 4030 sanctum
627 3961 789 4046 [Spiritum]
814 3962 1016 4027 manifestans.
1038 3963 1109 4028 limo
1128 3972 1228 4027 autern
1251 3961 1306 4026 tria
1327 3961 1367 4025 ita
1389 3961 1427 4026 de
1453 3960 1570 4028 Christo
1592 3961 1792 4027 testimonium

240 4072 406 4156 perhibent,
430 4071 493 4156 ipso
514 4072 544 4136 in
564 4068 727 4152 Evangelio
747 4070 896 4153 loquente:
914 4067 978 4152 Epo
992 4087 1057 4134 rom
1071 4071 1121 4154 poi
1134 4069 1322 4134 testimoninm
1335 4075 1372 4150 ¹¹)
1387 4069 1517 4152 perhibeo
1538 4069 1572 4134 de
1586 4089 1640 4150 me,
1662 4077 1690 4134 et
1709 4072 1791 4135 lesti-

241 4182 367 4243 meatum
380 4177 525 4261 perdiderit
537 4176 571 4242 de
584 4196 637 4257 me,
655 4176 704 4259 poi
717 4194 760 4239 me
776 4175 857 4240 misit
871 4173 972 4240 Poler.
988 4175 1027 4239 lit
1043 4175 1164 4242 ilerum:
1181 4175 1253 4241 Cum
1267 4183 1362 4242 colem
1379 4176 1491 4241 oeoerit
1508 4163 1688 4259 Paracletus,
1712 4195 1793 4260 poem

241 4305 291 4370 epo
306 4289 419 4352 millam
431 4287 521 4366 colia
541 4285 686 4369 Spa'rilum
700 4285 838 4366 cordolio,
855 4285 905 4368 poi
919 4301 938 4349 o
953 4283 1045 4350 Polre
1056 4286 1194 4367 procedit,
1208 4282 1257 4348 ille
1272 4285 1457 4350 testimonium
1470 4283 1625 4368 perltleltt
1636 4289 1672 4366 ¹²)
1687 4284 1721 4349 de
1734 4303 1789 4350 ote.

276 4439 398 4498 Lxxrtr.
415 4438 488 4510 1)1n
499 4441 637 4495 mulus...
651 4439 719 4494 Cum
732 4437 863 4493 norohoo
878 4437 986 4494 scholio
1039 4437 1100 4494 eod.
1120 4435 1190 4494 loeo.
1211 4468 1246 4481 -
1264 4440 1294 4493 ln
1313 4439 1368 4494 tine
1387 4439 1448 4494 cod.
1468 4440 1631 4496 adhibetur.

239 4532 310 4586 ratis
327 4531 496 4586 conveniunt
510 4543 544 4582 ea
561 4545 624 4600 quea
644 4527 678 4581 ad
697 4532 823 4582 nostrum
835 4528 985 4599 Origenem
1077 4525 1190 4584 LXXV.
1212 4527 1241 4604 ⁴)
1262 4543 1271 4581 r
1289 4527 1389 4583 Johsn.
1409 4545 1437 4595 v,
1456 4527 1484 4582 8.
1504 4559 1540 4570 -
1557 4533 1580 4595 tl
1601 4529 1698 4586 lancia
1717 4528 1795 4587 0...

239 4619 387 4676 retulimus
411 4635 497 4691 supra
521 4636 551 4690 p.
570 4615 633 4685 344,
652 4617 780 4687 viamque
804 4618 936 4688 aperiunt
952 4617 986 4672 sd
1041 4620 1131 4672 ecrit...
1146 4621 1177 4673 in
1190 4617 1286 4674 eodem
1297 4622 1368 4688 ipso.
1388 4616 1425 4673 id.
1440 4647 1472 4658 -
1488 4618 1512 4690 ⁸)
1524 4618 1604 4673 ioan.
1617 4633 1676 4688 xrx,
1696 4615 1741 4672 st.
1757 4643 1794 4660 -

240 4710 425 4781 detegendum
437 4706 563 4763 libellum
576 4711 619 4763 De
631 4709 698 4764 loeis
710 4709 761 4763 uhi
773 4724 892 4778 corporo
904 4724 987 4778 opos-
1040 4703 1067 4778 7)
1078 4704 1187 4760 lnelusa
1197 4722 1231 4759 ex
1241 4705 1301 4762 edd.
1315 4705 1653 4780 necessariosupplenlur.
1666 4737 1697 4750 -
1707 4708 1730 4772 8)
1742 4711 1790 4764 in-

240 4802 362 4858 telorum
379 4810 406 4856 at
424 4799 664 4872 eoaopelr'sterum
681 4801 871 4868 requiescant,
888 4799 918 4851 in
936 4814 985 4851 ee·
1041 4800 1289 4865 cerprartattoaem
1301 4800 1457 4868 mysticam.
1472 4827 1507 4840 -
1522 4802 1545 4863 ο)
1560 4797 1606 4853 Sic
1626 4798 1711 4852 eliam
1729 4797 1793 4853 edd.

240 4891 298 4962 pite
317 4889 421 4945 codicis
439 4891 631 4943 memoratum.
650 4916 685 4929 -
700 4889 723 4959 1)
738 4889 859 4945 indies...
877 4887 987 4944 Jolran-
1036 4889 1180 4959 praefecta
1192 4887 1252 4943 cod.
1268 4887 1367 4944 Malim
1375 4890 1542 4959 perficium.
1555 4918 1591 4930 -
1605 4893 1640 4953 ¹⁰)
1654 4889 1789 4946 dom...

240 4985 321 5036 reia...
341 4979 470 5050 adque...
490 4979 674 5034 natitantem
692 4978 733 5032 sio
760 4977 863 5048 Clega
882 4979 986 5048 Bithy·
1041 4976 1297 5048 derelinquamur
1318 4979 1347 5034 C.
1375 4978 1477 5032 Jerem.
1502 4992 1539 5046 rr,
1561 4974 1604 5031 13.
1626 5007 1661 5020 -
1678 4978 1750 5034 Tum
1770 4976 1791 5031 G

239 5069 366 5136 roiam)...
386 5069 556 5138 replevissil.
576 5069 649 5122 Nola
667 5068 749 5123 sotir.
770 5069 888 5124 molivit.
1041 5070 1260 5139 sanquinem...
1281 5070 1415 5138 spiritum
1434 5083 1500 5124 aero
1517 5077 1626 5136 sancto,
1646 5068 1791 5139 sequimur

276 5157 399 5214 LXXIV.
416 5156 441 5232 ³)
463 5159 526 5212 Aet.
546 5173 603 5228 xrx,
623 5156 649 5212 l.
670 5185 705 5197 -
723 5158 900 5214 duodicim...
918 5175 988 5228 pro-
1042 5154 1104 5210 edd.
1116 5183 1147 5196 -
1161 5160 1195 5220 11)
1208 5156 1288 5211 loen.
1304 5172 1365 5224 rur,
1382 5153 1791 5228 18.-1¹)resrtmensop0rtrt-

238 5251 354 5319 prtae..
374 5249 557 5302 venientis...
577 5247 760 5317 baptismum,
781 5247 935 5316 baptismus
956 5246 986 5298 in
1043 5247 1121 5302 dehet
1139 5245 1169 5301 C.
1189 5273 1224 5287 -
1242 5247 1320 5306 Josn.
1340 5261 1386 5320 xv,
1409 5244 1454 5300 16.
