<?xml version="1.0" encoding="UTF-8"?>
<!DOCTYPE html PUBLIC "-//W3C//DTD XHTML 1.0 Transitional//EN"
    "http://www.w3.org/TR/xhtml1/DTD/xhtml1-transitional.dtd">
<html xmlns="http://www.w3.org/1999/xhtml" xml:lang="en" lang="en">
 <head>
  <title>
</title>
<meta http-equiv="Content-Type" content="text/html;charset=utf-8" />
  <meta name='ocr-system' content='tesseract 3.04.00' />
  <meta name='ocr-capabilities' content='ocr_page ocr_carea ocr_par ocr_line ocrx_word'/>
</head>
<body>
  <div class='ocr_page' id='page_1' title='image "./analectasacrasp01pitrgoog_0235.png"; bbox 0 0 3978 6086; ppageno 0'>
   <div class='ocr_carea' id='block_1_1' title="bbox 646 455 1697 533">
    <p class='ocr_par' dir='ltr' id='par_1_1' title="bbox 646 455 1697 533">
     <span class='ocr_line' id='line_1_1' title="bbox 646 455 1697 533; baseline 0.01 -10"><span class='ocrx_word' id='word_1_1' title='bbox 646 455 977 526; x_wconf 73' lang='lat' dir='ltr'><strong>mesulotttshus</strong></span> <span class='ocrx_word' id='word_1_2' title='bbox 996 460 1202 529; x_wconf 76' lang='lat' dir='ltr'><strong>autscotus</strong></span> <span class='ocrx_word' id='word_1_3' title='bbox 1639 467 1697 533; x_wconf 83' lang='lat' dir='ltr'><strong>llll</strong></span> 
     </span>
    </p>
   </div>
   <div class='ocr_carea' id='block_1_2' title="bbox 146 610 1702 1384">
    <p class='ocr_par' dir='ltr' id='par_1_2' title="bbox 146 610 1702 1384">
     <span class='ocr_line' id='line_1_2' title="bbox 188 610 1700 704; baseline 0.002 -24"><span class='ocrx_word' id='word_1_4' title='bbox 188 633 221 680; x_wconf 80' lang='lat' dir='ltr'><strong>r.</strong></span> <span class='ocrx_word' id='word_1_5' title='bbox 243 614 295 677; x_wconf 74' lang='grc'>11.</span> <span class='ocrx_word' id='word_1_6' title='bbox 318 612 392 678; x_wconf 84' lang='lat' dir='ltr'><strong>Tam</strong></span> <span class='ocrx_word' id='word_1_7' title='bbox 405 620 499 678; x_wconf 87' lang='lat' dir='ltr'><strong>metro</strong></span> <span class='ocrx_word' id='word_1_8' title='bbox 515 611 635 678; x_wconf 72' lang='lat' dir='ltr'><strong>lortasoe</strong></span> <span class='ocrx_word' id='word_1_9' title='bbox 649 629 738 696; x_wconf 84' lang='lat' dir='ltr'><strong>quam</strong></span> <span class='ocrx_word' id='word_1_10' title='bbox 752 610 867 676; x_wconf 89' lang='lat' dir='ltr'><strong>mulotis</strong></span> <span class='ocrx_word' id='word_1_11' title='bbox 880 611 1038 696; x_wconf 89' lang='lat' dir='ltr'><strong>impeditus</strong></span> <span class='ocrx_word' id='word_1_12' title='bbox 1052 623 1149 698; x_wconf 88' lang='lat' dir='ltr'><strong>poeto,</strong></span> <span class='ocrx_word' id='word_1_13' title='bbox 1167 613 1245 683; x_wconf 91' lang='lat' dir='ltr'><strong>haud</strong></span> <span class='ocrx_word' id='word_1_14' title='bbox 1261 615 1349 681; x_wconf 87' lang='lat' dir='ltr'><strong>semel</strong></span> <span class='ocrx_word' id='word_1_15' title='bbox 1368 620 1511 699; x_wconf 76' lang='lat' dir='ltr'><strong>peoonmt.</strong></span> <span class='ocrx_word' id='word_1_16' title='bbox 1534 618 1608 699; x_wconf 71' lang='lat' dir='ltr'><strong>Quae</strong></span> <span class='ocrx_word' id='word_1_17' title='bbox 1628 619 1700 704; x_wconf 91' lang='lat' dir='ltr'><strong>qui-</strong></span> 
     </span>
     <span class='ocr_line' id='line_1_3' title="bbox 146 719 1700 807; baseline 0.001 -19"><span class='ocrx_word' id='word_1_18' title='bbox 146 721 216 788; x_wconf 87' lang='lat' dir='ltr'><strong>dem</strong></span> <span class='ocrx_word' id='word_1_19' title='bbox 236 721 358 801; x_wconf 83' lang='lat' dir='ltr'><strong>menda,</strong></span> <span class='ocrx_word' id='word_1_20' title='bbox 381 729 415 786; x_wconf 89' lang='lat' dir='ltr'><strong>ut</strong></span> <span class='ocrx_word' id='word_1_21' title='bbox 434 728 465 786; x_wconf 93' lang='lat' dir='ltr'><strong>et</strong></span> <span class='ocrx_word' id='word_1_22' title='bbox 484 719 644 805; x_wconf 84' lang='lat' dir='ltr'><strong>superiore,</strong></span> <span class='ocrx_word' id='word_1_23' title='bbox 666 719 745 785; x_wconf 84' lang='lat' dir='ltr'><strong>haud</strong></span> <span class='ocrx_word' id='word_1_24' title='bbox 766 719 881 802; x_wconf 81' lang='lat' dir='ltr'><strong>ingrata</strong></span> <span class='ocrx_word' id='word_1_25' title='bbox 894 730 982 786; x_wconf 89' lang='lat' dir='ltr'><strong>erunt</strong></span> <span class='ocrx_word' id='word_1_26' title='bbox 998 721 1034 788; x_wconf 85' lang='lat' dir='ltr'><strong>iis</strong></span> <span class='ocrx_word' id='word_1_27' title='bbox 1048 723 1098 806; x_wconf 88' lang='lat' dir='ltr'><strong>qui</strong></span> <span class='ocrx_word' id='word_1_28' title='bbox 1112 723 1236 788; x_wconf 82' lang='lat' dir='ltr'><strong>sollicite</strong></span> <span class='ocrx_word' id='word_1_29' title='bbox 1249 721 1415 805; x_wconf 75' lang='lat' dir='ltr'><strong>sphalmata</strong></span> <span class='ocrx_word' id='word_1_30' title='bbox 1436 722 1622 807; x_wconf 85' lang='lat' dir='ltr'><strong>investigant</strong></span> <span class='ocrx_word' id='word_1_31' title='bbox 1640 742 1700 790; x_wconf 81' lang='lat' dir='ltr'><strong>ue-</strong></span> 
     </span>
     <span class='ocr_line' id='line_1_4' title="bbox 148 825 1699 913; baseline 0.002 -21"><span class='ocrx_word' id='word_1_32' title='bbox 148 826 314 894; x_wconf 84' lang='lat' dir='ltr'><strong>tustissima</strong></span> <span class='ocrx_word' id='word_1_33' title='bbox 334 826 366 892; x_wconf 92' lang='lat' dir='ltr'><strong>in</strong></span> <span class='ocrx_word' id='word_1_34' title='bbox 386 825 590 911; x_wconf 78' lang='lat' dir='ltr'><strong>diphthongis,</strong></span> <span class='ocrx_word' id='word_1_35' title='bbox 606 825 637 890; x_wconf 94' lang='lat' dir='ltr'><strong>in</strong></span> <span class='ocrx_word' id='word_1_36' title='bbox 657 825 888 905; x_wconf 62' lang='lat' dir='ltr'><strong>acoenonoetus</strong></span> <span class='ocrx_word' id='word_1_37' title='bbox 910 829 1001 908; x_wconf 88' lang='lat' dir='ltr'><strong>tonis;</strong></span> <span class='ocrx_word' id='word_1_38' title='bbox 1018 839 1051 893; x_wconf 90' lang='lat' dir='ltr'><strong>ut</strong></span> <span class='ocrx_word' id='word_1_39' title='bbox 1065 847 1133 912; x_wconf 77' lang='lat' dir='ltr'><strong>quae</strong></span> <span class='ocrx_word' id='word_1_40' title='bbox 1143 833 1203 913; x_wconf 83' lang='lat' dir='ltr'><strong>jam</strong></span> <span class='ocrx_word' id='word_1_41' title='bbox 1226 826 1255 893; x_wconf 91' lang='lat' dir='ltr'><strong>in</strong></span> <span class='ocrx_word' id='word_1_42' title='bbox 1277 827 1470 896; x_wconf 74' lang='lat' dir='ltr'>marmoribus</span> <span class='ocrx_word' id='word_1_43' title='bbox 1490 848 1508 895; x_wconf 87' lang='lat' dir='ltr'><strong>a</strong></span> <span class='ocrx_word' id='word_1_44' title='bbox 1529 831 1635 897; x_wconf 61' lang='lat' dir='ltr'><strong>merulo</strong></span> <span class='ocrx_word' id='word_1_45' title='bbox 1656 830 1699 896; x_wconf 94' lang='lat' dir='ltr'><strong>lll</strong></span> 
     </span>
     <span class='ocr_line' id='line_1_5' title="bbox 146 933 1701 1018; baseline 0 -18"><span class='ocrx_word' id='word_1_46' title='bbox 146 934 332 1017; x_wconf 79' lang='lat' dir='ltr'><strong>frequentia,</strong></span> <span class='ocrx_word' id='word_1_47' title='bbox 355 942 425 1000; x_wconf 91' lang='lat' dir='ltr'><strong>suut</strong></span> <span class='ocrx_word' id='word_1_48' title='bbox 444 934 557 1000; x_wconf 85' lang='lat' dir='ltr'><strong>rariora</strong></span> <span class='ocrx_word' id='word_1_49' title='bbox 578 933 609 998; x_wconf 93' lang='lat' dir='ltr'><strong>in</strong></span> <span class='ocrx_word' id='word_1_50' title='bbox 627 951 694 1001; x_wconf 78' lang='lat' dir='ltr'><strong>nuo</strong></span> <span class='ocrx_word' id='word_1_51' title='bbox 713 935 873 1018; x_wconf 74' lang='lat' dir='ltr'><strong>superiore.</strong></span> <span class='ocrx_word' id='word_1_52' title='bbox 895 935 957 1002; x_wconf 86' lang='lat' dir='ltr'><strong>Neo</strong></span> <span class='ocrx_word' id='word_1_53' title='bbox 976 937 1061 1002; x_wconf 90' lang='lat' dir='ltr'><strong>nohis</strong></span> <span class='ocrx_word' id='word_1_54' title='bbox 1079 937 1167 1002; x_wconf 88' lang='lat' dir='ltr'><strong>etium</strong></span> <span class='ocrx_word' id='word_1_55' title='bbox 1187 933 1325 1018; x_wconf 86' lang='lat' dir='ltr'><strong>displieet</strong></span> <span class='ocrx_word' id='word_1_56' title='bbox 1344 933 1445 1000; x_wconf 89' lang='lat' dir='ltr'><strong>sedulo</strong></span> <span class='ocrx_word' id='word_1_57' title='bbox 1472 944 1575 1002; x_wconf 85' lang='lat' dir='ltr'><strong>notare</strong></span> <span class='ocrx_word' id='word_1_58' title='bbox 1600 936 1649 1002; x_wconf 82' lang='lat' dir='ltr'><strong>uel</strong></span> <span class='ocrx_word' id='word_1_59' title='bbox 1670 935 1701 1001; x_wconf 94' lang='lat' dir='ltr'><strong>in</strong></span> 
     </span>
     <span class='ocr_line' id='line_1_6' title="bbox 149 1045 1701 1162; baseline 0.002 -50"><span class='ocrx_word' id='word_1_60' title='bbox 149 1045 286 1112; x_wconf 84' lang='lat' dir='ltr'><strong>restituto</strong></span> <span class='ocrx_word' id='word_1_61' title='bbox 306 1045 517 1162; x_wconf 83' lang='lat' dir='ltr'><strong>epigrammate</strong></span> <span class='ocrx_word' id='word_1_62' title='bbox 535 1063 602 1129; x_wconf 78' lang='lat' dir='ltr'><strong>qun</strong></span> <span class='ocrx_word' id='word_1_63' title='bbox 619 1046 680 1131; x_wconf 86' lang='lat' dir='ltr'><strong>jam</strong></span> <span class='ocrx_word' id='word_1_64' title='bbox 700 1045 857 1112; x_wconf 79' lang='lat' dir='ltr'><strong>innuimus:</strong></span> <span class='ocrx_word' id='word_1_65' title='bbox 874 1066 905 1113; x_wconf 82' lang='lat' dir='ltr'><strong>r.</strong></span> <span class='ocrx_word' id='word_1_66' title='bbox 917 1048 939 1136; x_wconf 76' lang='grc'><strong>11</strong></span> <span class='ocrx_word' id='word_1_67' title='bbox 963 1055 1111 1134; x_wconf 58' lang='grc'>1111111111.</span> <span class='ocrx_word' id='word_1_68' title='bbox 1134 1085 1172 1097; x_wconf 94' lang='grc'><strong>-</strong></span> <span class='ocrx_word' id='word_1_69' title='bbox 1194 1067 1224 1113; x_wconf 85' lang='lat' dir='ltr'><strong>r.</strong></span> <span class='ocrx_word' id='word_1_70' title='bbox 1249 1048 1266 1112; x_wconf 83' lang='lat' dir='ltr'><strong>l</strong></span> <span class='ocrx_word' id='word_1_71' title='bbox 1294 1055 1405 1146; x_wconf 67' lang='lat' dir='ltr'><strong>ohpdot,</strong></span> <span class='ocrx_word' id='word_1_72' title='bbox 1426 1082 1466 1097; x_wconf 90' lang='lat'><em>-</em></span> <span class='ocrx_word' id='word_1_73' title='bbox 1485 1066 1517 1111; x_wconf 81' lang='lat' dir='ltr'><strong>n.</strong></span> <span class='ocrx_word' id='word_1_74' title='bbox 1540 1047 1559 1112; x_wconf 88' lang='lat'><strong>8</strong></span> <span class='ocrx_word' id='word_1_75' title='bbox 1580 1052 1701 1144; x_wconf 74' lang='grc' dir='ltr'>Χρῦσδ-</span> 
     </span>
     <span class='ocr_line' id='line_1_7' title="bbox 149 1159 1701 1265; baseline -0.003 -25"><span class='ocrx_word' id='word_1_76' title='bbox 149 1170 269 1245; x_wconf 58' lang='lat' dir='ltr'><strong>eththa</strong></span> <span class='ocrx_word' id='word_1_77' title='bbox 292 1165 537 1264; x_wconf 65' lang='grc' dir='ltr'>Χρῧσῧπὲδῖλὸν.</span> <span class='ocrx_word' id='word_1_78' title='bbox 559 1205 595 1220; x_wconf 87' lang='lat'><strong>·-</strong></span> <span class='ocrx_word' id='word_1_79' title='bbox 616 1191 648 1238; x_wconf 74' lang='lat' dir='ltr'><strong>v.</strong></span> <span class='ocrx_word' id='word_1_80' title='bbox 673 1173 711 1237; x_wconf 69' lang='lat'><strong>12</strong></span> <span class='ocrx_word' id='word_1_81' title='bbox 731 1167 853 1242; x_wconf 78' lang='grc' dir='ltr'>πᾶντᾶς</span> <span class='ocrx_word' id='word_1_82' title='bbox 874 1168 974 1256; x_wconf 74' lang='grc' dir='ltr'>ἕσχὸν.</span> <span class='ocrx_word' id='word_1_83' title='bbox 997 1211 1037 1223; x_wconf 94' lang='grc'>-</span> <span class='ocrx_word' id='word_1_84' title='bbox 1056 1191 1088 1236; x_wconf 85' lang='lat' dir='ltr'><strong>v.</strong></span> <span class='ocrx_word' id='word_1_85' title='bbox 1113 1175 1151 1238; x_wconf 89' lang='grc'><strong>18</strong></span> <span class='ocrx_word' id='word_1_86' title='bbox 1172 1166 1419 1265; x_wconf 66' lang='grc' dir='ltr'>ἔῦδὸμῆκὸστον.</span> <span class='ocrx_word' id='word_1_87' title='bbox 1435 1208 1473 1220; x_wconf 92' lang='grc'><strong>-</strong></span> <span class='ocrx_word' id='word_1_88' title='bbox 1487 1191 1520 1236; x_wconf 84' lang='lat' dir='ltr'><strong>v.</strong></span> <span class='ocrx_word' id='word_1_89' title='bbox 1537 1174 1575 1237; x_wconf 87' lang='grc'><strong>19</strong></span> <span class='ocrx_word' id='word_1_90' title='bbox 1596 1159 1701 1244; x_wconf 72' lang='grc' dir='ltr'>εῦὶοἶιὸ</span> 
     </span>
     <span class='ocr_line' id='line_1_8' title="bbox 147 1273 1702 1384; baseline -0.003 -34"><span class='ocrx_word' id='word_1_91' title='bbox 147 1289 228 1384; x_wconf 61' lang='grc' dir='ltr'><strong>ὓπερ</strong></span> <span class='ocrx_word' id='word_1_92' title='bbox 248 1290 320 1373; x_wconf 67' lang='lat' dir='ltr'><strong>pou,</strong></span> <span class='ocrx_word' id='word_1_93' title='bbox 341 1281 390 1347; x_wconf 92' lang='lat' dir='ltr'><strong>ubi</strong></span> <span class='ocrx_word' id='word_1_94' title='bbox 412 1281 535 1346; x_wconf 83' lang='lat' dir='ltr'><strong>torusse</strong></span> <span class='ocrx_word' id='word_1_95' title='bbox 547 1278 739 1346; x_wconf 88' lang='lat' dir='ltr'><strong>inserendum</strong></span> <span class='ocrx_word' id='word_1_96' title='bbox 754 1273 783 1347; x_wconf 81' lang='grc' dir='ltr'><strong>δ’</strong></span> <span class='ocrx_word' id='word_1_97' title='bbox 797 1279 846 1347; x_wconf 82' lang='lat' dir='ltr'><strong>vel</strong></span> <span class='ocrx_word' id='word_1_98' title='bbox 860 1281 1008 1360; x_wconf 83' lang='lat' dir='ltr'><strong>digamma</strong></span> <span class='ocrx_word' id='word_1_99' title='bbox 1023 1290 1093 1348; x_wconf 91' lang='lat' dir='ltr'><strong>ante</strong></span> <span class='ocrx_word' id='word_1_100' title='bbox 1106 1282 1191 1374; x_wconf 79' lang='grc' dir='ltr'>ὑπὲρ,</span> <span class='ocrx_word' id='word_1_101' title='bbox 1206 1299 1287 1347; x_wconf 88' lang='lat' dir='ltr'><strong>more</strong></span> <span class='ocrx_word' id='word_1_102' title='bbox 1301 1281 1481 1346; x_wconf 81' lang='lat' dir='ltr'><strong>Batauorum</strong></span> <span class='ocrx_word' id='word_1_103' title='bbox 1495 1281 1702 1362; x_wconf 83' lang='lat' dir='ltr'><strong>grammatino·</strong></span> 
     </span>
    </p>
   </div>
   <div class='ocr_carea' id='block_1_3' title="bbox 150 1393 1702 1940">
    <p class='ocr_par' dir='ltr' id='par_1_3' title="bbox 150 1393 1702 1940">
     <span class='ocr_line' id='line_1_9' title="bbox 150 1393 1702 1499; baseline 0.003 -36"><span class='ocrx_word' id='word_1_104' title='bbox 150 1419 226 1464; x_wconf 84' lang='lat' dir='ltr'><strong>rum.</strong></span> <span class='ocrx_word' id='word_1_105' title='bbox 242 1433 283 1446; x_wconf 91' lang='lat'><em>-</em></span> <span class='ocrx_word' id='word_1_106' title='bbox 297 1419 328 1466; x_wconf 84' lang='grc' dir='ltr'><strong>ν.</strong></span> <span class='ocrx_word' id='word_1_107' title='bbox 351 1400 387 1463; x_wconf 72' lang='lat'><strong>21</strong></span> <span class='ocrx_word' id='word_1_108' title='bbox 403 1415 457 1483; x_wconf 93' lang='lat' dir='ltr'><strong>pro</strong></span> <span class='ocrx_word' id='word_1_109' title='bbox 477 1398 599 1487; x_wconf 77' lang='grc' dir='ltr'><strong>ταμείῳ</strong></span> <span class='ocrx_word' id='word_1_110' title='bbox 613 1404 770 1489; x_wconf 75' lang='lat' dir='ltr'><strong>requiritur</strong></span> <span class='ocrx_word' id='word_1_111' title='bbox 784 1416 953 1490; x_wconf 80' lang='lat' dir='ltr'><strong>anapestus</strong></span> <span class='ocrx_word' id='word_1_112' title='bbox 968 1393 1089 1499; x_wconf 69' lang='grc' dir='ltr'><strong>τᾶμῖᾧ.</strong></span> <span class='ocrx_word' id='word_1_113' title='bbox 1112 1441 1151 1452; x_wconf 97' lang='grc'><strong>-</strong></span> <span class='ocrx_word' id='word_1_114' title='bbox 1171 1425 1203 1471; x_wconf 84' lang='lat' dir='ltr'><strong>v.</strong></span> <span class='ocrx_word' id='word_1_115' title='bbox 1226 1408 1276 1471; x_wconf 74' lang='lat'><strong>22.</strong></span> <span class='ocrx_word' id='word_1_116' title='bbox 1297 1402 1443 1472; x_wconf 71' lang='lat' dir='ltr'><strong>Graviore</strong></span> <span class='ocrx_word' id='word_1_117' title='bbox 1462 1412 1493 1470; x_wconf 92' lang='lat' dir='ltr'><strong>et</strong></span> <span class='ocrx_word' id='word_1_118' title='bbox 1512 1404 1615 1469; x_wconf 88' lang='lat' dir='ltr'><strong>ultimo</strong></span> <span class='ocrx_word' id='word_1_119' title='bbox 1635 1404 1702 1469; x_wconf 85' lang='lat' dir='ltr'><strong>vul-</strong></span> 
     </span>
     <span class='ocr_line' id='line_1_10' title="bbox 150 1506 1700 1614; baseline -0.003 -24"><span class='ocrx_word' id='word_1_120' title='bbox 150 1534 221 1582; x_wconf 74' lang='lat' dir='ltr'><strong>nere</strong></span> <span class='ocrx_word' id='word_1_121' title='bbox 242 1524 380 1599; x_wconf 68' lang='lat' dir='ltr'><strong>90⁰le</strong></span> <span class='ocrx_word' id='word_1_122' title='bbox 404 1515 435 1578; x_wconf 92' lang='lat' dir='ltr'><strong>in</strong></span> <span class='ocrx_word' id='word_1_123' title='bbox 452 1515 634 1606; x_wconf 74' lang='grc' dir='ltr'>Ἱεραπόλει,</span> <span class='ocrx_word' id='word_1_124' title='bbox 656 1523 734 1607; x_wconf 89' lang='lat' dir='ltr'><strong>quod</strong></span> <span class='ocrx_word' id='word_1_125' title='bbox 755 1521 805 1589; x_wconf 85' lang='lat' dir='ltr'><strong>vel</strong></span> <span class='ocrx_word' id='word_1_126' title='bbox 819 1543 884 1592; x_wconf 86' lang='lat' dir='ltr'><strong>uum</strong></span> <span class='ocrx_word' id='word_1_127' title='bbox 903 1525 1080 1607; x_wconf 78' lang='lat' dir='ltr'><strong>digammate</strong></span> <span class='ocrx_word' id='word_1_128' title='bbox 1094 1523 1193 1604; x_wconf 87' lang='lat' dir='ltr'><strong>legere</strong></span> <span class='ocrx_word' id='word_1_129' title='bbox 1213 1531 1360 1607; x_wconf 75' lang='lat' dir='ltr'><strong>oporteret</strong></span> <span class='ocrx_word' id='word_1_130' title='bbox 1378 1506 1521 1613; x_wconf 67' lang='lat' dir='ltr'><strong>udrp&#39;ld·</strong></span> <span class='ocrx_word' id='word_1_131' title='bbox 1544 1521 1700 1614; x_wconf 74' lang='grc' dir='ltr'>ϊρλπδλεῐ,</span> 
     </span>
     <span class='ocr_line' id='line_1_11' title="bbox 154 1623 1700 1712; baseline -0.006 -18"><span class='ocrx_word' id='word_1_132' title='bbox 154 1629 224 1694; x_wconf 79' lang='lat' dir='ltr'><strong>llaec</strong></span> <span class='ocrx_word' id='word_1_133' title='bbox 244 1645 317 1694; x_wconf 85' lang='lat' dir='ltr'><strong>vero</strong></span> <span class='ocrx_word' id='word_1_134' title='bbox 338 1645 426 1712; x_wconf 86' lang='lat' dir='ltr'><strong>quam</strong></span> <span class='ocrx_word' id='word_1_135' title='bbox 445 1629 534 1712; x_wconf 89' lang='lat' dir='ltr'><strong>longe</strong></span> <span class='ocrx_word' id='word_1_136' title='bbox 554 1627 667 1694; x_wconf 88' lang='lat' dir='ltr'><strong>distant</strong></span> <span class='ocrx_word' id='word_1_137' title='bbox 686 1628 724 1692; x_wconf 88' lang='lat' dir='ltr'><strong>ab</strong></span> <span class='ocrx_word' id='word_1_138' title='bbox 744 1627 870 1711; x_wconf 79' lang='lat' dir='ltr'><strong>eleganti</strong></span> <span class='ocrx_word' id='word_1_139' title='bbox 892 1628 1094 1706; x_wconf 75' lang='lat' dir='ltr'><strong>Nerinorum,</strong></span> <span class='ocrx_word' id='word_1_140' title='bbox 1111 1625 1161 1708; x_wconf 90' lang='lat' dir='ltr'><strong>qui</strong></span> <span class='ocrx_word' id='word_1_141' title='bbox 1176 1643 1242 1690; x_wconf 92' lang='lat' dir='ltr'><strong>eum</strong></span> <span class='ocrx_word' id='word_1_142' title='bbox 1256 1625 1422 1693; x_wconf 83' lang='lat' dir='ltr'><strong>incredibili</strong></span> <span class='ocrx_word' id='word_1_143' title='bbox 1442 1644 1478 1692; x_wconf 87' lang='lat' dir='ltr'><strong>uo</strong></span> <span class='ocrx_word' id='word_1_144' title='bbox 1497 1643 1573 1709; x_wconf 90' lang='lat' dir='ltr'><strong>pene</strong></span> <span class='ocrx_word' id='word_1_145' title='bbox 1593 1623 1700 1690; x_wconf 77' lang='lat' dir='ltr'><strong>lentina</strong></span> 
     </span>
     <span class='ocr_line' id='line_1_12' title="bbox 152 1731 1702 1818; baseline -0.005 -16"><span class='ocrx_word' id='word_1_146' title='bbox 152 1737 300 1804; x_wconf 81' lang='lat' dir='ltr'><strong>uarietate</strong></span> <span class='ocrx_word' id='word_1_147' title='bbox 319 1735 351 1802; x_wconf 94' lang='lat' dir='ltr'><strong>in</strong></span> <span class='ocrx_word' id='word_1_148' title='bbox 371 1755 402 1804; x_wconf 90' lang='lat' dir='ltr'><strong>re</strong></span> <span class='ocrx_word' id='word_1_149' title='bbox 430 1738 567 1817; x_wconf 77' lang='lat' dir='ltr'><strong>funerea,</strong></span> <span class='ocrx_word' id='word_1_150' title='bbox 591 1735 669 1802; x_wconf 85' lang='lat' dir='ltr'><strong>haud</strong></span> <span class='ocrx_word' id='word_1_151' title='bbox 690 1732 787 1799; x_wconf 83' lang='lat' dir='ltr'><strong>minus</strong></span> <span class='ocrx_word' id='word_1_152' title='bbox 806 1753 894 1818; x_wconf 85' lang='lat' dir='ltr'><strong>quem</strong></span> <span class='ocrx_word' id='word_1_153' title='bbox 918 1734 971 1800; x_wconf 87' lang='lat' dir='ltr'><strong>tria</strong></span> <span class='ocrx_word' id='word_1_154' title='bbox 992 1743 1024 1798; x_wconf 92' lang='lat' dir='ltr'><strong>et</strong></span> <span class='ocrx_word' id='word_1_155' title='bbox 1050 1731 1204 1814; x_wconf 81' lang='lat' dir='ltr'><strong>sexaginta</strong></span> <span class='ocrx_word' id='word_1_156' title='bbox 1224 1741 1360 1815; x_wconf 84' lang='lat' dir='ltr'><strong>poemata</strong></span> <span class='ocrx_word' id='word_1_157' title='bbox 1380 1731 1485 1799; x_wconf 88' lang='lat' dir='ltr'><strong>elludit</strong></span> <span class='ocrx_word' id='word_1_158' title='bbox 1504 1731 1541 1796; x_wconf 90' lang='lat' dir='ltr'><strong>de</strong></span> <span class='ocrx_word' id='word_1_159' title='bbox 1562 1747 1620 1796; x_wconf 94' lang='lat' dir='ltr'><strong>uno</strong></span> <span class='ocrx_word' id='word_1_160' title='bbox 1643 1739 1702 1804; x_wconf 75' lang='grc' dir='ltr'><strong>τος</strong></span> 
     </span>
     <span class='ocr_line' id='line_1_13' title="bbox 155 1839 1267 1940; baseline -0.006 -28"><span class='ocrx_word' id='word_1_161' title='bbox 155 1841 374 1940; x_wconf 69' lang='grc' dir='ltr'>τυμῦωρυχίας</span> <span class='ocrx_word' id='word_1_162' title='bbox 395 1853 583 1929; x_wconf 85' lang='lat' dir='ltr'><strong>argumento:</strong></span> <span class='ocrx_word' id='word_1_163' title='bbox 606 1863 643 1911; x_wconf 87' lang='lat' dir='ltr'><strong>ex</strong></span> <span class='ocrx_word' id='word_1_164' title='bbox 662 1843 770 1928; x_wconf 86' lang='lat' dir='ltr'><strong>quibus</strong></span> <span class='ocrx_word' id='word_1_165' title='bbox 789 1843 897 1928; x_wconf 84' lang='lat' dir='ltr'><strong>duplex</strong></span> <span class='ocrx_word' id='word_1_166' title='bbox 916 1850 980 1908; x_wconf 90' lang='lat' dir='ltr'><strong>esto</strong></span> <span class='ocrx_word' id='word_1_167' title='bbox 1002 1860 1054 1925; x_wconf 89' lang='lat' dir='ltr'><strong>pro</strong></span> <span class='ocrx_word' id='word_1_168' title='bbox 1074 1839 1222 1907; x_wconf 86' lang='lat' dir='ltr'><strong>uoronide.</strong></span> <span class='ocrx_word' id='word_1_169' title='bbox 1239 1839 1267 1920; x_wconf 88' lang='lat'><strong>¹)</strong></span> 
     </span>
    </p>
   </div>
   <div class='ocr_carea' id='block_1_4' title="bbox 498 2044 1398 2469">
    <p class='ocr_par' dir='ltr' id='par_1_4' title="bbox 504 2044 1334 2256">
     <span class='ocr_line' id='line_1_14' title="bbox 504 2044 1334 2149; baseline -0.011 -24"><span class='ocrx_word' id='word_1_170' title='bbox 504 2059 650 2149; x_wconf 81' lang='grc' dir='ltr'>Σήματα,</span> <span class='ocrx_word' id='word_1_171' title='bbox 674 2057 727 2122; x_wconf 77' lang='grc' dir='ltr'><strong>καὶ</strong></span> <span class='ocrx_word' id='word_1_172' title='bbox 750 2047 862 2130; x_wconf 70' lang='grc' dir='ltr'>σποδιλ</span> <span class='ocrx_word' id='word_1_173' title='bbox 888 2055 942 2120; x_wconf 71' lang='grc' dir='ltr'><strong>καὶ</strong></span> <span class='ocrx_word' id='word_1_174' title='bbox 964 2053 1073 2133; x_wconf 72' lang='grc' dir='ltr'>ὀστέα,</span> <span class='ocrx_word' id='word_1_175' title='bbox 1098 2055 1164 2119; x_wconf 79' lang='grc' dir='ltr'>οἵτε</span> <span class='ocrx_word' id='word_1_176' title='bbox 1188 2044 1334 2144; x_wconf 80' lang='grc' dir='ltr'>πάρεδροι</span> 
     </span>
     <span class='ocr_line' id='line_1_15' title="bbox 542 2152 1289 2256; baseline -0.011 -26"><span class='ocrx_word' id='word_1_177' title='bbox 542 2167 700 2256; x_wconf 74' lang='grc' dir='ltr'>Δαίμονος,</span> <span class='ocrx_word' id='word_1_178' title='bbox 725 2169 753 2229; x_wconf 89' lang='lat' dir='ltr'><strong>ol</strong></span> <span class='ocrx_word' id='word_1_179' title='bbox 775 2161 921 2254; x_wconf 75' lang='grc' dir='ltr'>φθιμένου</span> <span class='ocrx_word' id='word_1_180' title='bbox 945 2163 1049 2227; x_wconf 75' lang='grc' dir='ltr'>ναίετε</span> <span class='ocrx_word' id='word_1_181' title='bbox 1070 2152 1163 2226; x_wconf 79' lang='grc' dir='ltr'>τόνδε</span> <span class='ocrx_word' id='word_1_182' title='bbox 1185 2159 1289 2249; x_wconf 83' lang='grc' dir='ltr'>λόφον,</span> 
     </span>
    </p>

    <p class='ocr_par' dir='ltr' id='par_1_5' title="bbox 498 2259 1398 2469">
     <span class='ocr_line' id='line_1_16' title="bbox 498 2259 1312 2362; baseline -0.01 -23"><span class='ocrx_word' id='word_1_183' title='bbox 498 2265 589 2339; x_wconf 71' lang='lat' dir='ltr'><strong>&#39;siud&#39;</strong></span> <span class='ocrx_word' id='word_1_184' title='bbox 614 2272 739 2362; x_wconf 80' lang='grc' dir='ltr'>ἀλιτρδν</span> <span class='ocrx_word' id='word_1_185' title='bbox 762 2267 912 2349; x_wconf 81' lang='grc' dir='ltr'>τίννυσθε,</span> <span class='ocrx_word' id='word_1_186' title='bbox 937 2271 968 2345; x_wconf 87' lang='grc' dir='ltr'><strong>ὅς</strong></span> <span class='ocrx_word' id='word_1_187' title='bbox 991 2268 1086 2358; x_wconf 77' lang='grc' dir='ltr'>ὑμέας</span> <span class='ocrx_word' id='word_1_188' title='bbox 1109 2259 1312 2345; x_wconf 73' lang='grc' dir='ltr'>ἐξαλάπαξεν.</span> 
     </span>
     <span class='ocr_line' id='line_1_17' title="bbox 543 2359 1398 2469; baseline -0.006 -23"><span class='ocrx_word' id='word_1_189' title='bbox 543 2388 612 2446; x_wconf 85' lang='grc' dir='ltr'><strong>Τῶν</strong></span> <span class='ocrx_word' id='word_1_190' title='bbox 637 2369 670 2445; x_wconf 79' lang='grc' dir='ltr'><strong>δὲ</strong></span> <span class='ocrx_word' id='word_1_191' title='bbox 692 2377 892 2469; x_wconf 80' lang='grc' dir='ltr'>περικτιόνων</span> <span class='ocrx_word' id='word_1_192' title='bbox 917 2368 1049 2467; x_wconf 78' lang='grc' dir='ltr'>δάκρυον</span> <span class='ocrx_word' id='word_1_193' title='bbox 1073 2376 1167 2465; x_wconf 80' lang='grc' dir='ltr'>ὔμμιν</span> <span class='ocrx_word' id='word_1_194' title='bbox 1190 2376 1282 2442; x_wconf 78' lang='lat' dir='ltr'><strong>dnos!</strong></span> <span class='ocrx_word' id='word_1_195' title='bbox 1388 2359 1398 2380; x_wconf 76' lang='lat'><em>⁰</em></span> 
     </span>
    </p>
   </div>
   <div class='ocr_carea' id='block_1_5' title="bbox 879 2565 983 2580">
    <p class='ocr_par' dir='ltr' id='par_1_6' title="bbox 879 2565 983 2580">
     <span class='ocr_line' id='line_1_18' title="bbox 879 2565 983 2580; baseline -0.029 0"><span class='ocrx_word' id='word_1_196' title='bbox 879 2565 983 2580; x_wconf 49' lang='grc' dir='ltr'>ρ</span> 
     </span>
    </p>
   </div>
   <div class='ocr_carea' id='block_1_6' title="bbox 500 2686 1363 3110">
    <p class='ocr_par' dir='ltr' id='par_1_7' title="bbox 500 2686 1362 2896">
     <span class='ocr_line' id='line_1_19' title="bbox 500 2686 1341 2794; baseline -0.012 -25"><span class='ocrx_word' id='word_1_197' title='bbox 500 2696 630 2794; x_wconf 65' lang='lat' dir='ltr'><strong>Tolphon,</strong></span> <span class='ocrx_word' id='word_1_198' title='bbox 653 2701 708 2767; x_wconf 74' lang='grc' dir='ltr'><strong>καὶ</strong></span> <span class='ocrx_word' id='word_1_199' title='bbox 732 2699 868 2778; x_wconf 71' lang='grc' dir='ltr'>σκοπιαὶ,</span> <span class='ocrx_word' id='word_1_200' title='bbox 891 2698 945 2763; x_wconf 74' lang='grc' dir='ltr'><strong>καὶ</strong></span> <span class='ocrx_word' id='word_1_201' title='bbox 968 2699 1068 2789; x_wconf 81' lang='grc' dir='ltr'>οὔρεα,</span> <span class='ocrx_word' id='word_1_202' title='bbox 1089 2696 1142 2761; x_wconf 86' lang='grc' dir='ltr'><strong>κα1</strong></span> <span class='ocrx_word' id='word_1_203' title='bbox 1164 2686 1341 2788; x_wconf 78' lang='grc' dir='ltr'>παροδῑται,</span> 
     </span>
     <span class='ocr_line' id='line_1_20' title="bbox 542 2795 1362 2896; baseline -0.012 -21"><span class='ocrx_word' id='word_1_204' title='bbox 542 2807 710 2875; x_wconf 80' lang='grc' dir='ltr'>Κλαΰσατε</span> <span class='ocrx_word' id='word_1_205' title='bbox 731 2799 850 2896; x_wconf 68' lang='grc' dir='ltr'>τΰμῦον</span> <span class='ocrx_word' id='word_1_206' title='bbox 874 2805 957 2895; x_wconf 74' lang='grc' dir='ltr'>ἐμὸν,</span> <span class='ocrx_word' id='word_1_207' title='bbox 973 2803 1134 2869; x_wconf 75' lang='grc' dir='ltr'>κλαύσατε</span> <span class='ocrx_word' id='word_1_208' title='bbox 1155 2795 1362 2891; x_wconf 69' lang='grc' dir='ltr'>τυμῧολίτην.</span> 
     </span>
    </p>

    <p class='ocr_par' dir='ltr' id='par_1_8' title="bbox 501 2906 1363 3110">
     <span class='ocr_line' id='line_1_21' title="bbox 501 2906 1363 3005; baseline -0.013 -23"><span class='ocrx_word' id='word_1_209' title='bbox 501 2914 583 3005; x_wconf 83' lang='grc' dir='ltr'><strong>Ἠχὼ</strong></span> <span class='ocrx_word' id='word_1_210' title='bbox 608 2906 635 2980; x_wconf 76' lang='grc' dir='ltr'><strong>δ’</strong></span> <span class='ocrx_word' id='word_1_211' title='bbox 659 2918 694 2979; x_wconf 84' lang='grc' dir='ltr'><strong>ἑκ</strong></span> <span class='ocrx_word' id='word_1_212' title='bbox 717 2911 876 2978; x_wconf 73' lang='grc' dir='ltr'>σκοπέλων</span> <span class='ocrx_word' id='word_1_213' title='bbox 900 2909 1048 3000; x_wconf 79' lang='grc' dir='ltr'>πυμάτης</span> <span class='ocrx_word' id='word_1_214' title='bbox 1072 2909 1145 2984; x_wconf 81' lang='grc' dir='ltr'>ὀπὸς</span> <span class='ocrx_word' id='word_1_215' title='bbox 1165 2908 1363 2998; x_wconf 76' lang='grc' dir='ltr'>ἀντιαχείτω,</span> 
     </span>
     <span class='ocr_line' id='line_1_22' title="bbox 545 3007 1318 3110; baseline -0.017 -21"><span class='ocrx_word' id='word_1_216' title='bbox 545 3031 613 3089; x_wconf 85' lang='grc' dir='ltr'><strong>Τῶν</strong></span> <span class='ocrx_word' id='word_1_217' title='bbox 639 3013 672 3088; x_wconf 76' lang='lat' dir='ltr'><strong>dd</strong></span> <span class='ocrx_word' id='word_1_218' title='bbox 694 3018 904 3110; x_wconf 66' lang='lat' dir='ltr'><strong>reperiendarum·</strong></span> <span class='ocrx_word' id='word_1_219' title='bbox 928 3015 1087 3082; x_wconf 80' lang='grc' dir='ltr'>κλαύσατε</span> <span class='ocrx_word' id='word_1_220' title='bbox 1110 3007 1318 3105; x_wconf 66' lang='grc' dir='ltr'>τυμῦολίτον.</span> 
     </span>
    </p>
   </div>
   <div class='ocr_carea' id='block_1_7' title="bbox 880 3208 985 3223">
    <p class='ocr_par' dir='ltr' id='par_1_9' title="bbox 880 3208 985 3223">
     <span class='ocr_line' id='line_1_23' title="bbox 880 3208 985 3223; baseline -0.029 -2"><span class='ocrx_word' id='word_1_221' title='bbox 880 3208 985 3223; x_wconf 73' lang='lat' dir='ltr'><strong>——u</strong></span> 
     </span>
    </p>
   </div>
   <div class='ocr_carea' id='block_1_8' title="bbox 518 3335 1345 3746">
    <p class='ocr_par' dir='ltr' id='par_1_10' title="bbox 518 3335 1301 3535">
     <span class='ocr_line' id='line_1_24' title="bbox 518 3335 1301 3427; baseline -0.017 -15"><span class='ocrx_word' id='word_1_222' title='bbox 518 3349 607 3427; x_wconf 62' lang='lat' dir='ltr'><strong>surm</strong></span> <span class='ocrx_word' id='word_1_223' title='bbox 629 3343 705 3411; x_wconf 87' lang='lat' dir='ltr'><strong>uinis</strong></span> <span class='ocrx_word' id='word_1_224' title='bbox 726 3341 845 3421; x_wconf 83' lang='lat' dir='ltr'><strong>tumuli,</strong></span> <span class='ocrx_word' id='word_1_225' title='bbox 866 3338 994 3419; x_wconf 79' lang='lat' dir='ltr'><strong>exuvias,</strong></span> <span class='ocrx_word' id='word_1_226' title='bbox 1016 3335 1155 3420; x_wconf 85' lang='lat' dir='ltr'><strong>geniique</strong></span> <span class='ocrx_word' id='word_1_227' title='bbox 1174 3335 1301 3420; x_wconf 81' lang='lat' dir='ltr'><strong>patroni,</strong></span> 
     </span>
     <span class='ocr_line' id='line_1_25' title="bbox 556 3441 1280 3535; baseline -0.017 -17"><span class='ocrx_word' id='word_1_228' title='bbox 556 3452 615 3535; x_wconf 82' lang='lat' dir='ltr'><strong>Qui</strong></span> <span class='ocrx_word' id='word_1_229' title='bbox 635 3465 749 3516; x_wconf 85' lang='lat' dir='ltr'><strong>suornm</strong></span> <span class='ocrx_word' id='word_1_230' title='bbox 769 3449 846 3515; x_wconf 84' lang='lat' dir='ltr'><strong>hano</strong></span> <span class='ocrx_word' id='word_1_231' title='bbox 866 3446 965 3513; x_wconf 87' lang='lat' dir='ltr'><strong>sedem</strong></span> <span class='ocrx_word' id='word_1_232' title='bbox 984 3442 1121 3509; x_wconf 90' lang='lat' dir='ltr'><strong>manibus</strong></span> <span class='ocrx_word' id='word_1_233' title='bbox 1141 3441 1280 3520; x_wconf 80' lang='lat' dir='ltr'><strong>incolitis,</strong></span> 
     </span>
    </p>

    <p class='ocr_par' dir='ltr' id='par_1_11' title="bbox 518 3549 1345 3746">
     <span class='ocr_line' id='line_1_26' title="bbox 518 3549 1345 3642; baseline -0.015 -16"><span class='ocrx_word' id='word_1_234' title='bbox 518 3561 576 3642; x_wconf 90' lang='lat' dir='ltr'><strong>Qui</strong></span> <span class='ocrx_word' id='word_1_235' title='bbox 590 3578 646 3625; x_wconf 79' lang='lat' dir='ltr'><strong>uos</strong></span> <span class='ocrx_word' id='word_1_236' title='bbox 658 3553 816 3635; x_wconf 81' lang='lat' dir='ltr'><strong>subuertit,</strong></span> <span class='ocrx_word' id='word_1_237' title='bbox 832 3570 918 3639; x_wconf 84' lang='lat' dir='ltr'><strong>poena</strong></span> <span class='ocrx_word' id='word_1_238' title='bbox 932 3551 1012 3619; x_wconf 86' lang='lat' dir='ltr'><strong>huno</strong></span> <span class='ocrx_word' id='word_1_239' title='bbox 1025 3550 1163 3617; x_wconf 86' lang='lat' dir='ltr'><strong>mulotate</strong></span> <span class='ocrx_word' id='word_1_240' title='bbox 1176 3549 1345 3617; x_wconf 88' lang='lat' dir='ltr'><strong>uelandum.</strong></span> 
     </span>
     <span class='ocr_line' id='line_1_27' title="bbox 556 3657 1169 3746; baseline -0.016 -15"><span class='ocrx_word' id='word_1_241' title='bbox 556 3668 684 3746; x_wconf 85' lang='lat' dir='ltr'><strong>Quanta,</strong></span> <span class='ocrx_word' id='word_1_242' title='bbox 708 3660 848 3742; x_wconf 80' lang='lat' dir='ltr'><strong>erluini,</strong></span> <span class='ocrx_word' id='word_1_243' title='bbox 871 3659 955 3743; x_wconf 90' lang='lat' dir='ltr'><strong>oopia</strong></span> <span class='ocrx_word' id='word_1_244' title='bbox 975 3657 1093 3724; x_wconf 86' lang='lat' dir='ltr'><strong>lletihus</strong></span> <span class='ocrx_word' id='word_1_245' title='bbox 1112 3657 1169 3722; x_wconf 89' lang='lat' dir='ltr'><strong>est!</strong></span> 
     </span>
    </p>
   </div>
   <div class='ocr_carea' id='block_1_9' title="bbox 880 3856 984 3872">
    <p class='ocr_par' dir='ltr' id='par_1_12' title="bbox 880 3856 984 3872">
     <span class='ocr_line' id='line_1_28' title="bbox 880 3856 984 3872; baseline -0.038 0"><span class='ocrx_word' id='word_1_246' title='bbox 880 3856 984 3872; x_wconf 44' lang='grc' dir='ltr'><strong>..β</strong></span> 
     </span>
    </p>
   </div>
   <div class='ocr_carea' id='block_1_10' title="bbox 517 3980 1305 4396">
    <p class='ocr_par' dir='ltr' id='par_1_13' title="bbox 518 3980 1305 4177">
     <span class='ocr_line' id='line_1_29' title="bbox 518 3980 1305 4076; baseline -0.019 -18"><span class='ocrx_word' id='word_1_247' title='bbox 518 3995 544 4058; x_wconf 94' lang='lat'>0</span> <span class='ocrx_word' id='word_1_248' title='bbox 566 3991 681 4070; x_wconf 90' lang='lat' dir='ltr'><strong>tumuli,</strong></span> <span class='ocrx_word' id='word_1_249' title='bbox 704 3989 841 4076; x_wconf 68' lang='lat' dir='ltr'><strong>specum,</strong></span> <span class='ocrx_word' id='word_1_250' title='bbox 864 3994 989 4064; x_wconf 89' lang='lat' dir='ltr'><strong>montes,</strong></span> <span class='ocrx_word' id='word_1_251' title='bbox 1011 4001 1029 4049; x_wconf 95' lang='lat' dir='ltr'><strong>o</strong></span> <span class='ocrx_word' id='word_1_252' title='bbox 1049 3981 1175 4067; x_wconf 84' lang='lat' dir='ltr'><strong>quisque</strong></span> <span class='ocrx_word' id='word_1_253' title='bbox 1195 3980 1305 4056; x_wconf 81' lang='lat' dir='ltr'><strong>viator,</strong></span> 
     </span>
     <span class='ocr_line' id='line_1_30' title="bbox 557 4089 1265 4177; baseline -0.021 -12"><span class='ocrx_word' id='word_1_254' title='bbox 557 4099 681 4165; x_wconf 87' lang='lat' dir='ltr'><strong>llustum</strong></span> <span class='ocrx_word' id='word_1_255' title='bbox 700 4097 768 4163; x_wconf 89' lang='lat' dir='ltr'><strong>llete</strong></span> <span class='ocrx_word' id='word_1_256' title='bbox 788 4113 897 4177; x_wconf 90' lang='lat' dir='ltr'><strong>meum,</strong></span> <span class='ocrx_word' id='word_1_257' title='bbox 920 4092 1044 4158; x_wconf 87' lang='lat' dir='ltr'><strong>erimina</strong></span> <span class='ocrx_word' id='word_1_258' title='bbox 1065 4089 1133 4156; x_wconf 85' lang='lat' dir='ltr'><strong>flete</strong></span> <span class='ocrx_word' id='word_1_259' title='bbox 1152 4107 1265 4154; x_wconf 87' lang='lat' dir='ltr'><strong>manus.</strong></span> 
     </span>
    </p>

    <p class='ocr_par' dir='ltr' id='par_1_14' title="bbox 517 4196 1269 4396">
     <span class='ocr_line' id='line_1_31' title="bbox 517 4196 1269 4292; baseline -0.021 -18"><span class='ocrx_word' id='word_1_260' title='bbox 517 4208 541 4274; x_wconf 83' lang='lat' dir='ltr'><strong>ll</strong></span> <span class='ocrx_word' id='word_1_261' title='bbox 562 4207 692 4292; x_wconf 81' lang='lat' dir='ltr'><strong>seopulis</strong></span> <span class='ocrx_word' id='word_1_262' title='bbox 712 4205 792 4271; x_wconf 84' lang='lat' dir='ltr'><strong>lloho</strong></span> <span class='ocrx_word' id='word_1_263' title='bbox 812 4221 916 4270; x_wconf 83' lang='lat' dir='ltr'><strong>uoeern</strong></span> <span class='ocrx_word' id='word_1_264' title='bbox 936 4198 1119 4285; x_wconf 80' lang='lat' dir='ltr'><strong>gemebunde</strong></span> <span class='ocrx_word' id='word_1_265' title='bbox 1140 4196 1269 4261; x_wconf 84' lang='lat' dir='ltr'><strong>ululate:</strong></span> 
     </span>
     <span class='ocr_line' id='line_1_32' title="bbox 559 4309 1186 4396; baseline -0.021 -14"><span class='ocrx_word' id='word_1_266' title='bbox 559 4315 651 4395; x_wconf 75' lang='lat' dir='ltr'><strong>utre,</strong></span> <span class='ocrx_word' id='word_1_267' title='bbox 673 4331 691 4379; x_wconf 93' lang='lat' dir='ltr'><strong>o</strong></span> <span class='ocrx_word' id='word_1_268' title='bbox 713 4312 816 4396; x_wconf 80' lang='lat' dir='ltr'><strong>ricini,</strong></span> <span class='ocrx_word' id='word_1_269' title='bbox 838 4311 962 4377; x_wconf 84' lang='lat' dir='ltr'><strong>erimina</strong></span> <span class='ocrx_word' id='word_1_270' title='bbox 982 4309 1050 4375; x_wconf 91' lang='lat' dir='ltr'><strong>llete</strong></span> <span class='ocrx_word' id='word_1_271' title='bbox 1070 4324 1186 4374; x_wconf 83' lang='lat' dir='ltr'><strong>munus.</strong></span> 
     </span>
    </p>
   </div>
   <div class='ocr_carea' id='block_1_11' title="bbox 157 4527 1704 4623">
    <p class='ocr_par' dir='ltr' id='par_1_15' title="bbox 157 4527 1704 4623">
     <span class='ocr_line' id='line_1_33' title="bbox 157 4527 1704 4623; baseline -0.019 -13"><span class='ocrx_word' id='word_1_272' title='bbox 157 4571 251 4622; x_wconf 82' lang='lat' dir='ltr'><strong>crum,</strong></span> <span class='ocrx_word' id='word_1_273' title='bbox 271 4571 328 4609; x_wconf 85' lang='grc' dir='ltr'>ιιειι</span> <span class='ocrx_word' id='word_1_274' title='bbox 350 4556 421 4608; x_wconf 77' lang='lat' dir='ltr'><strong>mihi</strong></span> <span class='ocrx_word' id='word_1_275' title='bbox 440 4551 569 4608; x_wconf 71' lang='lat' dir='ltr'><strong>oeundue</strong></span> <span class='ocrx_word' id='word_1_276' title='bbox 588 4553 697 4623; x_wconf 74' lang='lat' dir='ltr'><strong>locem:</strong></span> <span class='ocrx_word' id='word_1_277' title='bbox 717 4548 793 4620; x_wconf 82' lang='lat' dir='ltr'><strong>quod</strong></span> <span class='ocrx_word' id='word_1_278' title='bbox 810 4552 836 4603; x_wconf 85' lang='grc' dir='ltr'><strong>ει·</strong></span> <span class='ocrx_word' id='word_1_279' title='bbox 853 4565 903 4602; x_wconf 83' lang='lat' dir='ltr'><strong>oo·</strong></span> <span class='ocrx_word' id='word_1_280' title='bbox 958 4542 1028 4596; x_wconf 85' lang='lat' dir='ltr'><strong>Novi</strong></span> <span class='ocrx_word' id='word_1_281' title='bbox 1047 4540 1162 4594; x_wconf 85' lang='lat' dir='ltr'><strong>editoris</strong></span> <span class='ocrx_word' id='word_1_282' title='bbox 1181 4535 1334 4593; x_wconf 79' lang='lat' dir='ltr'><strong>versiculos</strong></span> <span class='ocrx_word' id='word_1_283' title='bbox 1347 4533 1418 4608; x_wconf 74' lang='lat' dir='ltr'><strong>stylo</strong></span> <span class='ocrx_word' id='word_1_284' title='bbox 1430 4531 1555 4587; x_wconf 81' lang='lat' dir='ltr'><strong>liberiori</strong></span> <span class='ocrx_word' id='word_1_285' title='bbox 1567 4527 1704 4585; x_wconf 73' lang='lat' dir='ltr'><strong>sollieitu-</strong></span> 
     </span>
    </p>
   </div>
   <div class='ocr_carea' id='block_1_12' title="bbox 158 4620 1708 4804">
    <p class='ocr_par' dir='ltr' id='par_1_16' title="bbox 158 4620 1708 4804">
     <span class='ocr_line' id='line_1_34' title="bbox 158 4620 1708 4714; baseline -0.016 -17"><span class='ocrx_word' id='word_1_286' title='bbox 158 4645 247 4699; x_wconf 64' lang='grc' dir='ltr'><strong>ἱκεσία</strong></span> <span class='ocrx_word' id='word_1_287' title='bbox 272 4645 362 4714; x_wconf 77' lang='lat' dir='ltr'><strong>{eoem</strong></span> <span class='ocrx_word' id='word_1_288' title='bbox 385 4643 456 4696; x_wconf 81' lang='lat' dir='ltr'><strong>milui</strong></span> <span class='ocrx_word' id='word_1_289' title='bbox 482 4650 638 4702; x_wconf 71' lang='lat' dir='ltr'><strong>ostentare,</strong></span> <span class='ocrx_word' id='word_1_290' title='bbox 662 4642 755 4709; x_wconf 78' lang='lat' dir='ltr'><strong>ipsum</strong></span> <span class='ocrx_word' id='word_1_291' title='bbox 781 4637 902 4700; x_wconf 74' lang='lat' dir='ltr'><strong>numm,</strong></span> <span class='ocrx_word' id='word_1_292' title='bbox 959 4633 1059 4686; x_wconf 86' lang='lat' dir='ltr'><strong>vimus.</strong></span> <span class='ocrx_word' id='word_1_293' title='bbox 1072 4629 1127 4686; x_wconf 89' lang='lat' dir='ltr'><strong>Sed</strong></span> <span class='ocrx_word' id='word_1_294' title='bbox 1138 4629 1211 4684; x_wconf 87' lang='lat' dir='ltr'><strong>unde</strong></span> <span class='ocrx_word' id='word_1_295' title='bbox 1224 4628 1308 4696; x_wconf 89' lang='lat' dir='ltr'><strong>idem,</strong></span> <span class='ocrx_word' id='word_1_296' title='bbox 1320 4629 1377 4682; x_wconf 85' lang='lat' dir='ltr'><strong>tam</strong></span> <span class='ocrx_word' id='word_1_297' title='bbox 1390 4623 1498 4680; x_wconf 78' lang='lat' dir='ltr'><strong>lutosus</strong></span> <span class='ocrx_word' id='word_1_298' title='bbox 1514 4620 1635 4694; x_wconf 85' lang='lat' dir='ltr'><strong>pedestri</strong></span> <span class='ocrx_word' id='word_1_299' title='bbox 1648 4636 1708 4674; x_wconf 83' lang='lat' dir='ltr'><strong>ser·</strong></span> 
     </span>
     <span class='ocr_line' id='line_1_35' title="bbox 158 4703 1705 4804; baseline -0.023 -7"><span class='ocrx_word' id='word_1_300' title='bbox 158 4751 234 4804; x_wconf 67' lang='lat' dir='ltr'><strong>Dm</strong></span> <span class='ocrx_word' id='word_1_301' title='bbox 253 4753 328 4802; x_wconf 67' lang='lat' dir='ltr'><strong>iram</strong></span> <span class='ocrx_word' id='word_1_302' title='bbox 345 4747 506 4802; x_wconf 59' lang='lat' dir='ltr'><strong>inuentam</strong></span> <span class='ocrx_word' id='word_1_303' title='bbox 528 4761 544 4798; x_wconf 67' lang='grc'>1</span> <span class='ocrx_word' id='word_1_304' title='bbox 562 4703 610 4804; x_wconf 59' lang='lat' dir='ltr'><strong>&gt;R</strong></span> <span class='ocrx_word' id='word_1_305' title='bbox 632 4765 650 4794; x_wconf 77' lang='lat' dir='ltr'><strong>o</strong></span> <span class='ocrx_word' id='word_1_306' title='bbox 671 4745 778 4794; x_wconf 65' lang='grc'>111911,</span> <span class='ocrx_word' id='word_1_307' title='bbox 959 4735 1038 4773; x_wconf 91' lang='lat' dir='ltr'><strong>mone</strong></span> <span class='ocrx_word' id='word_1_308' title='bbox 1048 4717 1144 4786; x_wconf 77' lang='lat' dir='ltr'><strong>latino,</strong></span> <span class='ocrx_word' id='word_1_309' title='bbox 1154 4721 1200 4771; x_wconf 82' lang='lat' dir='ltr'><strong>est</strong></span> <span class='ocrx_word' id='word_1_310' title='bbox 1211 4714 1309 4771; x_wconf 79' lang='lat' dir='ltr'><strong>felieee</strong></span> <span class='ocrx_word' id='word_1_311' title='bbox 1318 4732 1384 4770; x_wconf 81' lang='lat' dir='ltr'><strong>euos</strong></span> <span class='ocrx_word' id='word_1_312' title='bbox 1396 4730 1492 4769; x_wconf 83' lang='lat' dir='ltr'><strong>versus</strong></span> <span class='ocrx_word' id='word_1_313' title='bbox 1501 4707 1639 4776; x_wconf 84' lang='lat' dir='ltr'><strong>hauserit,</strong></span> <span class='ocrx_word' id='word_1_314' title='bbox 1651 4725 1705 4763; x_wconf 92' lang='lat' dir='ltr'><strong>non</strong></span> 
     </span>
    </p>
   </div>
   <div class='ocr_carea' id='block_1_13' title="bbox 157 4797 1706 4993">
    <p class='ocr_par' dir='ltr' id='par_1_17' title="bbox 157 4797 1706 4993">
     <span class='ocr_line' id='line_1_36' title="bbox 196 4797 1706 4906; baseline -0.017 -30"><span class='ocrx_word' id='word_1_315' title='bbox 196 4838 218 4898; x_wconf 75' lang='grc' dir='ltr'><strong>ι)</strong></span> <span class='ocrx_word' id='word_1_316' title='bbox 233 4835 303 4906; x_wconf 70' lang='lat' dir='ltr'><strong>opp,</strong></span> <span class='ocrx_word' id='word_1_317' title='bbox 314 4841 336 4889; x_wconf 78' lang='grc'>1,</span> <span class='ocrx_word' id='word_1_318' title='bbox 347 4849 378 4901; x_wconf 87' lang='lat' dir='ltr'><strong>n,</strong></span> <span class='ocrx_word' id='word_1_319' title='bbox 388 4852 417 4905; x_wconf 70' lang='lat' dir='ltr'><strong>p,</strong></span> <span class='ocrx_word' id='word_1_320' title='bbox 432 4829 599 4900; x_wconf 57' lang='grc'>11941195,</span> <span class='ocrx_word' id='word_1_321' title='bbox 609 4833 776 4903; x_wconf 52' lang='lat' dir='ltr'><strong>epigramm,</strong></span> <span class='ocrx_word' id='word_1_322' title='bbox 789 4832 860 4884; x_wconf 58' lang='lat'>3002,</span> <span class='ocrx_word' id='word_1_323' title='bbox 871 4843 902 4898; x_wconf 51' lang='grc'><strong>,1,</strong></span> <span class='ocrx_word' id='word_1_324' title='bbox 957 4807 1025 4861; x_wconf 90' lang='lat' dir='ltr'><strong>mihi</strong></span> <span class='ocrx_word' id='word_1_325' title='bbox 1035 4804 1133 4878; x_wconf 84' lang='lat' dir='ltr'><strong>liquet.</strong></span> <span class='ocrx_word' id='word_1_326' title='bbox 1142 4805 1277 4860; x_wconf 79' lang='lat' dir='ltr'><strong>Vaticana</strong></span> <span class='ocrx_word' id='word_1_327' title='bbox 1288 4807 1384 4858; x_wconf 81' lang='lat' dir='ltr'><strong>nostre</strong></span> <span class='ocrx_word' id='word_1_328' title='bbox 1393 4817 1427 4854; x_wconf 86' lang='lat' dir='ltr'><strong>ex</strong></span> <span class='ocrx_word' id='word_1_329' title='bbox 1437 4799 1519 4854; x_wconf 86' lang='lat' dir='ltr'><strong>nndie</strong></span> <span class='ocrx_word' id='word_1_330' title='bbox 1529 4801 1634 4869; x_wconf 85' lang='lat' dir='ltr'><strong>eripuit</strong></span> <span class='ocrx_word' id='word_1_331' title='bbox 1642 4797 1706 4869; x_wconf 81' lang='lat' dir='ltr'><strong>ple·</strong></span> 
     </span>
     <span class='ocr_line' id='line_1_37' title="bbox 157 4885 1699 4993; baseline -0.016 -33"><span class='ocrx_word' id='word_1_332' title='bbox 157 4940 254 4992; x_wconf 53' lang='lat' dir='ltr'><strong>um,</strong></span> <span class='ocrx_word' id='word_1_333' title='bbox 275 4939 381 4993; x_wconf 50' lang='lat' dir='ltr'><strong>„mn</strong></span> <span class='ocrx_word' id='word_1_334' title='bbox 396 4923 502 4978; x_wconf 47' lang='lat' dir='ltr'><strong>pmp·</strong></span> <span class='ocrx_word' id='word_1_335' title='bbox 518 4926 537 4978; x_wconf 48' lang='grc'><strong>1,</strong></span> <span class='ocrx_word' id='word_1_336' title='bbox 551 4936 670 4990; x_wconf 52' lang='grc' dir='ltr'><strong>ωνω,</strong></span> <span class='ocrx_word' id='word_1_337' title='bbox 682 4917 736 4973; x_wconf 48' lang='lat'><strong>001·</strong></span> <span class='ocrx_word' id='word_1_338' title='bbox 759 4917 818 4986; x_wconf 53' lang='lat'>119,</span> <span class='ocrx_word' id='word_1_339' title='bbox 841 4915 900 4970; x_wconf 50' lang='lat'>120·</span> <span class='ocrx_word' id='word_1_340' title='bbox 958 4885 1699 4966; x_wconf 81' lang='lat' dir='ltr'><strong>guleehleurinorumhiseeversibueedendieperstas.</strong></span> 
     </span>
    </p>
   </div>
   <div class='ocr_carea' id='block_1_14' title="bbox 0 0 2024 6084">
    <p class='ocr_par' dir='ltr' id='par_1_18' title="bbox 0 0 2024 6084">
     <span class='ocr_line' id='line_1_38' title="bbox 0 0 2024 6084; baseline 0 0"><span class='ocrx_word' id='word_1_341' title='bbox 0 0 2024 6084; x_wconf 95' lang='lat' dir='ltr'><strong> </strong></span> 
     </span>
    </p>
   </div>
  </div>
 </body>
</html>
