3966 6120
243 511 303 610 ea

237 713 475 781 parisiensem,
498 727 605 784 auum
625 714 775 784 ejusdam
794 711 939 786 epistota
956 727 1041 788 pars
1055 693 1176 776 ultima
1190 711 1322 789 leuatur
1335 717 1374 776 ia
1384 717 1514 790 papiae
1527 691 1717 777 altercanti.
1740 717 1813 778 Ca-

238 821 348 880 ucasis
369 819 410 878 ab
432 820 521 880 bisce
540 821 669 880 uerbis:
691 819 724 880 et
744 832 808 881 uec
827 819 980 880 immissis
1002 819 1087 900 etc).

892 991 895 996 ¹
1004 1010 1047 1091 ll.

891 1205 975 1266 lima
995 1205 1139 1282 epistola.
1159 1206 1163 1213 '

320 1388 524 1461 Desideranti
544 1392 571 1471 ⁴)
594 1390 653 1452 tibi
675 1391 773 1453 scribi
795 1392 951 1469 mysteria
980 1392 1123 1456 omnium
1148 1391 1297 1470 lapidum,
1318 1395 1441 1470 quanta
1461 1398 1577 1473 generi
1592 1395 1734 1458 humano
1747 1411 1814 1458 sua
1841 1429 1843 1433 ι

240 1497 398 1576 sapientia
418 1498 570 1575 prodesse
590 1498 773 1572 videantur,
795 1498 988 1579 denegatum
1020 1499 1079 1561 tibi
1101 1514 1167 1561 non
1189 1498 1259 1560 luit.
1279 1501 1329 1560 Tu
1351 1499 1462 1578 itaque
1493 1503 1654 1566 custodies
1681 1518 1815 1565 summa

239 1604 410 1682 diligentia
431 1606 622 1683 mysterium
643 1609 760 1668 summi
789 1609 936 1669 altissimi
958 1608 1025 1670 Dei.
1047 1611 1114 1671 Hoc
1135 1609 1222 1670 enim
1254 1609 1445 1685 mysterium
1475 1599 1614 1673 caeteris
1635 1611 1811 1690 Aegyptiis

239 1717 402 1789 litteratis,
424 1733 485 1779 nec
505 1717 764 1795 allophylisnon
786 1718 958 1781 tradideris
973 1721 1010 1800 ²),
1032 1721 1129 1782 aliive
1150 1720 1308 1798 culquam,
1331 1734 1373 1780 ne
1404 1717 1443 1779 ad
1465 1719 1672 1782 sterilitatem
1701 1720 1811 1798 hujus
1841 1729 1844 1734 “

240 1824 396 1887 scientiae
416 1824 568 1886 deveniat
590 1826 764 1904 Aegyptus
790 1829 824 1889 et
844 1843 886 1889 ne
907 1827 1018 1890 eadem
1049 1845 1108 1905 per
1136 1828 1276 1904 aliquem
1318 1826 1466 1889 incendio
1498 1831 1704 1892 concremata
1728 1846 1814 1892 cou-

240 1933 448 2011 llagraretur,
469 1933 503 1994 et
524 1949 585 1996 nec
606 1934 758 1996 immissis
782 1935 897 2000 talibus
919 1935 1154 2014 inaegyptum
1176 1951 1367 2012 perseveres
1388 1937 1537 1998 omnibus
1559 1936 1677 1999 elliciat
1697 1939 1810 2016 Aegy-

240 2040 323 2117 ptios
344 2039 546 2102 dominantes
570 2039 609 2121 ³).
631 2043 691 2103 Hic
711 2043 784 2104 aliis
805 2043 946 2104 traditus
967 2058 1033 2104 non
1054 2043 1112 2116 est,
1125 2042 1252 2106 necalii
1267 2059 1341 2104 eum
1359 2043 1394 2103 in
1415 2061 1475 2104 sua
1488 2045 1647 2122 potestate
1662 2060 1726 2105 nou
1742 2043 1811 2104 ha-

241 2141 382 2202 buerunt
402 2138 441 2219 4),
466 2140 599 2219 (neque)
627 2157 687 2218 per
713 2143 801 2203 tuam
833 2142 1012 2204 custodiam
1043 2141 1192 2204 habeant.
1215 2145 1294 2204 iuro
1325 2143 1434 2222 autem
1465 2144 1522 2203 tibi
1554 2159 1612 2220 per
1643 2159 1809 2204 sununum

241 2247 371 2310 Patrem
392 2249 494 2308 Deum
518 2246 546 2327 5)
569 2247 652 2324 quod
684 2250 850 2312 meliorem
882 2251 1000 2311 librum
1031 2251 1196 2328 Aegyptus
1230 2249 1328 2327 hujus
1364 2265 1430 2312 non
1450 2248 1576 2312 habeat.
1599 2253 1696 2328 Cujus
1707 2253 1811 2328 Jura-

241 2356 339 2417 tionis
358 2355 452 2418 testis
473 2361 521 2416 est
540 2373 685 2418 summus
706 2361 799 2420 Deus
822 2359 947 2420 Mittam
968 2358 1055 2420 enim
1076 2358 1134 2419 tibi
1156 2357 1275 2419 bonum
1297 2358 1374 2420 solis
1395 2373 1521 2431 nomen,
1546 2376 1604 2437 per
1634 2375 1729 2439 quem
1751 2359 1810 2419 bo-

241 2479 318 2525 num
339 2480 444 2542 genus
464 2463 611 2524 nascitur
627 2462 666 2544 ⁶).
689 2465 793 2543 Igitur
814 2465 1027 2542 perhenniter
1038 2464 1066 2547 ⁷)
1087 2467 1233 2538 traditus,
1249 2466 1450 2528 custodiatur
1474 2483 1494 2528 e
1528 2467 1627 2528 vobis.
1655 2467 1810 2528 Praestat

240 2573 327 2634 enim
350 2572 485 2632 multum
508 2571 542 2632 in
563 2573 710 2634 omnibus
731 2573 919 2644 actionibus,
936 2575 994 2650 per
1015 2575 1160 2652 singulas
1181 2573 1386 2636 hierarchias
1398 2571 1426 2652 8)
1449 2590 1530 2652 quas
1551 2574 1658 2636 Graeci
1675 2575 1808 2646 vocant,

241 2681 385 2742 omnium
404 2681 554 2758 lapidum.
577 2683 722 2757 nuptiali
740 2683 887 2756 epistota.

990 2802 1050 2882 lll.

559 3015 666 3087 Evam,
690 3017 838 3077 areidae
858 3029 933 3084 rea,
963 3017 1093 3078 Tiberio
1113 3015 1314 3090 imperatori
1333 3015 1491 3078 salutem.

286 3165 425 3240 blegnillca
441 3176 513 3228 dona
532 3214 537 3226 .
559 3214 565 3226 .
585 3213 590 3226 .
609 3175 743 3240 lapidibus
761 3174 961 3227 remediorum?
984 3174 1042 3226 Vid.
1062 3173 1155 3236 Spicii.
1176 3173 1289 3227 Solesm.
1308 3179 1327 3227 t.
1348 3175 1393 3236 lli,
1411 3187 1439 3238 p.
1459 3176 1513 3226 etl.

707 3266 806 3328 insipit
823 3265 856 3317 de
873 3265 1013 3328 lapidibus
1036 3271 1062 3316 ei
1084 3276 1184 3317 eoram
1204 3264 1355 3326 peceribus

285 3358 402 3421 Lapides
420 3357 453 3409 etl
471 3363 579 3422 septem
597 3357 662 3410 Par.
680 3372 713 3410 ex
735 3363 843 3422 septem
871 3357 935 3409 (iu-o.
952 3378 986 3394 ·-
1001 3356 1170 3420 pertinentes
1189 3392 1195 3406 .
1216 3393 1221 3404 .
1244 3392 1250 3405 .
1269 3354 1372 3418 lapides
1391 3354 1437 3407 ssat
1453 3355 1482 3407 C.
1496 3355 1525 3420 (l.
1539 3355 1613 3420 llaut)
1632 3367 1701 3419 quos
1718 3355 1752 3407 nd
1772 3356 1801 3408 P.

223 3459 316 3500 curam
344 3449 469 3499 ltomlues
496 3448 664 3511 pllilactcrils
692 3449 792 3500 babere
825 3448 959 3500 deberent
976 3448 1002 3499 Ρ.
1022 3447 1050 3498 C.
1068 3470 1100 3484 -
1506 3457 1509 3462 ·

992 3623 1054 3703 lV.

476 3837 597 3912 Incipit
610 3839 736 3900 indicia
760 3839 958 3902 ualitudinis
973 3839 1012 3900 de
1026 3836 1189 3912 lapidibus
1210 3838 1375 3899 eteorum
1388 3837 1568 3898 uirtutibus

708 3945 861 4024 (virtutes
875 3945 921 4024 Ο.)
938 3949 1157 4021 Amiyeroais
1171 3945 1363 4006 doctissimi.

249 4116 267 4170 l.
285 4113 367 4180 Lapis
383 4117 492 4169 aetites.
509 4116 616 4168 aetiten
630 4127 697 4166 vcro
713 4113 780 4178 lapis
797 4116 824 4166 Ρ.
846 4115 876 4166 C.
889 4137 921 4152 -·
932 4127 995 4165 coo·
1096 4113 1141 4165 bet
1157 4115 1308 4177 gestantes.
1321 4111 1350 4163 C.
1383 4135 1410 4150 -
1431 4112 1570 4164 involvata
1589 4112 1698 4186 nomina
1715 4111 1744 4165 C.
1773 4111 1800 4166 P.

293 4207 369 4259 tinuo
386 4211 481 4270 partus
509 4206 536 4257 P.
553 4205 582 4257 C.
599 4226 632 4244 -
649 4205 767 4268 lapidem
794 4210 909 4268 generat
934 4204 962 4255 C.
983 4230 993 4240 -
1101 4202 1243 4262 (inuoluto
1261 4201 1370 4252 nurnine
1388 4201 1454 4252 Abel
1466 4201 1654 4268 dictitantes).
1675 4221 1708 4240 -·
1720 4203 1802 4266 igitur

294 4297 346 4348 erit
362 4297 489 4347 introitus
508 4296 534 4346 P.
558 4294 587 4345 C.
1100 4293 1151 4344 isle
1168 4291 1196 4344 C.
1215 4297 1276 4352 trost
1294 4297 1320 4342 ct
1338 4295 1440 4343 eoetera
1460 4291 1487 4343 G.
1506 4291 1574 4343 (till.
1593 4305 1656 4344 aere
1680 4293 1801 4344 ostendit

249 4387 280 4438 ll.
299 4385 448 4448 Elian-opio
465 4384 534 4447 lapis
552 4383 580 4435 Ρ.
598 4383 627 4434 C.
641 4382 690 4434 bis.
708 4407 741 4421 -
756 4383 881 4434 turbidus
909 4387 995 4434 atuor
1097 4381 1254 4434 bominibus
1279 4381 1348 4432 bene
1365 4381 1529 4444 augentibus
1547 4379 1625 4443 liert.
1644 4382 1798 4446 agentibus,

296 4476 323 4528 P.
340 4475 369 4528 C.
385 4497 418 4514 -·
438 4475 620 4526 vaticinantur
641 4478 668 4524 ct
694 4474 887 4538 praenuntiant
908 4473 937 4524 C.
965 4473 992 4525 Ρ.
1095 4470 1171 4536 quod
1187 4471 1247 4532 sere
1260 4473 1394 4522 lucustam
1406 4471 1513 4534 itnptei)

297 4567 368 4618 Olim
379 4566 504 4617 carreni.
515 4589 548 4602 -·
563 4577 672 4628 quoque
690 4563 832 4615 vivendlC
857 4563 883 4615 P.
897 4589 907 4598 -
922 4575 993 4626 prae·
1047 4561 1056 4612 Ι
1061 4563 1091 4614 ll.
1110 4562 1178 4625 lapis
1196 4561 1333 4613 adamans
1351 4559 1379 4610 C.
1394 4559 1588 4612 P.-.lnatliitis
1602 4559 1631 4613 C.
1645 4561 1673 4614 P.
1689 4585 1722 4599 -
1738 4574 1802 4614 con·

247 4718 249 4723 ¹
289 4738 312 4802 l)
330 4737 436 4800 Sequor
452 4736 601 4787 editionem
620 4734 730 4798 dugenti
743 4733 809 4786 abel
828 4746 854 4797 p.
874 4736 925 4798 llil,
944 4731 997 4784 col·
1044 4732 1115 4784 illias
1134 4731 1264 4783 lectiones
1285 4728 1357 4781 baud
1376 4729 1466 4780 minue
1484 4728 1602 4781 absonas
1620 4729 1686 4782 Abel
1699 4732 1799 4783 retulit.

249 4817 330 4870 latam
348 4831 390 4869 cx.
407 4816 468 4868 cod.
488 4817 570 4870 Paris.
590 4821 617 4867 et
639 4817 724 4868 allero
750 4815 836 4866 musei
856 4813 997 4866 rationalis
1085 4813 1110 4878 l)
1128 4811 1280 4864 Secundam
1301 4812 1474 4874 negationem
1493 4810 1559 4862 llbel
1579 4811 1700 4864 sustulit.
1716 4811 1806 4878 Pergit

250 4898 393 4962 llungaricl
411 4910 475 4949 seeo.
495 4897 567 4948 xlll.
1048 4905 1109 4946 cum
1127 4893 1259 4944 cavensi:
1278 4903 1328 4953 per
1345 4896 1479 4954 tuamque
1501 4890 1670 4945 custodiam.

288 4980 313 5042 2)
332 4977 434 5040 Duplex
453 4978 571 5041 negatio,
590 4989 666 5028 more
684 4989 793 5042 gracco,
807 4981 835 5027 ut
847 4975 931 5026 initu:
949 4987 999 5026 tice
1086 4973 1112 5038 5)
1130 4973 1279 5026 Parentum
1296 4973 1418 5025 Deum...
1437 4971 1528 5024 babet.
1547 4973 1622 5026 Abel.

246 5061 296 5112 clii
311 5071 367 5110 lton
385 5059 554 5110 litibuel'lillt:
572 5057 609 5109 uti
621 5057 703 5107 etiam
717 5069 779 5108 mox
791 5056 927 5120 genitivus
940 5061 1003 5119 post
1088 5054 1114 5118 6)
1133 5054 1227 5106 Boleris
1243 5065 1331 5117 petius
1342 5057 1502 5105 nascuntur
1513 5052 1541 5106 C.
1554 5064 1605 5115 per
1616 5054 1691 5117 ettad
1704 5051 1805 5106 bouum

250 5141 486 5204 comparativum:
504 5141 645 5190 meliorem
665 5139 768 5189 librum
786 5139 879 5199 injus.
1051 5147 1137 5197 petias
1154 5138 1293 5186 nascatur
1310 5132 1386 5185 Abel.

287 5221 313 5284 3)
332 5221 397 5272 Cau.
407 5225 432 5272 et
444 5231 494 5272 lieo
507 5220 535 5270 iu
547 5221 639 5272 missis
652 5219 761 5270 uatibus
771 5219 931 5282 indagante
941 5229 1002 5278 per·
1088 5217 1113 5278 7)
1125 5215 1326 5276 perpetualiter
1337 5211 1516 5265 attaediatus·
1529 5211 1605 5266 abel.
1618 5225 1661 5264 oin
1675 5211 1807 5265 traditus.

250 5315 382 5357 scucruus
399 5299 527 5352 omuibus
543 5300 632 5366 cfflyia
649 5301 795 5363 aeqyptius
811 5299 994 5352 deatinoules.
1082 5299 1107 5362 8)
1124 5297 1251 5359 pertiticn
1268 5294 1334 5346 Cau.
1352 5295 1472 5347 ieratica
1491 5294 1578 5347 Paris.
1597 5307 1646 5348 nec
1659 5296 1675 5346 l.
1691 5294 1770 5347 male.
