4064 6108
246 381 306 447 884
930 375 1108 446 PHILONIS

281 533 393 604 Venite,
412 531 480 588 israe
499 529 596 604 sylvae,
615 534 645 586 et
662 528 824 586 conculcate
842 545 928 602 supra
946 530 1071 602 virgines
1091 544 1166 584 mess
1181 528 1216 596 ll,
1235 527 1366 601 quonlam
1378 525 1495 584 abscissi
1509 533 1575 584 sunl
1593 530 1659 584 suni
1677 531 1743 599 mei,
1762 534 1793 586 44

246 626 355 694 tempus
373 624 438 679 vita
458 637 527 675 meas
546 621 575 673 14
594 619 717 674 tenebris
736 619 911 674 inveterabit.

281 711 318 765 Et
336 711 380 765 his
392 710 487 780 dictis,
500 714 668 764 reversaret
683 706 759 763 Sella
778 707 812 761 ad
824 711 932 780 patrem
945 723 1025 763 suum
1038 711 1067 764 et
1079 707 1148 764 iecit
1159 708 1252 764 44414
1264 723 1446 779 quaecumque
1461 709 1553 764 444414
1564 707 1607 778 144
1620 707 1722 766 obtulit
1734 723 1794 763 eam

244 798 493 856 holocaustomata.

279 976 302 1043 ι1
321 978 392 1033 Tota
409 975 541 1049 periodus
559 991 654 1049 grecos
672 979 725 1030 est.
747 1005 779 1017 -
795 973 819 1041 2)
842 977 941 1031 044414
957 993 1008 1046 pro
1027 979 1111 1047 44444,
1131 976 1167 1031 414
1185 977 1287 1043 ηὔχετο.

977 1224 1057 1302 VII.

441 1417 493 1496 De
510 1423 631 1518 prisco
655 1419 821 1494 Philonis
843 1421 1035 1519 interprete
1057 1445 1132 1495 4444
1154 1445 1233 1495 eum
1256 1419 1443 1495 recentiori
1464 1422 1606 1518 iprroto.¹

281 1637 358 1702 Dum
381 1637 555 1707 1144144444
570 1637 628 1701 488
643 1635 861 1719 perlustrarem,
882 1634 1064 1700 4444114414
1081 1635 1290 1718 investigarem
1305 1635 1373 1701 Clll
1391 1637 1564 1719 questiones
1586 1636 1617 1702 in
1638 1637 1787 1716 Genesim,

239 1761 291 1810 eas
311 1764 376 1810 eum
399 1762 518 1811 444444
532 1744 669 1811 versione
683 1744 867 1821 conterendo,
882 1743 1016 1809 4141444
1030 1743 1210 1826 deprehendi
1225 1744 1359 1810 mutilam
1375 1763 1440 1811 esse
1452 1747 1484 1810 in
1503 1745 1562 1811 line
1575 1745 1627 1811 141.
1643 1745 1714 1825 144,
1737 1745 1788 1810 ubi

241 1851 270 1915 in
292 1851 457 1935 penultimo
475 1851 536 1918 lolii
549 1851 706 1930 versiculo,
719 1850 784 1917 sine
803 1852 863 1916 4114
884 1849 1003 1934 prorsus
1023 1851 1205 1932 discrimine,
1228 1853 1340 1918 absona
1361 1851 1496 1935 quedam
1517 1851 1668 1917 intuebar:
1692 1852 1790 1917 441444

241 1958 404 2042 accipiendo
421 1977 562 2042 44444444
582 1959 653 2023 iliad
671 1958 760 2023 441444
781 1959 858 2042 qood
876 1965 926 2040 444,
950 1959 1025 2042 qdod
1044 1960 1130 2023 etiem
1143 1959 1214 2023 4444
1228 1960 1401 2024 meliorest.
1423 1959 1495 2025 1444
1514 1977 1587 2026 vero
1607 1977 1734 2043 pergens
1754 1960 1791 2024 ad

239 2065 289 2130 141.
314 2067 384 2148 147,
407 2067 508 2132 statim
528 2065 638 2149 agnovi
662 2067 749 2131 telam
770 2065 933 2132 continuari
948 2065 1127 2131 1411144114
1145 2065 1208 2132 Vite
1223 2069 1379 2132 4444444144.
1397 2067 1525 2133 1141444
1546 2077 1624 2133 ocrte
1644 2067 1789 2150 interpres

239 2181 313 2241 erat.
329 2174 402 2254 Quis
417 2176 495 2240 enim
510 2193 641 2259 unquam
655 2175 757 2240 44444
771 2174 857 2238 modo
873 2173 964 2256 loqui,
981 2173 1121 2253 scribere,
1137 2182 1306 2242 construere
1320 2193 1411 2241 ausus
1425 2175 1494 2240 est‘l
1509 2174 1591 2240 1444
1604 2174 1712 2240 4414414
1729 2174 1789 2258 jam

240 2282 327 2361 plane
342 2299 451 2361 novus,
462 2300 548 2366 4444
559 2283 612 2348 vix
626 2300 643 2347 e
658 2281 790 2347 tenebris
804 2280 986 2363 eripuissem,
1001 2280 1057 2345 nisi
1073 2299 1120 2346 me
1135 2291 1227 2348 totum
1242 2281 1395 2348 lenirisset
1408 2283 1484 2346 alius
1497 2282 1643 2365 interpres
1656 2283 1788 2362 ignotus,

238 2397 297 2454 444
319 2391 420 2456 suavis
441 2401 472 2456 et
492 2409 623 2456 amoenus
643 2408 731 2474 quam
752 2388 827 2455 alter
848 2386 1017 2454 horridulus
1037 2396 1093 2454 cst.
1117 2389 1147 2454 Si
1168 2397 1269 2454 44444
1291 2389 1402 2455 alterna
1427 2389 1583 2470 Camoenae,
1605 2397 1691 2455 erunt
1711 2406 1785 2471 quos

234 2496 353 2579 juvabit
373 2496 459 2563 simul
479 2497 577 2581 legere
597 2497 669 2563 duos
691 2497 756 2562 illos
776 2497 951 2579 interpretes
973 2513 1076 2574 novos,
1101 2512 1160 2561 non
1181 2496 1262 2561 mille
1283 2504 1398 2561 444444
1418 2497 1522 2576 annis,
1545 2503 1578 2562 ut
1598 2495 1712 2580 opinor,
1732 2496 1786 2560 sed

237 2612 299 2669 4444
320 2605 392 2670 arelo
413 2605 577 2671 litterarum
597 2613 757 2689 separatos.
781 2602 887 2670 Deeuit
901 2621 1011 2668 novum
1027 2603 1218 2688 interpretem
1240 2604 1278 2668 ab
1300 2604 1387 2669 initio
1407 2604 1474 2670 libri
1495 2605 1635 2687 recipere,
1658 2602 1700 2667 illi
1720 2621 1788 2669 vero

241 2720 368 2778 veterem
381 2713 535 2798 subjicere,
551 2715 601 2779 ubi
615 2723 646 2780 et
659 2730 810 2796 quousque
824 2709 929 2790 aderit,
942 2727 997 2775 nec
1008 2710 1091 2795 plura
1106 2720 1203 2776 44444
1215 2712 1353 2790 subdere,
1367 2712 1505 2794 quamvis
1516 2711 1665 2797 placerent
1675 2711 1786 2788 omnia,

238 2836 333 2903 neque
346 2820 406 2886 4114
421 2839 436 2886 4
452 2840 635 2904 quocumque
649 2819 779 2886 Philonis
794 2817 906 2883 editore
920 2817 1098 2901 negligenda
1113 2817 1183 2884 sint.
1201 2819 1260 2900 Qui
1277 2837 1443 2906 anonymus
1458 2820 1571 2904 integer
1586 2821 1662 2885 inter
1675 2818 1791 2885 miscel·

237 2926 1077 3010 1444414444144414444144044414414444814,44444
1091 2926 1175 2993 deest
1190 2927 1411 3010 elegantissima
1425 2927 1570 3011 scriptura
1584 2927 1680 2992 saeeuli
1696 2926 1786 2997 111111.

278 3035 481 3102 1444444444
504 3036 635 3102 Philonis
651 3036 794 3118 interpres
815 3052 874 3098 non
895 3033 990 3099 solum
1011 3042 1107 3099 exstat
1129 3033 1270 3102 inlatio.
1288 3034 1359 3111 488,
1374 3034 1427 3100 sed
1449 3033 1479 3098 14
1501 3033 1644 3099 Urbinate
1665 3033 1715 3112 dl,
1737 3032 1788 3096 ubi

237 3144 339 3210 44444
353 3145 479 3229 abrupto
498 3145 585 3210 modo
605 3145 685 3212 4414
706 3142 857 3210 consuitur
877 3141 991 3206 ultime
1011 3139 1144 3206 Philonis
1164 3141 1321 3226 questioni
1337 3140 1405 3207 Clll
1418 3140 1448 3206 14
1463 3141 1615 3218 Genesim,
1634 3150 1705 3204 4444
1719 3159 1789 3221 pen-

237 3251 373 3318 ultimum
395 3253 574 3320 versiculum
596 3253 651 3319 col.
679 3254 709 3333 3,
736 3251 785 3316 141.
810 3251 861 3314 46.
887 3249 982 3314 Ambo
1003 3249 1094 3332 igitur
1117 3249 1232 3316 codices
1255 3247 1427 3314 derivantur
1446 3265 1484 3313 cx
1504 3247 1605 3313 eodem
1629 3244 1789 3329 archetypo

234 3368 364 3437 vetusto,
386 3362 470 3445 cujus
490 3362 587 3428 scriba
601 3362 725 3431 14444444
738 3357 897 3427 deterritus
912 3356 1091 3422 obscuritate
1104 3357 1238 3440 sibyllini
1254 3355 1435 3440 interpretis,
1452 3355 1534 3420 iilum
1555 3362 1624 3419 4444
1644 3351 1734 3416 finem
1747 3352 1785 3416 ab

233 3465 308 3529 irato
322 3467 456 3532 secuerit.
473 3467 567 3533 Tanta
581 3479 680 3534 autem
693 3477 739 3534 444
755 3467 881 3532 varietas
896 3465 1070 3534 Vaticanum
1087 3467 1205 3531 1444444
1221 3465 1403 3546 1144144444,
1418 3473 1452 3530 44
1465 3482 1557 3530 unum
1572 3462 1610 3526 ab
1626 3459 1717 3526 altero
1731 3459 1784 3525 vix

233 3569 353 3638 credam
374 3574 693 3656 4444414444141444,
716 3593 771 3639 nec
792 3574 873 3640 dictu
894 3572 980 3639 144114
999 3583 1045 3640 est
1066 3584 1131 3640 uter
1149 3573 1189 3639 sit
1208 3575 1350 3642 crassiore
1370 3571 1536 3658 ignorantia
1555 3577 1703 3637 44444444.

524 3831 567 3895 De
592 3831 654 3897 Vite
674 3832 901 3917 4444444444,
923 3835 1034 3900 4144414
1058 3835 1233 3920 Supplicem
1252 3837 1369 3902 41444411Ι
1381 3836 1505 3900 ratione.

274 4034 347 4099 Cum
369 4033 406 4098 de
427 4033 544 4099 11444414
564 4037 764 4116 disseruerim,
780 4039 831 4122 qui
852 4039 981 4105 activam
1035 4042 1123 4109 liores
1147 4051 1178 4108 44
1204 4041 1424 4126 prestantiores
1452 4037 1627 4115 videantur,
1649 4037 1727 4120 quod
1754 4045 1785 4102 44

233 4141 329 4205 vitam
349 4140 489 4219 4441441,
502 4160 568 4207 444
588 4143 631 4209 ita
652 4145 682 4209 14
696 4146 831 4212 omnihus
845 4165 982 4214 exercue—
1035 4161 1130 4234 poete
1149 4167 1252 4215 44444
1272 4157 1303 4214 44
1315 4147 1367 4232 qui
1380 4147 1476 4212 soluta
1490 4143 1622 4210 oratione
1635 4143 1783 4223 scribunt,

233 4255 313 4328 runt,
328 4256 361 4312 ut
375 4246 507 4330 plurimis
520 4251 662 4332 partibus,
674 4252 863 4322 44144144144
873 4255 981 4336 dicam,
1035 4258 1130 4324 lacere
1149 4272 1346 4322 consuevere:
1364 4251 1417 4319 sed
1431 4249 1487 4336 ipsi
1501 4249 1588 4334 plane
1601 4249 1721 4316 veritati
1740 4249 1785 4314 in-

231 4353 431 4435 excellucrint,
446 4355 507 4439 jam
528 4363 558 4422 et
576 4356 614 4424 dc
634 4358 672 4424 iis
690 4359 740 4444 qui
760 4362 981 4447 contemplatio
1032 4365 1152 4447 sistens,
1174 4365 1205 4430 in
1225 4381 1284 4448 qua
1303 4358 1479 4445 explicanda
1498 4357 1547 4425 vel
1571 4375 1715 4424 summum
1736 4358 1780 4424 di-

232 4479 298 4528 ueru
318 4462 443 4546 amplexi
465 4472 543 4544 sunt,
565 4465 606 4529 rei
629 4473 761 4532 tractate
780 4469 884 4535 seriem
901 4471 980 4537 ordi·
1032 4473 1117 4539 cendi
1142 4471 1287 4538 artificem
1312 4468 1511 4534 laboraturum
1538 4474 1569 4531 44
1587 4463 1779 4543 defatigatum

121 4661 126 4672 ἱ
230 4587 355 4654 444444
369 4587 560 4655 prosequens,
576 4589 644 4656 quae
654 4573 692 4641 44
701 4574 745 4640 eis
757 4576 816 4641 dici
826 4581 976 4662 convenit,
1033 4581 1068 4647 iri
1081 4590 1162 4648 certo
1181 4580 1251 4646 scio.
1265 4577 1506 4645 Contendendum
1520 4583 1617 4640 44444
1634 4580 1664 4639 44
1683 4573 1783 4638 44444-

229 4674 341 4742 dicam:
367 4675 438 4741 nihil
459 4677 546 4744 domo
565 4677 687 4745 allatum
702 4681 852 4766 adjiciens,
867 4690 901 4750 44
920 4704 981 4754 44·
1034 4691 1155 4759 andum
1176 4699 1239 4758 est:
1262 4707 1316 4756 uec
1342 4687 1472 4755 virorum
1491 4683 1613 4752 virtutis
1636 4682 1784 4766 magnitu-

264 4862 324 4918 vll.
343 4864 477 4929 Quamvis
496 4867 636 4941 interpres
654 4867 716 4924 loco
732 4873 761 4925 et
772 4869 915 4942 elegantia
929 4893 981 4931 su·
1034 4879 1134 4936 441444
1148 4881 1194 4936 uhi
1208 4883 1291 4951 urget
1303 4877 1482 4948 ambiguitas,
1495 4876 1535 4929 its
1547 4871 1681 4944 religiose
1694 4871 1784 4943 subji-

230 4953 326 5024 parior
338 4955 471 5010 inserviat
479 4959 677 5013 commentario
689 4957 866 5032 posterioris,
877 4961 911 5017 de
921 4982 982 5020 mo·
1034 4969 1117 5038 ciam,
1128 4973 1160 5024 ut
1169 4969 1251 5024 44144
1262 4965 1492 5037 orthographiam
1500 4961 1562 5018 cod.
1577 4960 1587 5016 l
1602 4959 1661 5016 iare
1671 4976 1783 5031 salw-

230 5057 261 5095 re
279 5057 340 5096 meo
359 5047 387 5096 44
404 5044 438 5097 ob
457 5044 630 5117 singularem
650 5046 766 5119 hujusce
784 5049 917 5124 indolem,
931 5069 982 5106 vs·
1036 5055 1090 5112 Sed
1109 5062 1227 5129 uterque
1240 5072 1258 5108 s
1269 5054 1463 5128 desperatione
1477 5055 1531 5106 est.
1545 5049 1645 5106 Nescio
1661 5065 1695 5102 44
1717 5047 1784 5100 1114-

231 5132 346 5185 rietstes
365 5132 445 5188 codd.
462 5131 487 5200 l,
500 5132 519 5188 2
536 5137 595 5190 sive
610 5137 769 5193 44414488
782 5141 922 5196 44114414.
935 5141 982 5210 61,
1036 5148 1175 5217 44441444,
1188 5147 1222 5202 44
1235 5164 1290 5220 444
1303 5165 1331 5218 p.
1345 5143 1411 5213 288,
1425 5147 1463 5201 414
1476 5141 1581 5198 nostris
1592 5138 1782 5212 praestantior·
