4038 6088
846 489 889 554 IN
909 489 1079 558 PSALMOS

236 661 267 706 v.
285 642 333 706 17.
350 642 544 712 Γινώσκεται
557 630 665 736 Κύριος
682 646 821 737 κρίματα
833 657 938 712 ποιῶν,

230 753 338 820 Ἔστιν
362 755 416 818 ὅτε
440 753 494 818 καὶ
517 756 552 819 ἐκ
575 763 637 819 τῶν
655 754 813 845 κριμάτων
837 747 939 829 ποδη-

189 863 338 959 γοθμενος
351 867 367 927 ὁ
382 848 539 953 ἄνθρωπος
548 862 745 957 ἐπιγινώσκει
754 863 808 929 τὸν
818 863 937 956 Κύριον.

235 970 339 1034 v.18.
364 969 675 1072 Ἀπφστραφήτωσαν
700 977 728 1036 oi
757 972 939 1062 ἁμαρτωλοὶ

190 1085 232 1157 εἰς
255 1079 310 1144 τὸν
335 1069 433 1164 ᾅδην,
457 1077 564 1144 πάντα
586 1075 629 1145 τά
651 1077 723 1154 ἔθνη
748 1077 791 1145 τά
813 1081 938 1145 ἐπιλαν-

189 1187 347 1277 θανόμενοι
369 1196 427 1252 τοῦ
451 1193 540 1252 Θεοῦ.

232 1295 498 1386 Ἀποστρέφοντοιι
512 1301 541 1360 ci
565 1295 745 1386 ἁμαρτωλοὶ
762 1302 804 1374 εἰς
827 1297 881 1362 τδν
898 1296 937 1382 ᾅ-

188 1395 257 1482 δην,
275 1405 325 1470 ἵνα
347 1393 453 1471 ἴδωσιν
469 1401 529 1476 τήν
545 1401 647 1477 Ἰησοῦ
663 1401 767 1494 ψυχήν
783 1397 936 1468 καταέαί-

188 1533 301 1580 νονσαν
325 1509 378 1576 καὶ
400 1502 638 1575 άναθαίνουσαν.
654 1516 693 1576 0t
715 1510 775 1604 γάρ
799 1502 935 1601 προσδο-

187 1617 342 1696 κήσαντες
359 1615 457 1692 αὑτήν
474 1617 607 1708 ὡσπερεὶ
622 1611 682 1696 ἔξω
698 1611 841 1696 tenerem,
854 1629 935 1709 πρῶ-

186 1750 241 1793 τον
258 1726 313 1817 μὲν
330 1732 359 1792 ot
374 1729 405 1792 ἐν
417 1733 492 1815 ήμῒν
507 1725 698 1818 ἁμαρτωλοὶ,
712 1722 781 1792 εἶτα
792 1727 834 1793 τά
849 1727 932 1802 ἐθνη.

188 1871 228 1886 -
254 1835 293 1900 Τί
315 1831 486 1900 ἐπελάθετο
510 1833 552 1899 τά
578 1833 650 1907 ἐθνη
676 1834 731 1899 τδν
760 1834 930 1925 Κθριον;ή

185 1941 246 2034 γάρ
257 1941 341 2016 λήθη
361 1933 491 2030 δευτέρα
504 1940 656 2032 γνώσεως·
669 1946 778 2007 οὐκοῦν
791 1941 932 2007 ἐντεῦθεν

185 2048 278 2140 σαφὲς
301 2048 355 2113 καί
377 2047 425 2113 τό·
448 2047 529 2142 Ἐγὼ
553 2047 708 2138 ἐφθτενσά
731 2071 766 2112 σε
790 2048 930 2138 ἄμπελον

188 2156 392 2248 καρποφόρον,
415 2165 520 2222 πᾶσαν
543 2153 703 2230 ἀληθινήν·
726 2162 794 2232 Πῶς
819 2157 931 2248 ἐστρά-

185 2289 244 2359 φης
264 2271 305 2341 εἰς
320 2265 455 2355 πικρίαν,
473 2270 492 2339 ἡ
511 2262 650 2352 ἄμπελος
667 2270 686 2339 ή
705 2266 874 2355 ἀλλοτρία;

228 2389 262 2437 v.
283 2371 334 2451 28,
356 2370 407 2435 θθ.
432 2365 476 2438 Οὗ
496 2375 570 2462 ἀρᾶς
586 2373 623 2438 τὸ
641 2373 745 2462 στόμα
761 2378 856 2438 αὑτοῦ
879 2373 931 2465 γέ-

185 2505 265 2572 μει...
285 2477 480 2572 Ἐγκάθηται
495 2469 603 2569 ἐνέδρᾳ
619 2478 701 2568 μετά
720 2481 873 2546 πλουσίων
898 2485 929 2547 ἐν

184 2588 377 2679 άποκρθφοις.

228 2699 263 2765 ‘0
272 2697 327 2787 μὲν
341 2689 455 2772 δίκαιος
469 2699 594 2788 εθλογεῒ
603 2695 658 2761 τδν
666 2695 776 2788 Κύριον
789 2699 820 2763 ἐν
833 2698 936 2788 παντὶΙ

182 2815 288 2895 καιρῷ,
313 2809 330 2868 d
354 2795 388 2870 δέ
412 2804 595 2894 ἁμαρτωλὸς
615 2804 790 2896 ἐγκάθηται
813 2797 928 2896 ἐνέδρᾳ.

227 2930 258 2977 v.
283 2911 320 2976 θθ
343 2911 392 2974 31.
416 2902 587 3002 Ἐνεδρεθει
617 2913 648 2976 ἐν
681 2911 864 3003 ἀποκρύφῳ,
889 2919 929 2990 ὡς

181 3021 261 3088 λέων
278 3023 309 3086 ἐν
323 3031 363 3106 τῇ
383 3009 506 3109 μάνδρᾳ
519 3023 624 3083 αὑτοῦ·
637 3009 787 3110 ἐνεδρεθει
801 3029 858 3084 τοῦ
874 3025 929 3110 ἀρ-

180 3128 279 3195 πάσαι
294 3128 434 3218 πτωχὸν,
451 3126 588 3217 ἁρπάσαι
611 3128 738 3216 πτωχὸν
763 3130 793 3192 ἐν
810 3137 856 3211 τῷ
876 3132 929 3192 ἐλ-

181 3235 273 3301 κθσαι
285 3235 379 3300 αὑτὸν
396 3239 426 3300 ἐν
443 3245 485 3320 τῇ
498 3225 608 3325 παγίδι
621 3236 726 3297 αὑτοῦ·
742 3233 929 3299 ταπεινώσει

181 3343 286 3421 αὺτὸν,
301 3339 401 3430 nider,
419 3340 472 3404 καὶ
487 3351 629 3405 πεσεῖται
645 3343 676 3405 ἐν
692 3349 738 3424 τῷ
755 3340 848 3405 αὺτδν
865 3365 929 3406 κα-

180 3460 381 3541 τακυριεῦσαι
404 3459 467 3514 τῶν
490 3450 643 3524 πενήτων.

224 3555 372 3648 Καθάπερ
395 3555 474 3622 λέων
497 3547 578 3642 τῇδε
610 3559 737 3622 κάκεῖσε
760 3555 927 3648 μεταφέρει

178 3665 215 3733 τὸ
238 3664 343 3755 ὄμμα,
368 3664 464 3757 θήραν
489 3659 661 3746 ἐπιζητῶν,
686 3665 782 3742 οὕτως
805 3663 927 3756 νθκτωρ

178 3772 232 3838 καὶ
256 3771 322 3862 μεθ’
347 3772 466 3862 ήμέφαν
492 3777 634 3865 ἁρπαγῆς
665 3773 719 3837 καί
745 3766 926 3851 πλεονεξίας

178 3884 296 3946 ἐπινοεῖ
310 3883 467 3971 μηχανήν·
485 3881 554 3946 ἀλλ’
572 3882 654 3970 ὅμως
670 3879 769 3970 nider,
785 3881 927 3945 κα1πεσ-

178 4001 268 4056 εῖται.
282 3989 390 4056 Ἕλκει
407 3990 462 4080 μέν
480 3982 531 4056 διά
547 4001 602 4056 τοῦ
617 3995 781 4084 λογισμοῦ,
796 3984 926 4080 ἁρπάζει

177 4089 211 4164 δέ
236 4090 288 4165 διά
311 4110 371 4176 τῆς
394 4098 465 4163 κατ’
489 4100 628 4190 ἐνεργίαν
653 4100 816 4188 ἁμαρτίας.

221 4229 251 4275 v.
276 4208 325 4272 33.
348 4203 396 4272 Mi
416 4203 547 4292 ἐπιλάθῃ
566 4214 629 4268 τῶν
647 4205 801 4278 πενήτων.

219 4318 256 4378 Ei
272 4311 444 4378 ἐπελάθετο
460 4323 523 4378 τῶν
537 4313 680 4388 πενήτων
694 4317 710 4376 ὁ
723 4311 841 4403 Κύριος,
854 4305 925 4399 ᾔδει

175 4420 246 4498 τοὺς
270 4422 408 4498 πένητας
432 4425 448 4486 ὁ
472 4421 589 4510 Κύριος.

173 4583 346 4638 munditiam
364 4585 426 4652 ejus
444 4591 643 4652 corrumpetur
660 4585 843 4652 corruptione
859 4599 921 4652 pes·

173 4676 255 4728 simo.

209 4780 235 4817 ο.
260 4758 303 4816 18.
320 4762 382 4818 Vei.
406 4759 445 4818 13.
466 4761 637 4816 Praetermisi
650 4761 781 4832 primum,
800 4763 865 4832 post
879 4776 924 4814 re-

173 4850 244 4904 tinui
258 4849 404 4920 scholium,
418 4853 445 4904 et
465 4849 526 4904 ideo
545 4849 669 4920 reposui,
682 4848 754 4921 quod
774 4848 857 4902 nimis
878 4865 923 4903 ve·

172 4942 269 4994 xatum
289 4939 430 4993 videretur
449 4943 505 4992 tam
524 4938 598 5009 apud
617 4938 673 5006 BB,
686 4955 777 5009 .qusm
805 4937 833 4990 iu
854 4937 923 4990 Cor·-

171 5026 242 5081 derii
268 5027 380 5081 catena.
406 5025 654 5097 Ἀποστραφήτωσοιν
678 5027 922 5093 (ἂποκλεισθήτωσαν

173 5116 229 5183 BB)
242 5119 264 5169 οἱ
278 5121 423 5187 ἁμαρτωλοὶ
444 5123 509 5184 (om.
522 5116 590 5183 ΒΒ),
606 5117 644 5167 ἳνα
658 5116 693 5186 μή
709 5115 791 5168 ἴδωσιν
807 5117 851 5173 mir
865 5117 922 5187 (ΒΒ

171 5223 224 5261 om.
244 5207 298 5271 τήν)
318 5205 400 5262 Ἰησοῦ
414 5206 493 5274 ψυχήν
508 5201 707 5258 καταθαίνουσαν
720 5211 764 5259 καὶ
778 5201 923 5258 &tetuinu-

172 5313 226 5364 σειν,
236 5297 300 5350 ἔνδον
314 5297 522 5374 ἀπεστραμμένοι.
533 5297 590 5352 Neo
602 5294 684 5370 plura
698 5295 808 5354 (iorder.
825 5295 849 5365 1,
864 5294 921 5356 191.

1683 499 1741 564 tit

1033 661 1066 709 ν.
1080 645 1129 710 17.
1144 645 1327 729 Cognoscitur
1341 646 1604 732 dominosjudirio
1617 650 1741 732 iorum.

1036 755 1094 820 Usu
1104 755 1187 821 venit
1197 755 1275 839 quod
1284 775 1320 822 ex
1332 755 1451 839 judiciis
1462 757 1643 840 pedetentim
1654 761 1741 829 borno

992 862 1107 940 ductus,
1128 872 1272 942 agnoscat
1291 863 1460 930 Dominum.

1031 986 1063 1033 v.
1076 969 1126 1034 18.
1143 969 1350 1034 Convertuntur
1362 975 1524 1054 peccatores
1536 972 1569 1036 in
1582 975 1740 1056 infernum,

991 1095 1087 1142 omnes
1106 1083 1201 1160 pentes
1221 1096 1293 1162 quoe
1314 1078 1515 1145 obliviscuntur
1536 1079 1601 1144 Dei.

1030 1292 1249 1360 Convertuntur
1270 1301 1435 1376 peccatores
1464 1295 1494 1359 in
1520 1294 1683 1376 infernum,
1709 1309 1741 1364 ut
1833 1271 1835 1274 Ι

990 1397 1112 1467 videant
1132 1401 1260 1466 animam
1273 1401 1341 1466 iesu
1356 1401 1583 1470 descendentem
1597 1413 1627 1469 et
1645 1422 1740 1470 resur·

989 1515 1118 1588 gentem.
1132 1505 1190 1585 Qut
1202 1506 1281 1572 enim
1291 1509 1487 1590 expectabant
1496 1529 1575 1592 eum,
1590 1519 1739 1596 tamquam

989 1613 1059 1679 ioris
1080 1623 1210 1693 stantes,
1232 1615 1461 1699 prospiciebant,
1484 1637 1519 1682 ae
1539 1620 1664 1702 primum
1686 1619 1736 1704 qui

987 1741 1027 1788 ex
1041 1723 1125 1788 nobis
1140 1733 1307 1808 peccarunt,
1324 1725 1429 1791 deiude
1446 1736 1563 1809 gentes.
1579 1728 1666 1794 -iu
1681 1747 1740 1812 quo

987 1829 1088 1896 oblita
1101 1838 1170 1895 suut
1183 1838 1290 1911 gentes
1304 1831 1484 1897 Dominum?
1496 1832 1614 1898 Etenim
1628 1833 1740 1899 oblivio
1810 1819 1812 1824 ¹

985 1938 1145 2017 cognitioni
1158 1939 1302 2024 posterior
1313 1950 1370 2004 est.
1382 1940 1456 2007 lude
1465 1961 1539 2023 ergo
1551 1942 1738 2025 perspicuum

985 2045 1057 2111 iliud
1077 2054 1139 2111 est:
1159 2047 1249 2128 «Ego
1264 2044 1400 2126 plantavi
1422 2055 1450 2112 te
1471 2045 1588 2114 vineam
1607 2048 1740 2113 iruetiie-

984 2171 1058 2232 ram,
1073 2162 1165 2219 tetam
1177 2171 1278 2219 reram
1286 2171 1296 2234 ;
1313 2153 1458 2238 quomodo
1469 2172 1554 2223 versa
1564 2175 1597 2221 es
1610 2155 1641 2219 iu
1655 2173 1736 2222 ama-

983 2259 1153 2342 ritudinem,
1176 2268 1208 2325 tu
1229 2261 1299 2328 sitis
1319 2261 1464 2327 utiensi»

1024 2387 1055 2435 s.
1079 2369 1130 2450 28,
1153 2370 1203 2433 tt.
1228 2369 1320 2454 Cujus
1347 2369 1544 2434 meledictione
1571 2387 1604 2434 os
1621 2367 1737 2452 pienum

983 2481 1060 2539 est...
1073 2476 1158 2542 Sedet
1168 2477 1200 2540 in
1212 2478 1332 2544 insidiis
1342 2498 1406 2544 cum
1417 2479 1548 2544 diuitibus
1562 2479 1594 2542 in
1605 2477 1733 2543 occultis.

1023 2695 1125 2760 iustus
1150 2696 1180 2761 in
1200 2699 1278 2761 omni
1301 2706 1432 2778 tempore
1451 2695 1546 2761 Deum
1566 2695 1733 2778 benedicit;

982 2813 1117 2886 peccator
1136 2812 1237 2868 autem
1256 2803 1342 2868 sedet
1363 2805 1393 2868 in
1413 2802 1540 2868 insidiis.

1022 2930 1054 2977 v.
1078 2912 1187 2976 tt-ct.
1212 2911 1372 2976 Insidiator
1391 2912 1421 2974 in
1449 2910 1630 2987 abscondito,
1651 2909 1737 2993 quasi

983 3018 1039 3082 Leo
1049 3022 1081 3082 in
1094 3018 1230 3101 spetunca
1243 3036 1309 3082 suo.
1322 3017 1490 3097 Insidiotur,
1502 3025 1534 3080 ut
1548 3018 1649 3100 ropiot
1657 3035 1734 3101 pou·

979 3143 1088 3208 peren,
1111 3125 1179 3188 dum
1200 3125 1325 3189 ottrcbit
1343 3143 1406 3188 cum
1425 3125 1455 3187 in
1477 3124 1576 3207 laqueo
1593 3142 1661 3188 suo:
1682 3124 1733 3187 bu·

982 3232 1112 3298 miiiobit
1123 3251 1198 3312 curn,
1213 3231 1363 3296 inclinabit
1374 3252 1417 3310 so,
1432 3239 1458 3297 et
1478 3232 1568 3314 rudet,
1585 3249 1670 3314 quum
1684 3231 1733 3296 do·

980 3343 1105 3408 rninotcr
1124 3341 1217 3424 fcerit
1234 3359 1405 3425 pauperum.

1021 3555 1104 3623 Sicut
1117 3556 1162 3623 leo
1186 3556 1246 3621 buc
1265 3554 1335 3621 iiiuc
1355 3557 1455 3622 ocutos
1476 3554 1577 3636 vertit,
1601 3539 1731 3638 predam

980 3685 1126 3752 querens,
1143 3664 1185 3728 ita
1208 3663 1364 3746 [diabolus]
1387 3674 1534 3747 noctuque
1555 3673 1585 3730 et
1605 3663 1657 3730 diu
1679 3681 1733 3730 ra-

980 3775 1057 3858 pina
1071 3771 1265 3839 etsioientiae
1286 3770 1451 3837 molitiones
1472 3769 1602 3853 instruit,
1624 3791 1729 3838 verum

980 3881 1067 3947 simui
1087 3897 1123 3944 ee
1148 3877 1315 3957 inclinabit,
1341 3877 1495 3962 cedetque.
1522 3880 1652 3946 Attrahit
1678 3899 1731 3963 per

982 3990 1181 4068 tentationem,
1204 3985 1394 4070 repitautem
1414 4005 1469 4068 per
1487 3995 1641 4069 peccatum
1661 3994 1729 4050 actu

980 4105 1139 4180 patratum.

1019 4223 1051 4270 v.
1075 4203 1124 4268 33.
1147 4202 1192 4270 Ne
1212 4202 1392 4266 obtiviseoris
1411 4221 1580 4285 pauperum.

1019 4311 1050 4377 Si
1061 4310 1172 4376 obiitus
1186 4318 1233 4374 est
1246 4327 1407 4393 pauperum
1421 4308 1575 4389 Dominus,
1587 4309 1728 4375 Dominus

979 4428 1102 4486 noverat
1123 4437 1277 4503 pauperes.

978 4582 1081 4636 Nostra
1092 4580 1154 4634 inde
1165 4581 1210 4634 ΒΒ
1220 4584 1433 4652 persequuntur,
1440 4579 1489 4634 sed
1503 4583 1724 4652 παραφραστικῶς.

980 4669 1021 4724 Ex
1040 4685 1214 4742 quacumque
1233 4669 1374 4741 scripture
1387 4671 1507 4740 emergit
1524 4670 1725 4738 testimonium,

979 4774 1064 4829 quum
1084 4758 1117 4811 de
1137 4758 1241 4815 Christi
1260 4757 1352 4812 anima
1370 4757 1404 4812 ed
1417 4757 1524 4812 inferos
1541 4757 1725 4812 descendente

978 4846 1112 4906 memoria
1131 4865 1185 4902 nou
1204 4849 1244 4902 its
1264 4847 1395 4919 frequens
1411 4849 1449 4902 sit
1467 4848 1538 4919 apud
1552 4855 1672 4917 veteres,
1691 4863 1724 4902 ea

979 4935 1133 4990 sollicitare
1147 4953 1202 4991 nou
1215 4937 1317 5008 piguit,
1329 4937 1456 5007 quumvis
1476 4935 1610 4992 nonnulle
1625 4938 1727 4991 iterum

979 5027 1146 5097 apocryphis
1165 5026 1307 5098 accedant.
1330 5027 1358 5080 iu
1377 5027 1433 5081 dne
1451 5028 1552 5081 ierem.
1573 5043 1604 5094 u,
1622 5024 1668 5083 21.

1015 5135 1040 5171 n.
1059 5113 1105 5184 28,
1125 5114 1172 5182 29,
1192 5117 1256 5171 vat.
1276 5115 1304 5171 2.

1014 5226 1042 5262 ο.
1063 5205 1108 5277 30,
1127 5205 1172 5263 31.
1194 5209 1258 5262 Vei.
1277 5207 1306 5277 2,
1325 5207 1353 5265 5.

1013 5317 1040 5353 ο.
1057 5295 1106 5366 33,
1125 5296 1170 5369 34,
1191 5299 1256 5354 Vas.
1275 5297 1302 5356 5.
