4044 6098
823 498 1021 565 VARIORUM
1045 497 1330 567 PROLEGOMENA

1058 773 1104 844 ΙΙ.

675 969 771 1036 Ὅσαι
793 969 878 1035 κατὰ
901 970 973 1046 τοὺς
996 972 1030 1036 θ’
1054 978 1118 1034 τῶν
1141 964 1274 1056 ψαλμῶν
1296 965 1475 1057 προγραφαὶ

378 1099 383 1112 ·
466 1080 539 1143 οὔτε
563 1082 595 1142 ἐν
620 1087 666 1162 τῷ
691 1072 844 1170 Ἑβραϊκῴ
868 1082 940 1145 οὔτε
963 1077 1048 1169 παρά
1070 1087 1135 1154 τοῖς
1157 1080 1276 1151 λοιποῖς
1300 1077 1505 1164 ἑρμηνευταῖς
1528 1075 1683 1165 φέρονται.

648 1213 791 1298 Quotquot
809 1222 878 1278 runt
894 1217 982 1297 junia
1003 1213 1090 1278 LXX
1107 1213 1286 1296 psalmorum
1307 1213 1507 1296 inscriptiones

469 1343 542 1408 qnae
562 1343 651 1408 neqne
670 1324 752 1406 apud
771 1322 929 1401 Hebraeos,
949 1339 1038 1405 neque
1059 1321 1140 1404 apud
1159 1328 1284 1386 caeteros
1304 1320 1471 1402 interpretes
1490 1323 1683 1384 inveniuntur.

344 1511 414 1577 Ἐπὶ
429 1522 485 1576 τοῦ
503 1505 517 1575 ι’
539 1512 702 1602 πρόκειται
725 1521 766 1596 τῇ
788 1521 892 1602 γραῳῆ
918 1506 1047 1600 ψαλμός,
1102 1500 1193 1598 τράδι
1218 1507 1389 1594 σαββάτου.

354 1610 391 1682 ιδ’
417 1619 583 1709 Πρόκτιται
608 1624 649 1695 εἰς
672 1619 710 1683 τὸ
726 1617 824 1696 τέλος.
1154 1607 1199 1702 [ιδ’
1224 1616 1465 1709 Προγέγραπται
1482 1612 1565 1693 αἶνος
1581 1607 1663 1699 ᾠδῆς
1684 1627 1729 1700 τῷ
1746 1609 1851 1682 Δαυίδ.

345 1727 393 1818 κγ’
420 1727 586 1816 [[ρόκειται
608 1735 666 1802 τῆς
691 1735 761 1815 μιᾶς
786 1725 958 1810 σαββάτου.
1157 1725 1198 1810 [ιε’
1224 1725 1465 1816 Προγέγραπται
1482 1719 1563 1800 αἶνος
1583 1716 1664 1809 ᾠδῆς
1681 1733 1727 1808 τῷ
1744 1717 1850 1788 Δαυίδ.

354 1826 393 1909 κς’
421 1833 589 1922 Πρόκειται
611 1834 670 1920 πρὸ
693 1843 748 1897 τοῦ
771 1831 944 1922 χρισθῆναι.
1156 1827 1196 1919 [ιε’
1223 1833 1463 1926 Προγέγραπται
1487 1843 1542 1897 τοῦ
1566 1824 1673 1909 Δαυίδ,
1691 1835 1745 1898 ὅτε
1770 1828 1851 1910 οἶκος

367 1941 393 2004 λ’
419 1941 587 2031 Πρόκειται
610 1941 794 2017 ἐκστάσεως.
1038 1969 1042 1978 ·
1102 1933 1300 2031 ᾠκοδόμητο,
1325 1939 1409 2029 μετά
1431 1940 1492 2014 τὴν
1516 1942 1744 2030 αἰχμαλωσίαν.

352 2052 454 2134 λ’Πβ
458 2050 567 2142 ρογίγρ
569 2073 667 2114 απται
690 2047 811 2137 βαλμὸς
830 2057 877 2132 τῷ
900 2039 1004 2114 Δαυίδ.
1154 2042 1201 2135 [ιζ’
1224 2049 1465 2141 Προγέγραπται
1488 2047 1610 2137 ᾠαλμδς
1633 2059 1679 2133 τῷ
1702 2041 1806 2114 Δαυίδ.

356 2151 456 2236 Vll(

460 2158 677 2248 ρόκιιταιρ
620 2181 677 2245 περ
681 2156 690 2219 ί
714 2155 893 2240 Σαββάτου.
1149 2150 1197 2242 [ιη’
1221 2157 1361 2249 Προγέγρ
1365 2181 1463 2221 απται
1486 2152 1608 2246 ψαλμδς
1632 2165 1678 2240 τῷ
1701 2147 1805 2221 Δαυίδ.

346 2266 398 2356 μβ
423 2266 665 2358 Προγέγραπται
688 2274 735 2347 τῷ
758 2255 856 2330 Δαυὶδ
879 2259 1011 2352 ψαλμός.
1161 2255 1200 2349 [ις
1224 2263 1466 2392 Προγβγραπται
1482 2272 1527 2348 τῷ
1540 2253 1637 2328 Δαυίδ
1653 2262 1704 2329 ἐπὶ
1720 2275 1777 2341 τῆς
1794 2271 1851 2329 τοῦ

350 2367 399 2462 μζ
425 2379 453 2436 Π
456 2372 565 2464 ρογίγρ
527 2395 667 2464 γαπται
690 2363 821 2462 δευτέρᾳ
844 2371 1016 2456 σαββάτου.
1104 2370 1223 2460 κόσμου
1247 2370 1405 2463 γενέσεως.

352 2471 398 2544 υδ*
424 2481 591 2570 Πρόκτιται
614 2481 688 2571 πρὸς
708 2480 762 2545 τὸν
787 2474 868 2545 οἶκον
894 2477 1005 2544 Σαουλ.
1150 2504 1199 2568 ρια
1198 2479 1334 2570 ’Πρόκε
1329 2503 1392 2543 ,ται
1415 2489 1472 2555 τῆς
1439 2469 1683 2569 ῆίπιστρσῳῆς
1699 2477 1850 2570 Ἀγγαίου

375 2587 664 2681 σ’Προγέγραπται
676 2597 722 2672 τῷ
734 2578 830 2653 Δαυίδ
843 2586 965 2676 ψαλμδς
977 2592 1049 2651 υίῶν
1104 2586 1158 2651 καί
1181 2588 1345 2678 Ζαχαρίου.

300 2687 451 2761 Ιωναδάβ
472 2694 573 2783 ι)ιιαί
595 2706 658 2762 τῶν
690 2695 823 2787 πρώτων
855 2698 1051 2785 αἰχμαλωτι-
1115 2767 1123 2785 ι
1166 2684 1220 2785 ριδ’
1245 2692 1487 2786 Πρυγέγραπται
1511 2692 1695 2766 άλληλοίιΐα.

301 2801 444 2868 σθίντων.
1162 2793 1220 2892 ρις’,
1245 2802 1314 2892 ριη’,
1342 2792 1410 2892 ρλς’,
1433 2801 1509 2863 iiem.

361 2903 398 2975 σε’
424 2910 592 3001 Πρόκειται
613 2911 687 3002 πρὸς
711 2910 766 2975 τὸν
790 2908 959 3000 Ἀσσύριον.
1150 2901 1216 2999 ρμβ
1242 2907 1409 2999 Πρόκειται
1428 2910 1483 2974 ὅτε
1501 2909 1594 2972 αὑτὸν
1611 2912 1627 2972 ὁ
1644 2907 1707 2984 υίδς
1724 2898 1850 2973 ἐδίωκεν

250 3094 253 3099 ,
353 3017 398 3083 σθ’
422 3019 589 3109 Πρόκειται
611 3018 685 3108 ὑπὲρ
709 3028 765 3083 τοῦ
789 3018 959 3108 Ἀσσυρίου.
1104 3014 1322 3106 Ἀβεσσαλῴμ.

370 3124 396 3211 [ι’
420 3125 482 3217 Πρό
484 3149 587 3191 κειται
611 3119 693 3200 αἶνος
717 3115 800 3208 ᾠδῆς
823 3133 870 3207 τῷ
893 3113 997 3188 Δαυίδ.
1149 3123 1217 3216 ρμγ’
1244 3124 1411 3215 Πρόκειται
1435 3123 1509 3213 πρὸς
1533 3124 1588 3189 τὸν
1611 3122 1733 3189 Γολιάθ.

349 3233 396 3319 [ιβ’
422 3233 561 3326 Πρυγέγρ
563 3257 662 3298 απται
686 3236 728 3308 τίς
758 3232 818 3306 τὴν
847 3231 965 3321 ῆμίραν
993 3241 1049 3296 τοῦ
1155 3232 1286 3322 ρμς’ρ
1242 3231 1483 3324 Προγίγραπται
1507 3232 1683 3306 ὰλληλσίϊα
1700 3231 1850 3323 Ἀγγαίου

301 3341 571 3432 προσαββάτουᾙ
561 3342 615 3406 ότε
631 3339 811 3424 κατῳκίσθη
837 3347 856 3415 ἡ
881 3351 934 3432 γῆ
959 3344 990 3406 ὲν
1016 3332 1049 3405 δὲ
1102 3340 1157 3405 καί
1180 3341 1345 3429 Ζαχαρίου.

301 3449 425 3540 ἑτάροις,
449 3443 531 3524 αίνος
553 3439 634 3530 ᾠδῆς
658 3457 705 3532 τῷ
728 3438 870 3528 Δαυίδῴ.
1147 3448 1219 3578 ρμη’
1245 3447 1486 3539 Προγέγραπται
1510 3446 1685 3518 άλληλυύία
1701 3445 1850 3536 Ἀγγαίου

349 3555 396 3647 [ιγ
421 3553 662 3646 Προγίγραπται
678 3551 798 3642 ψαλμδς
813 3561 859 3635 τῶ
878 3544 975 3617 Δαυίδ
997 3575 1050 3617 τε·
1102 3553 1156 3618 καί
1179 3557 1346 3644 Ζαχαρίου.

338 3800 371 3856 [Ι.
391 3800 434 3855 Ex
452 3798 532 3855 codd.
552 3801 615 3856 Vnt.
634 3799 660 3871 5,
678 3800 707 3854 6.
1102 3807 1163 3858 cion
1180 3801 1322 3870 significat
1341 3799 1424 3873 plura
1443 3818 1473 3856 σο
1492 3800 1663 3874 exemplaria
1686 3799 1849 3858 eontulisee.

340 3890 363 3956 1)
377 3890 500 3954 Ἰωναδὰβ
513 3890 644 3945 eieeedd.
656 3890 703 3962 qui
721 3893 813 3944 tamen
831 3889 933 3944 habent
945 3887 1048 3960 Ἀμιιιι-
1102 3887 1199 3945 Palem
1218 3894 1418 3950 insinuatorem
1438 3893 1574 3964 Synopeis
1587 3891 1784 3948 Athanneianae
1796 3891 1848 3946 nub

302 3977 351 4034 δαί
370 3981 399 4036 in
411 3981 555 4054 superiore
567 3978 691 4036 elencho.
706 4010 738 4020 -
753 3977 777 4044 ²)
790 3979 894 4051 Aperte
906 3983 985 4036 retur
997 3995 1048 4035 au·
1102 3978 1191 4036 oeulis
1209 3979 1339 4036 habaina
1358 3985 1468 4036 ιιοσιιοε
1487 3987 1535 4038 συί
1552 3981 1661 4038 rimilen
1679 3979 1818 4037 elenchos.

1042 4265 1110 4340 ΙΙΙ.

444 4483 564 4572 [Ἐπιγρ
567 4479 643 4570 αῳαί
667 4479 720 4543 καί
744 4478 848 4570 ἀρχαί]
874 4487 937 4544 τῶν
960 4469 1056 4564 ᾠδῶν.
1083 4513 1117 4524 --
1141 4477 1344 4564 Ιιιιοσίρίίοιιω
1363 4485 1390 4544 ei
1408 4480 1494 4546 inin’n
1515 4479 1710 4546 θυυίίσοιυω.

346 4695 452 4780 «'.['ss
455 4686 505 4780 δὴ]
525 4692 700 4770 Μωυσέως
660 4717 720 4758 ιν
736 4703 776 4778 τῆ
791 4685 906 4777 Εξόῳδ
909 4687 1047 4779 ,βιβλίῳ
1103 4689 1275 4780 βιβλίῳί
1236 4720 1259 4760 π
1276 4719 1371 4786 μπτῳ
1393 4707 1452 4774 τῆς
1475 4696 1680 4787 ὸκτατιίιχου.
1698 4696 1848 4786 Πρόσεχε,

302 4793 434 4892 διυτίρῳ
457 4810 515 4876 τῆς
540 4799 744 4890 ὁκτατιίχου.
757 4798 901 4888 ’ᾼσωμεν
926 4807 971 4882 τῷ
988 4803 1048 4862 Κυ-
1100 4801 1258 4891 σὺρανὲ...

302 4914 404 5001 ρίῳ...
1142 4909 1183 5003 γ’.
1203 4909 1317 4986 Ἀννης
1341 4911 1459 5001 μητρὸς
1484 4909 1635 5001 Σαμουὴλ
1652 4921 1708 4978 τοῦ
1731 4911 1849 5002 προφή-

345 5023 380 5106 β’.
407 5009 509 5105 [ᾨδῆ]
530 5017 677 5093 Μωϋσέως
694 5020 723 5080 ἐν
740 5023 785 5098 τῷ
802 5017 1044 5106 Δευτιρσνομίῳ,
1098 5041 1164 5096 του,
1188 5021 1219 5083 ἓν
1242 5026 1288 5102 τῷ
1310 5017 1426 5109 πρώτῳ
1451 5009 1561 5103 βιβλίῳ
1592 5027 1655 5084 τῶν
1682 5020 1847 5102 βασιλειῶν

336 5255 378 5311 ill.
399 5257 440 5312 Ex
459 5255 537 5312 codri.
557 5253 586 5323 5,
599 5253 627 5309 6.
644 5251 751 5308 inclusa
769 5251 910 5323 pertinent
929 5250 962 5303 nd
980 5248 1008 5304 6.
