4044 6098
232 449 291 514 396
907 440 1102 510 uetustius

232 604 289 673 cst,
303 603 355 660 aut
369 593 486 678 spurios
506 610 570 658 esse
590 591 814 658 commentarios
828 591 931 659 horum
946 591 1065 658 nomine
1079 590 1228 674 vulgatos,
1243 599 1295 657 aut
1310 590 1400 675 plagii
1417 592 1520 659 iraude
1541 592 1642 661 ambos
1655 591 1780 659 Arianos

232 701 375 768 immunes
388 719 447 766 non
461 718 536 781 csse,
549 707 581 764 ut
595 698 645 782 qui
661 697 750 764 tacito
766 699 853 780 iurto,
870 698 964 783 plenis
978 699 1063 778 ulnis,
1077 716 1095 762 e
1109 716 1187 781 peuu
1203 697 1339 779 Origenis
1353 714 1424 762 suas
1437 717 1546 765 merces
1560 698 1683 783 expilati
1698 707 1778 764 suut.

232 808 362 874 Alterum
385 815 441 886 est,
462 806 620 886 neminem,
643 805 694 889 qui
716 813 816 869 nostra
837 806 1014 885 versaverit,
1039 805 1147 872 taedere
1167 813 1312 889 oportere,
1333 805 1360 870 si
1380 805 1482 872 ambos
1502 807 1631 888 eosdem,
1654 805 1781 872 maxime

233 915 271 979 ub
293 914 391 993 initio,
412 912 539 996 singulis
560 913 649 979 ierme
669 911 824 978 uersiculis
837 911 1010 978 recolamus.
1026 911 1207 978 Postremum
1227 911 1356 996 denique
1376 912 1454 979 ultro
1474 914 1665 998 spondemus,
1687 913 1781 979 serim

232 1022 354 1088 ociusre
375 1040 393 1086 a
414 1021 513 1099 nohis,
534 1019 624 1088 etiam
644 1029 712 1106 post
726 1024 760 1085 A.
777 1019 900 1101 blaium,
916 1020 1114 1104 esscedenda
1135 1019 1215 1086 haud
1229 1037 1324 1105 pauca
1339 1022 1368 1086 in
1383 1021 1512 1105 psalmos
1526 1022 1646 1088 Husebii
1666 1023 1782 1088 nomine

234 1127 388 1212 inscripta,
411 1145 477 1212 que
498 1126 555 1192 luci
577 1126 674 1192 danda
695 1126 846 1207 ridentur,
862 1127 919 1211 ipsi
939 1139 973 1193 ut
992 1128 1065 1193 satis
1085 1127 1207 1210 Origeui
1228 1129 1290 1194 liat

224 1310 227 1317 ,
271 1235 416 1303 Asterium
437 1238 590 1316 Arianum,
613 1235 691 1318 quod
710 1234 805 1313 licuit,
827 1233 865 1299 ab
885 1252 953 1300 orco
973 1235 1126 1302 revomuit
1144 1234 1251 1316 blaius,
1268 1241 1333 1318 post
1345 1221 1513 1314 Eusebium,
1527 1235 1558 1301 iu
1579 1253 1638 1320 quo
1659 1237 1782 1302 fortasse

228 1342 282 1406 hic
300 1343 454 1424 sepelitur,
476 1341 526 1408 ubi
548 1360 607 1407 non
625 1342 705 1425 jacet
724 1341 868 1424 Origenes
882 1342 917 1420 ¹).
1722 1405 1727 1412 .

273 1448 452 1533 Apollinaris
466 1458 577 1529 autem,
595 1448 723 1514 liberiori
738 1448 874 1531 quamuis
889 1457 921 1513 et
934 1447 1063 1514 uberiori
1078 1446 1197 1530 ingenio
1211 1447 1545 1532 luxurietur,apuantum
1566 1466 1620 1514 uos
1640 1448 1783 1514 edoceant

233 1573 267 1620 ea
280 1573 346 1638 que
357 1565 516 1639 supersunt
529 1555 566 1638 ²),
582 1555 623 1620 ita
638 1555 795 1638 elegantia
808 1573 867 1621 noo
881 1555 1011 1634 indulsit,
1025 1555 1097 1640 quin
1112 1557 1219 1621 acriter
1234 1555 1265 1622 in
1278 1558 1407 1641 Hexapla
1423 1557 1616 1638 incumberet,
1628 1567 1658 1623 et
1671 1558 1783 1624 scholia

234 1663 431 1730 Alexandrina
453 1663 514 1730 suis
535 1673 653 1730 ornaret
672 1663 832 1746 leporibus.

274 1771 420 1854 Didymus
443 1774 569 1850 tandem,
584 1773 633 1857 qui
649 1773 781 1838 cecitate
794 1773 921 1857 quadam
935 1773 1040 1856 lyncea
1054 1783 1149 1855 actus,
1165 1791 1262 1857 neque
1276 1773 1442 1858 impeditus,
1460 1773 1633 1838 immensum
1645 1773 1783 1856 origenis

236 1893 311 1959 opus
331 1875 451 1942 uidetur
471 1878 636 1944 a-nulmiue
656 1877 695 1942 ad
715 1877 824 1942 calcem
844 1877 1040 1959 cribraxisse,
1063 1880 1255 1962 eumdemque
1276 1881 1367 1945 totius
1388 1881 1547 1964 Scriptura
1567 1898 1659 1945 sacrm
1679 1878 1783 1961 perlu-

234 1983 381 2049 stravisse
399 1984 553 2067 ambitum,
575 1995 706 2050 nostrum
727 1984 800 2050 adeo
823 1985 943 2067 recoxit,
961 1994 993 2049 ut
1012 1985 1078 2050 siue
1099 1985 1136 2050 ob
1157 1986 1276 2065 similia,
1296 1987 1362 2050 sire
1381 1987 1558 2050 Catenarum
1579 2003 1688 2066 errore,
1710 2003 1782 2050 sex·

219 2101 321 2158 centa
342 2092 406 2177 ejus
427 2095 545 2159 nomine
566 2093 719 2177 iuscripta,
740 2092 860 2175 Origeui
882 2091 1064 2158 restituenda
1084 2093 1189 2159 merito
1209 2105 1398 2160 censerentur
1411 2093 1448 2172 ³).

272 2195 468 2264 Athanasium
488 2199 682 2284 Hieronymus
702 2198 801 2266 siluit:
823 2218 877 2266 nec
897 2199 987 2265 dubio
1000 2207 1091 2282 caret,
1106 2201 1236 2286 psalmos
1250 2201 1288 2266 ab
1308 2220 1343 2267 eo
1364 2201 1454 2266 luisse
1473 2200 1613 2266 contiuuo
1633 2217 1720 2283 opere
1733 2218 1783 2266 ex·
1856 2247 1862 2257 .

236 2304 356 2387 positos,
379 2305 437 2374 duo
458 2306 527 2372 licet
547 2307 744 2375 commentarii
765 2325 874 2391 magno
894 2327 959 2374 cum
980 2317 1124 2392 apparatu
1144 2307 1393 2376 circumferantur.
1418 2308 1524 2376 lerum
1545 2307 1695 2373 enimuero
1715 2306 1782 2390 quis

234 2409 334 2492 magni
350 2411 406 2477 riri
424 2413 460 2480 rb
474 2416 585 2505 σεμνὸν
602 2416 656 2482 aori
671 2417 709 2484 τὸ
726 2408 817 2508 δριμὺ
831 2417 986 2500 agnouerit
1001 2418 1030 2482 in
1046 2417 1192 2483 laciniosis
1208 2417 1331 2483 fimbriis
1348 2415 1556 2500 scholiolisque
1568 2413 1780 2496 exsanguibus,

235 2536 303 2602 quae
312 2537 348 2583 ex
361 2537 419 2584 uuo
430 2520 561 2588 alterore
571 2522 672 2588 codice
682 2523 883 2590 recentissimo
893 2524 996 2591 doctus
1006 2524 1052 2591 vir
1063 2524 1248 2590 Antouehius
1258 2523 1349 2588 eroitl
1361 2522 1421 2588 Sed
1431 2540 1525 2605 oeque
1536 2520 1782 2588 hlouteialcouius

235 2644 327 2692 senex
348 2627 433 2690 multi
454 2628 615 2694 aestimauit
634 2647 701 2714 quae
718 2630 817 2714 junior
831 2649 910 2714 aegre
922 2641 953 2698 et
967 2650 1091 2716 propere
1104 2641 1187 2698 tanto
1201 2631 1313 2696 nomini
1328 2631 1511 2695 commiserat
1524 2631 1559 2709 ⁴).
1582 2628 1661 2693 Sane
1679 2639 1782 2694 nostro

234 2730 324 2816 duplo
346 2741 537 2814 augerentur,
551 2734 576 2798 si
598 2753 615 2800 a
637 2735 759 2816 uulgato
773 2736 935 2802 Athanasio
949 2738 1079 2820 racipere
1093 2737 1225 2803 licuisset
1242 2737 1339 2802 omnia
1353 2755 1419 2819 qum
1438 2755 1476 2802 ex
1497 2737 1554 2802 lide
1577 2735 1782 2804 vaticanorum

235 2838 368 2904 codicum
389 2841 511 2923 Origeni
533 2841 714 2909 restituenda
735 2851 816 2908 sunt.
839 2843 1135 2924 verumenimvero,
1158 2844 1183 2907 si
1210 2845 1277 2927 quis
1301 2843 1357 2910 luit
1376 2841 1532 2908 Athanasii
1557 2843 1782 2908 commentarius

236 2954 404 3030 perpetuus,
425 2948 503 3032 quod
523 2967 632 3033 negare
652 2952 803 3034 praefracte
824 2952 924 3034 nolim,
947 2952 1051 3018 nullibi
1074 2953 1196 3036 amplior
1216 2960 1247 3019 et
1260 2953 1425 3036 opulentior
1440 2959 1546 3030 exstat,
1561 2968 1649 3034 quarn
1671 2950 1701 3016 iu
1723 2951 1781 3016 lio·

234 3058 329 3118 manis
350 3054 480 3137 Catenis,
504 3056 552 3122 ubi
574 3076 719 3123 sumntum
740 3059 917 3142 Magistrum
938 3078 996 3124 uou
1019 3059 1109 3143 pudet
1127 3060 1266 3144 Origenis
1286 3067 1387 3144 aperta
1408 3059 1490 3142 sequi
1513 3059 1653 3138 uestigia.

274 3161 354 3227 Idem
376 3164 436 3229 iere
457 3165 645 3230 statuendum
667 3167 703 3233 de
723 3167 845 3249 vulgato
865 3167 988 3249 Basilio,
1003 3168 1042 3234 de
1054 3168 1229 3234 Theodoreti
1247 3178 1382 3247 centone,
1397 3166 1434 3232 de
1454 3164 1602 3250 Hesychia
1616 3165 1733 3243 seriore,
1747 3166 1785 3232 de

233 3267 323 3335 dubio
343 3269 470 3353 Georgia
485 3271 683 3339 Alexandrino
697 3274 733 3355 ⁵),
748 3275 785 3342 de
798 3275 965 3341 authentico
979 3285 1011 3342 et
1025 3275 1140 3340 larruto
1154 3274 1372 3361 chrysostomo,
1387 3293 1425 3340 ue
1437 3282 1559 3357 excepto
1573 3273 1690 3356 quidem
1705 3271 1783 3338 illius

234 3376 376 3458 magistro
402 3376 626 3462 Mopsuesteuo,
649 3398 756 3464 agmen
783 3384 973 3466 quantumuis
997 3383 1085 3448 ducat
1105 3383 1312 3448 Alexandrinis
1338 3381 1567 3447 infestissimum.
1590 3381 1784 3464 Quocumque

233 3483 310 3548 enim
333 3484 465 3568 peruenit
484 3486 613 3569 spissum
634 3507 708 3572 opus
728 3488 936 3572 hexaplorum,
956 3489 994 3555 ihi
1015 3489 1115 3555 lloruit
1127 3489 1234 3554 biblica
1248 3489 1399 3572 palaestra,
1416 3488 1508 3572 cujus,
1522 3487 1614 3554 etiam
1633 3488 1711 3554 inter
1725 3489 1783 3553 bo-

233 3598 302 3670 stes,
324 3591 536 3673 antesignanus
559 3595 613 3658 luit
632 3595 785 3678 Origenes.

274 3696 305 3760 Si
320 3696 386 3779 quis
402 3696 492 3779 igitur
507 3700 653 3782 integrum
675 3702 704 3767 in
727 3703 854 3786 psalmos
875 3705 1116 3770 commentarium
1137 3703 1274 3782 Origenis
1294 3701 1449 3782 inveniret,
1473 3700 1523 3766 ille
1543 3700 1694 3766 Orientem
1716 3703 1782 3768 uni·

235 3822 355 3870 uersum
376 3805 464 3872 simul
486 3816 517 3874 et
536 3819 666 3875 veterem
686 3810 874 3878 Occidentem
896 3830 955 3876 uoo
975 3821 1128 3878 sonantem
1148 3829 1198 3876 ore
1218 3808 1346 3874 audiret.
1367 3807 1427 3873 Sed
1448 3824 1535 3890 quam
1556 3823 1649 3889 pauca
1669 3807 1708 3872 ad
1729 3828 1783 3874 nos

234 3915 449 3994 perueneruntl
468 3913 523 3980 Ubi
545 3916 742 4000 quadraginta
763 3917 814 3982 illa
828 3935 967 3984 versuum
982 3919 1084 3998 millia,
1097 3934 1166 4003 quae
1179 3915 1309 3982 Hilarius
1330 3915 1408 3980 solus
1429 3916 1459 3978 iu
1479 3915 1534 3980 Job
1554 3923 1584 3979 et
1603 3914 1634 3979 io
1655 3917 1784 4000 psalmos

234 4019 381 4084 transtulit
393 4019 442 4100 ⁶)‘l
464 4020 516 4086 Ubi
538 4021 643 4089 saltem
664 4023 737 4090 illud
755 4025 929 4090 euchiridioo
951 4023 1087 4090 «strictis
1107 4036 1138 4091 et
1157 4023 1331 4090 necessariis
1350 4021 1640 4107 interpretationibus
1660 4022 1783 4088 adnota-
1851 4069 1854 4074 Α

235 4131 336 4206 ιιιι,ι
359 4127 437 4211 quod
457 4128 516 4195 duo
537 4119 832 4214 pseudo-Hieronymi
853 4132 938 4198 aiunt
958 4152 990 4199 se
1011 4133 1043 4198 iu
1063 4132 1209 4198 communi
1231 4131 1339 4213 legisse
1357 4131 1405 4210 7)“ι
1425 4131 1483 4196 Ubi
1504 4139 1620 4196 centum
1640 4139 1671 4196 et
1690 4130 1783 4214 quin-

233 4233 376 4316 quaginta
390 4243 534 4302 tractatus
548 4237 580 4303 iu
595 4238 777 4317 Psalterium,
793 4238 870 4322 quod
885 4258 937 4304 suo
951 4257 1027 4320 aeuo,
1042 4239 1162 4322 suisque
1175 4237 1278 4319 oculis,
1291 4237 1468 4302 Tritbemius
1479 4236 1618 4302 audacter
1630 4236 1741 4302 uidisse
1751 4255 1784 4302 sc

233 4351 386 4407 assereret
399 4343 448 4422 ⁸)‘l
473 4344 524 4409 Ubi
546 4347 663 4410 demum
686 4356 729 4411 tot
750 4345 827 4424 libri,
840 4354 883 4410 tot
903 4344 1032 4410 bomilia
1046 4361 1120 4428 quas
1132 4353 1211 4411 certa
1223 4342 1419 4428 Hieronymus
1438 4343 1526 4423 uidit,
1542 4347 1700 4424 recensuit,
1716 4361 1783 4409 rer-

233 4448 323 4528 saxit,
335 4449 401 4517 sire
411 4451 443 4516 io
455 4469 509 4516 suo
522 4453 743 4519 Bethleemitico
757 4470 884 4534 recessu,
901 4453 967 4518 siue
980 4452 1199 4537 Hierosolymis,
1215 4451 1279 4517 sive
1294 4451 1444 4529 Caesarem,
1459 4459 1659 4533 excerptorum
1677 4469 1784 4534 nempe

272 4655 295 4721 1)
307 4655 352 4712 Oi.
363 4656 463 4715 Euseb.
473 4663 505 4717 iro
510 4676 554 4730 pa.
563 4675 599 4730 ιι,
609 4659 638 4728 9,
651 4657 693 4715 10.
704 4659 771 4714 Maii
783 4662 860 4718 Boot.
872 4659 910 4718 N.
920 4661 980 4718 ΡΡ.
1037 4663 1103 4716 runt
1125 4657 1182 4713 BH.
1203 4655 1336 4727 Origauis
1359 4654 1466 4712 scholia
1490 4656 1554 4710 data
1579 4655 1666 4711 inisse
1686 4657 1783 4727 ignoto

234 4750 255 4801 t.
276 4762 315 4815 tv,
334 4752 389 4804 etc.
410 4747 501 4803 Multa
519 4749 624 4804 odanda
641 4755 802 4823 supersunt.
822 4781 856 4793 -
875 4750 899 4824 2)
924 4752 980 4806 Nee
1035 4748 1079 4802 illi
1099 4746 1230 4817 Georgia,
1244 4743 1321 4798 facili
1334 4742 1415 4815 lapsu
1434 4759 1468 4798 ex
1487 4743 1590 4800 litteris
1608 4747 1642 4816 dp
1661 4749 1689 4800 el
1706 4761 1784 4800 com·

234 4850 322 4906 pauca
334 4839 400 4891 sunt
413 4837 590 4894 cordesianis
602 4839 735 4908 addenda,
750 4856 782 4892 ec
795 4839 882 4895 multo
900 4839 983 4911 plura
1035 4837 1134 4910 peudio
1147 4837 1274 4908 prop-flou.
1288 4865 1322 4877 -
1336 4834 1360 4905 6)
1370 4834 1481 4890 Hieron.
1500 4837 1575 4905 apol.
1594 4836 1661 4890 ado.
1682 4837 1781 4908 Rufio.

235 4923 337 4977 ibidem
357 4924 533 4983 emendanda.
546 4957 581 4968 —
595 4926 619 4991 ³)
632 4925 700 4981 Maii
715 4928 791 4984 Btot.
804 4927 842 4984 N.
856 4928 913 4984 ΡΡ.
930 4943 979 4998 ιιι,
1035 4923 1053 4978 l.
1067 4941 1088 4992 1,
1101 4939 1129 4978 ιι.
1143 4937 1172 4994 ιι,
1185 4927 1206 4978 t·
1221 4917 1327 4992 11·,459·
1340 4950 1375 4963 -
1387 4920 1411 4986 ⁷)
1433 4920 1543 4978 Ηὶθιθῡ-
1557 4939 1618 4994 opp.
1633 4925 1652 4976 t·
1673 4937 1704 4989 11,
1728 4920 1778 4976 ¹2¹

234 5028 262 5080 p.
274 5027 305 5080 ιι,
326 5030 356 5084 p·
379 5010 438 5067 131·
459 5015 567 5072 Patrol.
587 5033 685 5088 xxxix,
708 5015 784 5071 1155.
796 5047 832 5060 -
845 5019 869 5088 4)
883 5017 981 5072 Omnia
1035 5010 1091 5064 BB·
1111 5039 1146 5051 -
1164 5008 1189 5074 ⁸)
1209 5010 1378 5064 Τιίιιιιιιιίιιι
1399 5012 1479 5081 quasi
1498 5010 1624 5072 atroam<
1643 5009 1782 5082 loquitur.

235 5099 354 5172 collegit
372 5101 480 5159 Potrol.
500 5097 588 5173 xxxii,
606 5103 642 5160 52
661 5112 689 5160 st
705 5103 769 5160 591.
790 5135 825 5147 -
838 5104 863 5168 ⁵)
883 5105 982 5159 Exstat
1035 5099 1081 5153 BB
1100 5100 1130 5153 iu
1148 5099 1229 5171 prmi.
1248 5099 1282 5153 ed
1295 5100 1374 5170 Orig.
1387 5100 1415 5152 iu
1434 5116 1477 5171 pe.
1492 5118 1521 5170 p.
1540 5097 1601 5154 512.
1616 5099 1668 5164 Qui
1688 5105 1783 5158 Omen

236 5189 308 5259 apud
322 5190 430 5247 Cordar.
450 5199 479 5247 et
496 5194 525 5247 in
545 5193 637 5249 Vatia.
657 5195 735 5250 codd.
754 5195 807 5250 Sed
824 5199 883 5265 jem
903 5197 982 5248 noia-
1035 5205 1111 5261 soepe
1129 5189 1193 5261 plus
1212 5190 1314 5244 asserit
1331 5205 1415 5260 quam
1433 5189 1516 5245 uidit.
