4064 6108
786 455 955 522 SANCTUS
975 456 1187 522 crratrttos

975 717 1003 789 I.

207 931 211 936 ·
277 915 338 975 Τοῦ
363 911 452 1002 ἁγίου
476 915 651 1002 Κυπριανοῦ
675 911 845 978 ἐπισκόπου
871 912 924 976 καί
949 912 1102 1004 μάρτυρος
1126 917 1160 978 ἐκ
1183 925 1241 990 τῆς
1264 915 1337 1006 πρὸς
1361 906 1506 980 Φείδωνα
1529 918 1705 993 ἐπιστολῆς.

433 1052 493 1126 Eo
507 1053 658 1150 epistota
674 1054 712 1128 S.
735 1054 916 1152 Cypriani
930 1055 1087 1151 episcopi
1102 1061 1135 1128 et
1149 1056 1324 1152 martyris
1338 1057 1387 1130 ad
1403 1057 1544 1134 Fidum.

258 1243 384 1326 Ἐπειδὴ
411 1242 446 1316 δὲ
468 1251 523 1316 καί
546 1263 610 1329 τοῖς
635 1251 790 1344 βαρύτερα
812 1257 961 1341 πεπλημ-
1054 1251 1147 1334 Epist.
1168 1252 1232 1317 LlX
1253 1253 1304 1332 (ul.
1321 1251 1425 1328 LVlll,
1442 1253 1553 1334 LXIV),
1576 1273 1606 1318 n.
1622 1255 1651 1318 ll.
1675 1255 1763 1318 Porro

215 1358 396 1450 ρεληκόσιν,
420 1359 474 1424 καί
497 1364 538 1436 εἰς
562 1361 616 1426 τὸν
641 1361 720 1425 Θεὸν
739 1361 798 1452 πρὸ
821 1372 879 1437 της
902 1361 961 1450 χά-
1015 1370 1116 1426 autem
1135 1361 1161 1425 si
1176 1362 1265 1426 etiam
1279 1363 1464 1444 gravissimis
1482 1362 1675 1428 delictoribus
1687 1373 1719 1430 et
1734 1364 1763 1428 in

217 1491 297 1558 ριτος
328 1468 564 1558 ἡμαρτηκόσιν,
597 1468 680 1560 μετὰ
709 1469 748 1534 τὸ
777 1481 959 1548 πιστεῦσαι,
1015 1466 1108 1532 Deum
1129 1469 1255 1533 multum
1274 1477 1344 1534 ante
1362 1470 1560 1552 peccantibus,
1576 1489 1642 1536 oum
1663 1477 1764 1554 postea

214 1575 319 1666 ἄφεσις
348 1582 506 1667 ἁμαρτιῶν
531 1581 635 1653 αὐτοῖς
660 1568 797 1655 δίδοται,
821 1577 875 1642 καί
898 1579 960 1643 ἀπὸ
1014 1572 1201 1651 crediderint,
1223 1574 1356 1640 temlsttlt)
1370 1586 1553 1658 pecatorum
1574 1577 1671 1656 detur,
1690 1586 1761 1643 eta

212 1693 268 1748 τοῦ
294 1684 522 1773 βαπτίσματος,
542 1685 595 1749 καί
618 1685 679 1749 ἀπὸ
693 1696 752 1762 τῆς
767 1683 896 1776 χάριτος
912 1689 962 1749 οῦ-
1013 1679 1158 1763 baptismo
1179 1689 1270 1764 atque
1295 1699 1314 1745 a
1341 1682 1437 1764 gratia
1457 1701 1542 1749 neruo
1569 1684 1757 1767 prohibetur:

213 1781 275 1868 θείς
298 1787 472 1870 κωλύεται,
495 1791 583 1875 πύσῳ
607 1795 728 1880 μᾶλλον
757 1795 813 1856 ούκ
844 1791 961 1880 ὀφείλει
1014 1793 1123 1869 quanto
1144 1787 1237 1867 magis
1252 1787 1399 1871 prohiberi
1414 1807 1473 1854 non
1487 1790 1575 1858 debet
1590 1790 1696 1870 iulans,
1713 1791 1761 1875 qul

212 1896 386 1964 κωλύεσθαι
403 1899 441 1964 τὸ
465 1889 599 1978 παιδίον,
616 1900 691 1987 ὅπερ
714 1897 826 1963 νεωστί
849 1895 959 1988 τεχθὲν
1014 1913 1115 1961 recens
1129 1906 1226 1976 natue,
1243 1894 1316 1961 nihil
1331 1897 1477 1977 remcavit,
1490 1897 1546 1964 niel
1562 1899 1640 1981 quod
1659 1911 1757 1964 secun

212 1999 299 2072 οὐδὲν
323 2009 476 2098 ἥμαρτεν,
493 2013 520 2071 ει
544 2005 586 2096 μὴ
614 2008 664 2072 ὅτι
678 2005 762 2072 κατὰ
778 2007 832 2072 τὸν
857 1999 961 2098 Ἀδὰμ
1015 2003 1086 2068 dum
1106 2004 1199 2068 Adam
1218 2003 1375 2098 carnaliter
1396 2013 1494 2082 natue,
1507 2006 1675 2086 contagium
1689 2025 1765 2071 mor·

213 2124 363 2207 σαρκικῶς
387 2113 545 2208 γεννηθὲν,
565 2116 620 2180 τὸν
645 2116 781 2205 ριιασριύν
797 2125 853 2180 τοῦ
870 2114 962 2180 θανά·
1015 2113 1055 2177 tis
1075 2113 1208 2197 antiquae
1230 2113 1323 2196 prima
1343 2112 1504 2178 nativitate
1525 2114 1688 2194 contraxit,
1712 2113 1763 2197 qui

213 2243 270 2285 του
293 2232 333 2308 τῇ
359 2221 467 2310 πρώτρ
490 2221 644 2313 γεννήσει,
661 2221 869 2288 ἐπεσπάσατο·
886 2223 961 2312 ὅπερ
1015 2219 1053 2284 ad
1080 2221 1232 2285 remissam
1260 2229 1445 2302 peccatorum
1473 2220 1765 2304 acciperentur

215 2335 256 2405 εἰς
270 2327 446 2418 μετάληψιν
460 2329 595 2420 ἀφέσεως
612 2334 772 2421 ἁμαρτιῶν
790 2333 875 2414 αὐτῷ
890 2329 963 2394 τού-
1016 2325 1080 2410 ipso
1096 2325 1208 2391 laoilius
1222 2326 1347 2405 aceedit,
1360 2326 1438 2409 quod
1449 2327 1492 2391 illi
1503 2327 1692 2393 remittuntur
1705 2345 1765 2391 non

215 2462 260 2522 τῳ
278 2439 493 2529 εὐχερέστερον
510 2439 676 2531 πρόσεισιν,
694 2441 801 2530 ὅτιπερ
819 2440 963 2529 ἀρίενται
1017 2433 1146 2518 propria,
1168 2433 1220 2500 sed
1248 2433 1344 2499 aliena
1372 2435 1531 2518 peecata?
1552 2435 1687 2518 (Potrol.
1712 2435 1763 2501 tot.

215 2548 310 2632 αύτῷ,
335 2550 370 2610 ού
393 2544 435 2612 τά
457 2537 533 2626 tlte,
557 2545 640 2613 ἀλλὰ
663 2545 706 2613 τά
729 2538 888 2637 άλλύτρια.
1019 2553 1088 2609 lom.
1111 2543 1165 2623 lll,
1187 2544 1241 2610 ool.
1266 2545 1368 2624 lllll).

250 2759 271 2815 1.
285 2759 327 2814 Ex
341 2757 457 2815 Goislin.
470 2758 535 2828 276,
549 2759 571 2816 i.
588 2757 649 2828 tat,
664 2757 725 2816 lae.
742 2785 754 2809 u
765 2760 822 2816 Vix
834 2759 901 2814 olibi
915 2777 961 2816 re·
1015 2759 1149 2814 aeriorum
1168 2757 1241 2830 opud
1253 2755 1412 2830 'theologos
1428 2759 1583 2816 obviorum.
1598 2760 1681 2814 'l'enti
1694 2759 1764 2814 hoec

213 2847 321 2920 peritur
340 2847 412 2920 sputi
425 2849 554 2920 anniquos
566 2849 729 2920 scriptores,
743 2847 822 2903 loeus
840 2847 874 2902 ad
893 2865 958 2903 oon·
1014 2849 1099 2901 verbu
1118 2851 1197 2902 erent
1208 2846 1253 2901 rel
1269 2848 1404 2920 antiquis,
1425 2853 1455 2902 ut
1471 2849 1555 2903 etiam
1575 2849 1764 2922 Hieronymus

213 2934 378 2990 firmandum
398 2935 498 3008 dogma
522 2933 556 2989 de
580 2936 713 3006 originali
733 2942 845 3008 peceato
871 2937 961 3009 magis
1016 2942 1045 2990 et
1057 2937 1232 3008 Augustinus
1248 2953 1281 2990 ee
1294 2935 1454 3004 retulerint,
1469 2941 1499 2991 ut
1512 2940 1617 2992 noterit
1630 2938 1766 2994 cellerius

214 3021 360 3092 appositus
379 3027 407 3076 et
425 3039 585 3094 expressus.
598 3047 610 3070 ι
632 3025 719 3078 ann.
732 3025 813 3078 Justa
830 3041 916 3096 aeque
934 3029 962 3079 et
1016 3030 1121 3092 noster,
1141 3025 1217 3081 Hist.
1231 3027 1374 3098 qonerare.
1389 3029 1443 3079 ete.
1459 3029 1481 3079 t.
1495 3040 1536 3092 ιιι,
1550 3043 1579 3097 p.
1593 3023 1656 3080 590.
1672 3027 1764 3097 Syno-

215 3111 310 3180 greris
324 3114 464 3166 sententia
481 3111 556 3169 docti
575 3113 706 3185 praesulis
725 3113 885 3184 Angliceni,
899 3131 961 3185 quse
1016 3113 1079 3168 dies
1097 3118 1141 3169 est
1159 3114 1278 3186 epistole
1297 3115 1331 3168 ed
1344 3115 1454 3182 Fidum,
1472 3116 1634 3186 scriptaque
1654 3117 1765 3169 nomine

216 3198 307 3256 locum
327 3205 420 3255 tenen
438 3199 588 3256 multorum
608 3201 732 3273 ejusdem
749 3200 805 3256 lori
820 3219 960 3257 commen·
1017 3219 1082 3258 uxvr
1098 3205 1302 3276 episcoporum.
1322 3234 1358 3246 -
1375 3204 1437 3259 eod.
1459 3204 1574 3256 Φιίδονα.

968 3433 1016 3507 ΙΙ.

422 3631 597 3718 Κυπριανοῦ
620 3627 788 3693 ἐπισκόπου
812 3627 866 3692 καί
889 3626 1043 3720 μάρτυρος
1067 3634 1101 3694 ἐκ
1124 3640 1180 3695 τοῦ
1204 3629 1274 3721 περί
1297 3631 1509 3720 ἐλεημοσύνης
1526 3631 1557 3716 ¹).

260 3824 381 3891 Πολλοί
403 3825 457 3891 καί
474 3823 621 3920 ρίγισται
644 3823 863 3919 τυγχάνουσιν,
887 3829 965 3918 ἀγα·
1019 3827 1089 3892 Υίθν
1114 3826 1269 3918 ἐπεμψεν,
1293 3829 1342 3894 ἵνα
1373 3835 1455 3919 ημᾶς
1488 3832 1682 3918 ἀνακαινίση·
1714 3831 1767 3896 καί

216 3931 314 4006 πητοὶ
338 3923 476 4023 ἀδελφοί,
498 3937 530 3996 ott
554 3931 634 3997 θεῖαι
658 3934 829 4025 εὐεργεσίαι
853 3927 963 4024 ἀρ’ὧν
1018 3934 1167 4026 πεμφθείς
1191 3940 1206 4000 ὁ
1232 3937 1301 4013 Υἱὸς
1328 3935 1481 4012 η’θέλησεν
1511 3939 1573 4015 υίὸς
1605 3936 1766 4028 ἀνθρώπου

217 4037 277 4115 τλν
290 4040 445 4131 ἡμετέραν
460 4038 485 4129 ²)
501 4042 657 4131 σωτηρίαν
674 4051 730 4106 τοῦ
747 4047 827 4107 Θεοῦ
843 4042 964 4132 Πατρθς
1018 4041 1170 4133 γενέσθαι,
1185 4043 1265 4119 ὅπως
1276 4048 1359 4131 ημᾶς
1372 4041 1452 4120 υἱούς
1468 4049 1547 4109 Θεοῦ
1564 4046 1765 4133 καταστήσῃ·

218 4147 272 4212 καί
288 4155 419 4239 Χριστοῦ
436 4139 569 4238 δαψιλὴς
585 4149 639 4214 καί
650 4151 785 4214 πλουσία
797 4148 966 4241 ριλανθρω-
1019 4151 1223 4215 ἐταπείνωσεν
1236 4153 1339 4216 τοίνυν
1352 4152 1472 4230 ἑαυτὸν,
1487 4153 1537 4215 ἵνα
1548 4153 1603 4217 τὸν
1616 4152 1692 4217 λαὸν
1708 4153 1764 4218 τθν

1087 4259 1113 4280 Η

218 4257 275 4320 πία
291 4258 459 4349 εἰργάσατο
479 4257 532 4322 καί
549 4257 597 4323 ἀεί
611 4251 786 4350 ἐργάζεται·
804 4250 851 4322 διὸ
867 4255 966 4348 ρυλά-
1020 4257 1220 4348 ἀπερριμένον
1241 4257 1470 4332 ἀνακτήοηται·
1485 4257 1765 4351 τετραυμάτισται,

220 4357 270 4442 Εαι
294 4370 378 4454 ηριᾶς
402 4366 456 4430 καὶ
478 4359 669 4446 ζωοποιῆσαι
688 4364 714 4455 ³)
739 4369 755 4430 ὁ
778 4363 889 4456 Πατὴρ
911 4365 966 4430 τὸν
1020 4368 1070 4431 ἵνα
1084 4363 1127 4431 τά
1142 4365 1282 4457 ἡμέτερα
1298 4365 1466 4457 τραύματα
1482 4364 1665 4458 θεραπεύσῃ·
1682 4358 1767 4433 etot

256 4581 289 4634 11.
311 4599 325 4634 ι
345 4581 398 4636 Hie
422 4579 502 4638 loeus
526 4582 554 4634 in
579 4597 699 4653 graeeem
725 4579 850 4652 linguam
866 4597 964 4635 sersus
1018 4578 1084 4636 cilio
1096 4582 1216 4635 testetur
1229 4579 1313 4635 etiem
1326 4581 1491 4638 Vincentius
1504 4580 1669 4637 Lirinensis.
1681 4601 1695 4636 s
1709 4582 1766 4637 Bn-

219 4669 346 4742 proletus
364 4675 408 4725 eet
431 4671 460 4724 in
479 4669 603 4725 Concilio
620 4671 772 4742 Ephesino,
792 4671 866 4725 inter
884 4671 965 4724 testi·
1020 4683 1128 4723 ιυειυε.
1142 4667 1256 4740 Syriaco
1269 4673 1365 4724 nostra
1384 4668 1471 4722 latina
1484 4668 1559 4723 fecta
1578 4675 1655 4738 sunt,
1668 4672 1767 4726 ineen-

219 4758 313 4811 monie
330 4761 440 4828 petrum
459 4761 488 4811 et
505 4763 667 4830 martyrum,
684 4757 817 4812 adversus
835 4757 964 4813 haeresim
1020 4755 1101 4827 sulto,
1114 4774 1165 4829 pro
1175 4759 1274 4829 majori
1286 4755 1429 4826 fidelitate,
1440 4758 1600 4813 authentico
1612 4757 1763 4830 Cyprisno,

219 4847 349 4902 Nestorii.
369 4848 462 4919 ltaque
481 4848 509 4901 in
522 4851 637 4920 sntique
649 4849 775 4903 versione
791 4850 875 4903 istius
891 4835 964 4916 Con·
1019 4861 1103 4916 quem
1120 4845 1224 4899 videsis
1243 4849 1271 4900 in
1291 4846 1400 4901 Potrol.
1421 4846 1469 4903 lat.
1487 4851 1508 4900 t.
1529 4863 1568 4912 ιν,
1588 4847 1643 4902 σοΙ.
1662 4845 1727 4903 601.

218 4935 277 4990 eilii
298 4953 352 4992 non
370 4936 566 4992 deseribuntur
582 4937 715 5010 Cypriani
727 4939 821 5006 verbs,
840 4937 890 4993 sed
908 4936 966 4990 elie
1057 4932 1160 5009 ι)1Ιιιι,
1180 4931 1259 5002 1431,
1273 4933 1295 4987 f.
1312 4932 1364 4990 179
1377 4935 1439 4989 add.
1456 4936 1580 5006 ἑρμηνεία,
1594 4937 1666 5008 quod
1680 4941 1766 5008 graeei

218 5023 365 5080 translate.
377 5042 411 5078 eu
431 5043 526 5098 graeeo
544 5043 689 5095 sermone,
708 5030 801 5081 exstet
821 5042 855 5080 ee
875 5027 964 5082 verrio
1018 5024 1182 5095 interpretis
1201 5027 1254 5080 est.
1272 5022 1386 5080 Titulus
1399 5025 1482 5098 vulgo
1496 5025 1599 5082 latinus
1616 5031 1659 5082 est
1677 5027 1765 5084 Liber

217 5115 291 5169 inter
309 5131 395 5186 opera
414 5115 497 5170 Merit
518 5114 698 5182 Merestorie,
716 5132 746 5186 p.
763 5112 813 5172 180
832 5115 964 5170 editionis
1018 5117 1053 5171 de
1071 5133 1153 5186 opere
1171 5126 1197 5171 et
1216 5116 1408 5188 eleemosynis.
1432 5147 1468 5158 -
1487 5117 1511 5181 2)
1531 5117 1625 5189 ἡμέραν
1644 5119 1709 5173 Vei.
1730 5147 1764 5160 -

218 5209 330 5260 nostrae.
343 5205 421 5261 Hune
435 5223 518 5278 porro
530 5203 622 5260 lorum
635 5203 737 5260 lectum
752 5203 838 5260 luisse
851 5208 880 5258 in
890 5205 962 5260 Con-
1017 5205 1041 5271 ³)
1060 5209 1127 5276 ἡμᾶς
1148 5207 1248 5260 iterum
1268 5206 1329 5261 edd.
1350 5207 1541 5280 interponunt.

378 5296 443 5340 surr.
458 5297 487 5338 rr.
504 5296 536 5339 ro.
