<?xml version="1.0" encoding="UTF-8"?>
<!DOCTYPE html PUBLIC "-//W3C//DTD XHTML 1.0 Transitional//EN"
    "http://www.w3.org/TR/xhtml1/DTD/xhtml1-transitional.dtd">
<html xmlns="http://www.w3.org/1999/xhtml" xml:lang="en" lang="en">
 <head>
  <title>
</title>
<meta http-equiv="Content-Type" content="text/html;charset=utf-8" />
  <meta name='ocr-system' content='tesseract 3.04.00' />
  <meta name='ocr-capabilities' content='ocr_page ocr_carea ocr_par ocr_line ocrx_word'/>
</head>
<body>
  <div class='ocr_page' id='page_1' title='image "./analectasacrasp01pitrgoog_0051.png"; bbox 0 0 3976 6078; ppageno 0'>
   <div class='ocr_carea' id='block_1_1' title="bbox 905 559 1018 628">
    <p class='ocr_par' dir='ltr' id='par_1_1' title="bbox 905 559 1018 628">
     <span class='ocr_line' id='line_1_1' title="bbox 905 559 1018 628; baseline 0.009 -1"><span class='ocrx_word' id='word_1_1' title='bbox 905 559 1018 628; x_wconf 84' lang='lat' dir='ltr'>XLIII</span> 
     </span>
    </p>
   </div>
   <div class='ocr_carea' id='block_1_2' title="bbox 178 685 1737 2552">
    <p class='ocr_par' dir='ltr' id='par_1_2' title="bbox 179 685 1737 1611">
     <span class='ocr_line' id='line_1_2' title="bbox 214 685 1736 794; baseline -0.003 -14"><span class='ocrx_word' id='word_1_2' title='bbox 214 709 218 716; x_wconf 84' lang='lat'>&#39;</span> <span class='ocrx_word' id='word_1_3' title='bbox 270 713 317 780; x_wconf 85' lang='lat' dir='ltr'><strong>tlt</strong></span> <span class='ocrx_word' id='word_1_4' title='bbox 338 711 382 778; x_wconf 89' lang='lat' dir='ltr'><strong>de</strong></span> <span class='ocrx_word' id='word_1_5' title='bbox 422 707 617 777; x_wconf 74' lang='lat' dir='ltr'>scholiasta</span> <span class='ocrx_word' id='word_1_6' title='bbox 639 707 816 774; x_wconf 86' lang='lat' dir='ltr'><strong>Germano</strong></span> <span class='ocrx_word' id='word_1_7' title='bbox 851 703 964 772; x_wconf 88' lang='lat' dir='ltr'><strong>altum</strong></span> <span class='ocrx_word' id='word_1_8' title='bbox 1000 703 1174 773; x_wconf 89' lang='lat' dir='ltr'><strong>hactenus</strong></span> <span class='ocrx_word' id='word_1_9' title='bbox 1205 685 1251 773; x_wconf 85' lang='lat' dir='ltr'><strong>et¹</strong></span> <span class='ocrx_word' id='word_1_10' title='bbox 1277 706 1407 794; x_wconf 90' lang='lat' dir='ltr'><strong>ubique</strong></span> <span class='ocrx_word' id='word_1_11' title='bbox 1442 709 1638 788; x_wconf 80' lang='lat' dir='ltr'><strong>silendum,</strong></span> <span class='ocrx_word' id='word_1_12' title='bbox 1671 725 1736 777; x_wconf 92' lang='lat' dir='ltr'><strong>nec</strong></span> 
     </span>
     <span class='ocr_line' id='line_1_3' title="bbox 179 820 1737 913; baseline -0.002 -17"><span class='ocrx_word' id='word_1_13' title='bbox 179 828 344 897; x_wconf 90' lang='lat' dir='ltr'><strong>dubitare</strong></span> <span class='ocrx_word' id='word_1_14' title='bbox 366 827 512 896; x_wconf 83' lang='lat' dir='ltr'><strong>ridetur</strong></span> <span class='ocrx_word' id='word_1_15' title='bbox 528 826 571 892; x_wconf 95' lang='lat' dir='ltr'><strong>de</strong></span> <span class='ocrx_word' id='word_1_16' title='bbox 591 823 721 892; x_wconf 82' lang='lat' dir='ltr'><strong>Rubeis</strong></span> <span class='ocrx_word' id='word_1_17' title='bbox 744 838 905 890; x_wconf 85' lang='lat' dir='ltr'><strong>crassum</strong></span> <span class='ocrx_word' id='word_1_18' title='bbox 936 820 1005 888; x_wconf 91' lang='lat' dir='ltr'><strong>huc</strong></span> <span class='ocrx_word' id='word_1_19' title='bbox 1029 838 1187 890; x_wconf 89' lang='lat' dir='ltr'><strong>errorem</strong></span> <span class='ocrx_word' id='word_1_20' title='bbox 1211 821 1413 908; x_wconf 80' lang='lat' dir='ltr'><strong>irrepsisse:</strong></span> <span class='ocrx_word' id='word_1_21' title='bbox 1434 826 1534 894; x_wconf 89' lang='lat' dir='ltr'><strong>dotet</strong></span> <span class='ocrx_word' id='word_1_22' title='bbox 1548 828 1737 913; x_wconf 91' lang='lat' dir='ltr'><strong>praeterea</strong></span> 
     </span>
     <span class='ocr_line' id='line_1_4' title="bbox 179 938 1737 1028; baseline -0.002 -16"><span class='ocrx_word' id='word_1_23' title='bbox 179 962 348 1012; x_wconf 89' lang='lat' dir='ltr'><strong>numeros</strong></span> <span class='ocrx_word' id='word_1_24' title='bbox 372 947 507 1011; x_wconf 84' lang='lat' dir='ltr'><strong>temere</strong></span> <span class='ocrx_word' id='word_1_25' title='bbox 531 941 664 1028; x_wconf 90' lang='lat' dir='ltr'><strong>positos</strong></span> <span class='ocrx_word' id='word_1_26' title='bbox 687 942 725 1006; x_wconf 89' lang='lat' dir='ltr'><strong>et</strong></span> <span class='ocrx_word' id='word_1_27' title='bbox 747 939 932 1005; x_wconf 80' lang='lat' dir='ltr'><strong>dumtaxat</strong></span> <span class='ocrx_word' id='word_1_28' title='bbox 956 938 991 1004; x_wconf 92' lang='lat' dir='ltr'><strong>in</strong></span> <span class='ocrx_word' id='word_1_29' title='bbox 1016 939 1109 1006; x_wconf 84' lang='lat' dir='ltr'><strong>XLV</strong></span> <span class='ocrx_word' id='word_1_30' title='bbox 1134 938 1279 1008; x_wconf 85' lang='lat' dir='ltr'><strong>scholiis</strong></span> <span class='ocrx_word' id='word_1_31' title='bbox 1304 960 1396 1026; x_wconf 90' lang='lat' dir='ltr'><strong>quae</strong></span> <span class='ocrx_word' id='word_1_32' title='bbox 1426 943 1459 1010; x_wconf 93' lang='lat' dir='ltr'><strong>in</strong></span> <span class='ocrx_word' id='word_1_33' title='bbox 1482 944 1559 1011; x_wconf 91' lang='lat' dir='ltr'><strong>edd.</strong></span> <span class='ocrx_word' id='word_1_34' title='bbox 1583 941 1737 1011; x_wconf 87' lang='lat' dir='ltr'><strong>Maximo</strong></span> 
     </span>
     <span class='ocr_line' id='line_1_5' title="bbox 179 1054 1736 1146; baseline -0.003 -16"><span class='ocrx_word' id='word_1_35' title='bbox 179 1061 399 1130; x_wconf 88' lang='lat' dir='ltr'><strong>tribuuntur.</strong></span> <span class='ocrx_word' id='word_1_36' title='bbox 427 1057 564 1126; x_wconf 84' lang='lat' dir='ltr'><strong>Crescit</strong></span> <span class='ocrx_word' id='word_1_37' title='bbox 588 1055 781 1124; x_wconf 86' lang='lat' dir='ltr'><strong>difficultas</strong></span> <span class='ocrx_word' id='word_1_38' title='bbox 805 1072 849 1123; x_wconf 92' lang='lat' dir='ltr'><strong>ex</strong></span> <span class='ocrx_word' id='word_1_39' title='bbox 873 1054 1007 1140; x_wconf 91' lang='lat' dir='ltr'><strong>optimo</strong></span> <span class='ocrx_word' id='word_1_40' title='bbox 1032 1054 1153 1128; x_wconf 87' lang='lat' dir='ltr'><strong>codice</strong></span> <span class='ocrx_word' id='word_1_41' title='bbox 1177 1059 1357 1137; x_wconf 83' lang='lat' dir='ltr'><strong>vaticano,</strong></span> <span class='ocrx_word' id='word_1_42' title='bbox 1384 1059 1459 1127; x_wconf 89' lang='lat' dir='ltr'><strong>iere</strong></span> <span class='ocrx_word' id='word_1_43' title='bbox 1483 1077 1574 1128; x_wconf 88' lang='lat' dir='ltr'><strong>saec.</strong></span> <span class='ocrx_word' id='word_1_44' title='bbox 1591 1061 1635 1138; x_wconf 91' lang='lat' dir='ltr'><strong>X,</strong></span> <span class='ocrx_word' id='word_1_45' title='bbox 1662 1058 1736 1146; x_wconf 90' lang='lat' dir='ltr'><strong>qui,</strong></span> 
     </span>
     <span class='ocr_line' id='line_1_6' title="bbox 179 1163 1734 1262; baseline -0.001 -18"><span class='ocrx_word' id='word_1_46' title='bbox 179 1179 232 1246; x_wconf 92' lang='lat' dir='ltr'><strong>uti</strong></span> <span class='ocrx_word' id='word_1_47' title='bbox 262 1177 373 1246; x_wconf 84' lang='lat' dir='ltr'><strong>codex</strong></span> <span class='ocrx_word' id='word_1_48' title='bbox 397 1179 503 1262; x_wconf 83' lang='lat' dir='ltr'><strong>Jussu</strong></span> <span class='ocrx_word' id='word_1_49' title='bbox 526 1174 732 1241; x_wconf 87' lang='lat' dir='ltr'><strong>Theodorae</strong></span> <span class='ocrx_word' id='word_1_50' title='bbox 756 1172 924 1258; x_wconf 88' lang='lat' dir='ltr'><strong>scriptus,</strong></span> <span class='ocrx_word' id='word_1_51' title='bbox 951 1173 1088 1240; x_wconf 87' lang='lat' dir='ltr'><strong>orditur</strong></span> <span class='ocrx_word' id='word_1_52' title='bbox 1116 1190 1138 1241; x_wconf 89' lang='lat' dir='ltr'><strong>a</strong></span> <span class='ocrx_word' id='word_1_53' title='bbox 1165 1171 1256 1240; x_wconf 91' lang='lat' dir='ltr'><strong>libro</strong></span> <span class='ocrx_word' id='word_1_54' title='bbox 1287 1175 1495 1242; x_wconf 68' lang='lat' dir='ltr'><strong>dedivinus</strong></span> <span class='ocrx_word' id='word_1_55' title='bbox 1519 1163 1734 1255; x_wconf 77' lang='lat' dir='ltr'><strong>rzouziuibus,</strong></span> 
     </span>
     <span class='ocr_line' id='line_1_7' title="bbox 180 1283 1734 1381; baseline -0.004 -18"><span class='ocrx_word' id='word_1_56' title='bbox 180 1295 412 1380; x_wconf 90' lang='lat' dir='ltr'><strong>camdemque</strong></span> <span class='ocrx_word' id='word_1_57' title='bbox 436 1283 619 1381; x_wconf 79' lang='grc' dir='ltr'><em>σημείωσιν</em></span> <span class='ocrx_word' id='word_1_58' title='bbox 643 1289 838 1377; x_wconf 79' lang='lat' dir='ltr'><strong>praelixam</strong></span> <span class='ocrx_word' id='word_1_59' title='bbox 863 1289 981 1368; x_wconf 90' lang='lat' dir='ltr'><strong>habet,</strong></span> <span class='ocrx_word' id='word_1_60' title='bbox 1007 1308 1087 1356; x_wconf 92' lang='lat' dir='ltr'><strong>cum</strong></span> <span class='ocrx_word' id='word_1_61' title='bbox 1111 1289 1312 1357; x_wconf 91' lang='lat' dir='ltr'><strong>nominibus</strong></span> <span class='ocrx_word' id='word_1_62' title='bbox 1337 1291 1504 1360; x_wconf 81' lang='lat' dir='ltr'><strong>Germani</strong></span> <span class='ocrx_word' id='word_1_63' title='bbox 1523 1294 1560 1360; x_wconf 87' lang='lat' dir='ltr'><strong>ct</strong></span> <span class='ocrx_word' id='word_1_64' title='bbox 1577 1291 1734 1370; x_wconf 85' lang='lat' dir='ltr'><strong>Maximi,</strong></span> 
     </span>
     <span class='ocr_line' id='line_1_8' title="bbox 181 1404 1736 1494; baseline -0.001 -16"><span class='ocrx_word' id='word_1_65' title='bbox 181 1411 288 1478; x_wconf 89' lang='lat' dir='ltr'><strong>tacito</strong></span> <span class='ocrx_word' id='word_1_66' title='bbox 308 1409 487 1494; x_wconf 80' lang='lat' dir='ltr'><strong>Dionysio</strong></span> <span class='ocrx_word' id='word_1_67' title='bbox 511 1410 599 1474; x_wconf 85' lang='lat' dir='ltr'><strong>l&#39;um</strong></span> <span class='ocrx_word' id='word_1_68' title='bbox 623 1425 727 1474; x_wconf 87' lang='lat' dir='ltr'><strong>coeco</strong></span> <span class='ocrx_word' id='word_1_69' title='bbox 751 1404 919 1492; x_wconf 90' lang='lat' dir='ltr'><strong>penicillo</strong></span> <span class='ocrx_word' id='word_1_70' title='bbox 935 1405 1127 1492; x_wconf 90' lang='lat' dir='ltr'><strong>promiscui</strong></span> <span class='ocrx_word' id='word_1_71' title='bbox 1151 1407 1290 1475; x_wconf 88' lang='lat' dir='ltr'><strong>numeri</strong></span> <span class='ocrx_word' id='word_1_72' title='bbox 1309 1408 1505 1494; x_wconf 88' lang='lat' dir='ltr'><strong>pinguntur</strong></span> <span class='ocrx_word' id='word_1_73' title='bbox 1522 1409 1566 1476; x_wconf 93' lang='lat' dir='ltr'><strong>ad</strong></span> <span class='ocrx_word' id='word_1_74' title='bbox 1590 1407 1736 1494; x_wconf 90' lang='lat' dir='ltr'><strong>singula</strong></span> 
     </span>
     <span class='ocr_line' id='line_1_9' title="bbox 181 1521 1377 1611; baseline -0.003 -17"><span class='ocrx_word' id='word_1_75' title='bbox 181 1530 252 1596; x_wconf 87' lang='lat' dir='ltr'><strong>l&#39;ere</strong></span> <span class='ocrx_word' id='word_1_76' title='bbox 275 1527 422 1610; x_wconf 77' lang='lat' dir='ltr'><strong>scitella,</strong></span> <span class='ocrx_word' id='word_1_77' title='bbox 447 1543 536 1611; x_wconf 90' lang='lat' dir='ltr'><strong>quae</strong></span> <span class='ocrx_word' id='word_1_78' title='bbox 560 1524 659 1590; x_wconf 93' lang='lat' dir='ltr'><strong>nullo</strong></span> <span class='ocrx_word' id='word_1_79' title='bbox 683 1539 828 1609; x_wconf 89' lang='lat' dir='ltr'><strong>prorsus</strong></span> <span class='ocrx_word' id='word_1_80' title='bbox 852 1521 1057 1590; x_wconf 88' lang='lat' dir='ltr'><strong>discrirnine</strong></span> <span class='ocrx_word' id='word_1_81' title='bbox 1081 1523 1193 1590; x_wconf 86' lang='lat' dir='ltr'><strong>dividi</strong></span> <span class='ocrx_word' id='word_1_82' title='bbox 1218 1527 1377 1610; x_wconf 84' lang='lat' dir='ltr'><strong>possunt.</strong></span> 
     </span>
    </p>

    <p class='ocr_par' dir='ltr' id='par_1_3' title="bbox 179 1639 1737 2180">
     <span class='ocr_line' id='line_1_10' title="bbox 269 1639 1733 1729; baseline -0.005 -17"><span class='ocrx_word' id='word_1_83' title='bbox 269 1647 435 1712; x_wconf 78' lang='lat' dir='ltr'><strong>Attamen</strong></span> <span class='ocrx_word' id='word_1_84' title='bbox 459 1645 602 1710; x_wconf 86' lang='lat' dir='ltr'><strong>exstare</strong></span> <span class='ocrx_word' id='word_1_85' title='bbox 627 1642 662 1708; x_wconf 91' lang='lat' dir='ltr'><strong>in</strong></span> <span class='ocrx_word' id='word_1_86' title='bbox 687 1640 847 1726; x_wconf 88' lang='lat' dir='ltr'><strong>praelato</strong></span> <span class='ocrx_word' id='word_1_87' title='bbox 871 1640 963 1706; x_wconf 91' lang='lat' dir='ltr'><strong>libro</strong></span> <span class='ocrx_word' id='word_1_88' title='bbox 987 1649 1129 1708; x_wconf 88' lang='lat' dir='ltr'><strong>centum</strong></span> <span class='ocrx_word' id='word_1_89' title='bbox 1153 1643 1272 1729; x_wconf 90' lang='lat' dir='ltr'><strong>capita</strong></span> <span class='ocrx_word' id='word_1_90' title='bbox 1295 1661 1379 1728; x_wconf 89' lang='lat' dir='ltr'><strong>prae</strong></span> <span class='ocrx_word' id='word_1_91' title='bbox 1411 1642 1564 1710; x_wconf 89' lang='lat' dir='ltr'><strong>coeteris</strong></span> <span class='ocrx_word' id='word_1_92' title='bbox 1587 1639 1733 1709; x_wconf 84' lang='lat' dir='ltr'><strong>scholiis</strong></span> 
     </span>
     <span class='ocr_line' id='line_1_11' title="bbox 179 1757 1734 1847; baseline -0.005 -17"><span class='ocrx_word' id='word_1_93' title='bbox 179 1761 380 1847; x_wconf 78' lang='lat' dir='ltr'><strong>insigniora</strong></span> <span class='ocrx_word' id='word_1_94' title='bbox 401 1764 438 1828; x_wconf 90' lang='lat' dir='ltr'><strong>et</strong></span> <span class='ocrx_word' id='word_1_95' title='bbox 460 1758 731 1846; x_wconf 79' lang='lat' dir='ltr'><strong>praestantiora,</strong></span> <span class='ocrx_word' id='word_1_96' title='bbox 757 1759 910 1824; x_wconf 86' lang='lat' dir='ltr'><strong>testatur</strong></span> <span class='ocrx_word' id='word_1_97' title='bbox 934 1757 1042 1825; x_wconf 81' lang='lat' dir='ltr'><strong>index</strong></span> <span class='ocrx_word' id='word_1_98' title='bbox 1067 1757 1257 1843; x_wconf 86' lang='lat' dir='ltr'><strong>praefixus,</strong></span> <span class='ocrx_word' id='word_1_99' title='bbox 1286 1760 1320 1826; x_wconf 92' lang='lat' dir='ltr'><strong>in</strong></span> <span class='ocrx_word' id='word_1_100' title='bbox 1346 1777 1414 1844; x_wconf 89' lang='lat' dir='ltr'><strong>quo</strong></span> <span class='ocrx_word' id='word_1_101' title='bbox 1439 1758 1609 1826; x_wconf 88' lang='lat' dir='ltr'><strong>lemmata</strong></span> <span class='ocrx_word' id='word_1_102' title='bbox 1640 1757 1734 1825; x_wconf 92' lang='lat' dir='ltr'><strong>haud</strong></span> 
     </span>
     <span class='ocr_line' id='line_1_12' title="bbox 180 1872 1730 1963; baseline -0.004 -17"><span class='ocrx_word' id='word_1_103' title='bbox 180 1877 402 1963; x_wconf 73' lang='lat' dir='ltr'><strong>inelegantis</strong></span> <span class='ocrx_word' id='word_1_104' title='bbox 424 1875 685 1944; x_wconf 81' lang='lat' dir='ltr'><strong>exactissimam</strong></span> <span class='ocrx_word' id='word_1_105' title='bbox 710 1873 837 1940; x_wconf 88' lang='lat' dir='ltr'><strong>seriem</strong></span> <span class='ocrx_word' id='word_1_106' title='bbox 863 1872 1023 1941; x_wconf 87' lang='lat' dir='ltr'><strong>referunt</strong></span> <span class='ocrx_word' id='word_1_107' title='bbox 1044 1878 1186 1942; x_wconf 90' lang='lat' dir='ltr'><strong>centum</strong></span> <span class='ocrx_word' id='word_1_108' title='bbox 1211 1875 1575 1954; x_wconf 87' lang='lat' dir='ltr'><strong>animadversionum,</strong></span> <span class='ocrx_word' id='word_1_109' title='bbox 1602 1873 1730 1959; x_wconf 85' lang='lat' dir='ltr'><strong>grandi</strong></span> 
     </span>
     <span class='ocr_line' id='line_1_13' title="bbox 179 1991 1737 2079; baseline -0.003 -17"><span class='ocrx_word' id='word_1_110' title='bbox 179 1998 215 2062; x_wconf 89' lang='lat' dir='ltr'><strong>et</strong></span> <span class='ocrx_word' id='word_1_111' title='bbox 237 1993 380 2062; x_wconf 90' lang='lat' dir='ltr'><strong>sublimi</strong></span> <span class='ocrx_word' id='word_1_112' title='bbox 416 1991 599 2076; x_wconf 85' lang='lat' dir='ltr'><strong>theologia</strong></span> <span class='ocrx_word' id='word_1_113' title='bbox 623 1991 827 2074; x_wconf 88' lang='lat' dir='ltr'><strong>insignium,</strong></span> <span class='ocrx_word' id='word_1_114' title='bbox 852 2008 943 2075; x_wconf 86' lang='lat' dir='ltr'><strong>quae</strong></span> <span class='ocrx_word' id='word_1_115' title='bbox 969 1991 1004 2058; x_wconf 92' lang='lat' dir='ltr'><strong>in</strong></span> <span class='ocrx_word' id='word_1_116' title='bbox 1028 1991 1149 2060; x_wconf 90' lang='lat' dir='ltr'><strong>codice</strong></span> <span class='ocrx_word' id='word_1_117' title='bbox 1173 1991 1378 2061; x_wconf 77' lang='lat' dir='ltr'><strong>&#39;theodorae</strong></span> <span class='ocrx_word' id='word_1_118' title='bbox 1410 2010 1589 2079; x_wconf 90' lang='lat' dir='ltr'><strong>purpurea</strong></span> <span class='ocrx_word' id='word_1_119' title='bbox 1614 1991 1737 2059; x_wconf 89' lang='lat' dir='ltr'><strong>littera</strong></span> 
     </span>
     <span class='ocr_line' id='line_1_14' title="bbox 179 2111 349 2180; baseline 0.006 -3"><span class='ocrx_word' id='word_1_120' title='bbox 179 2111 349 2180; x_wconf 87' lang='lat' dir='ltr'><strong>emicant.</strong></span> 
     </span>
    </p>

    <p class='ocr_par' dir='ltr' id='par_1_4' title="bbox 178 2220 1737 2552">
     <span class='ocr_line' id='line_1_15' title="bbox 268 2220 1736 2318; baseline 0.003 -24"><span class='ocrx_word' id='word_1_121' title='bbox 268 2228 396 2304; x_wconf 89' lang='lat' dir='ltr'><strong>Qualia</strong></span> <span class='ocrx_word' id='word_1_122' title='bbox 417 2231 455 2296; x_wconf 86' lang='lat' dir='ltr'><strong>et</strong></span> <span class='ocrx_word' id='word_1_123' title='bbox 488 2229 671 2314; x_wconf 86' lang='lat' dir='ltr'><strong>cujusnam</strong></span> <span class='ocrx_word' id='word_1_124' title='bbox 708 2231 790 2294; x_wconf 88' lang='lat' dir='ltr'><strong>sunt</strong></span> <span class='ocrx_word' id='word_1_125' title='bbox 814 2225 879 2294; x_wconf 92' lang='lat' dir='ltr'><strong>illa</strong></span> <span class='ocrx_word' id='word_1_126' title='bbox 901 2220 1097 2318; x_wconf 71' lang='lat' dir='ltr'><strong>aepdlural</strong></span> <span class='ocrx_word' id='word_1_127' title='bbox 1121 2229 1224 2298; x_wconf 89' lang='lat' dir='ltr'><strong>Haud</strong></span> <span class='ocrx_word' id='word_1_128' title='bbox 1248 2229 1401 2302; x_wconf 91' lang='lat' dir='ltr'><strong>multum</strong></span> <span class='ocrx_word' id='word_1_129' title='bbox 1426 2231 1469 2298; x_wconf 92' lang='lat' dir='ltr'><strong>ab</strong></span> <span class='ocrx_word' id='word_1_130' title='bbox 1494 2231 1597 2299; x_wconf 92' lang='lat' dir='ltr'><strong>initio</strong></span> <span class='ocrx_word' id='word_1_131' title='bbox 1621 2231 1736 2318; x_wconf 92' lang='lat' dir='ltr'><strong>proli-</strong></span> 
     </span>
     <span class='ocr_line' id='line_1_16' title="bbox 178 2345 1737 2435; baseline 0 -19"><span class='ocrx_word' id='word_1_132' title='bbox 178 2366 225 2416; x_wconf 94' lang='lat' dir='ltr'><strong>xa</strong></span> <span class='ocrx_word' id='word_1_133' title='bbox 248 2352 344 2425; x_wconf 89' lang='lat' dir='ltr'><strong>sunt,</strong></span> <span class='ocrx_word' id='word_1_134' title='bbox 370 2348 433 2416; x_wconf 89' lang='lat' dir='ltr'><strong>sed</strong></span> <span class='ocrx_word' id='word_1_135' title='bbox 458 2364 540 2414; x_wconf 91' lang='lat' dir='ltr'><strong>mox</strong></span> <span class='ocrx_word' id='word_1_136' title='bbox 569 2345 806 2432; x_wconf 92' lang='lat' dir='ltr'><strong>amplitudine</strong></span> <span class='ocrx_word' id='word_1_137' title='bbox 841 2349 1018 2426; x_wconf 87' lang='lat' dir='ltr'><strong>crescunt,</strong></span> <span class='ocrx_word' id='word_1_138' title='bbox 1043 2350 1080 2414; x_wconf 90' lang='lat' dir='ltr'><strong>et</strong></span> <span class='ocrx_word' id='word_1_139' title='bbox 1113 2347 1372 2416; x_wconf 91' lang='lat' dir='ltr'><strong>sententiarum</strong></span> <span class='ocrx_word' id='word_1_140' title='bbox 1396 2349 1485 2416; x_wconf 92' lang='lat' dir='ltr'><strong>adeo</strong></span> <span class='ocrx_word' id='word_1_141' title='bbox 1525 2349 1737 2435; x_wconf 88' lang='lat' dir='ltr'><strong>superbiunt</strong></span> 
     </span>
     <span class='ocr_line' id='line_1_17' title="bbox 178 2462 1737 2552; baseline 0 -19"><span class='ocrx_word' id='word_1_142' title='bbox 178 2464 345 2533; x_wconf 85' lang='lat' dir='ltr'><strong>archaica</strong></span> <span class='ocrx_word' id='word_1_143' title='bbox 369 2465 568 2550; x_wconf 87' lang='lat' dir='ltr'><strong>majestate,</strong></span> <span class='ocrx_word' id='word_1_144' title='bbox 595 2467 634 2530; x_wconf 92' lang='lat' dir='ltr'><strong>ut</strong></span> <span class='ocrx_word' id='word_1_145' title='bbox 657 2481 679 2530; x_wconf 91' lang='lat' dir='ltr'><strong>a</strong></span> <span class='ocrx_word' id='word_1_146' title='bbox 702 2463 847 2531; x_wconf 84' lang='lat' dir='ltr'><strong>blaximi</strong></span> <span class='ocrx_word' id='word_1_147' title='bbox 866 2462 1013 2531; x_wconf 90' lang='lat' dir='ltr'><strong>scholiis</strong></span> <span class='ocrx_word' id='word_1_148' title='bbox 1032 2463 1091 2532; x_wconf 87' lang='lat' dir='ltr'><strong>vel</strong></span> <span class='ocrx_word' id='word_1_149' title='bbox 1116 2481 1234 2532; x_wconf 88' lang='lat' dir='ltr'><strong>coecus</strong></span> <span class='ocrx_word' id='word_1_150' title='bbox 1250 2463 1455 2552; x_wconf 88' lang='lat' dir='ltr'><strong>eadiiferre</strong></span> <span class='ocrx_word' id='word_1_151' title='bbox 1472 2470 1629 2547; x_wconf 88' lang='lat' dir='ltr'><strong>censeat;</strong></span> <span class='ocrx_word' id='word_1_152' title='bbox 1652 2485 1737 2534; x_wconf 89' lang='lat' dir='ltr'><strong>con-</strong></span> 
     </span>
    </p>
   </div>
   <div class='ocr_carea' id='block_1_3' title="bbox 177 2581 1861 2670">
    <p class='ocr_par' dir='ltr' id='par_1_5' title="bbox 177 2581 1861 2670">
     <span class='ocr_line' id='line_1_18' title="bbox 177 2581 1861 2670; baseline 0 -20"><span class='ocrx_word' id='word_1_153' title='bbox 177 2584 314 2650; x_wconf 89' lang='lat' dir='ltr'><strong>tiuuam</strong></span> <span class='ocrx_word' id='word_1_154' title='bbox 333 2581 580 2668; x_wconf 87' lang='lat' dir='ltr'><strong>praescierunt</strong></span> <span class='ocrx_word' id='word_1_155' title='bbox 596 2581 841 2652; x_wconf 88' lang='lat' dir='ltr'><strong>commentarii</strong></span> <span class='ocrx_word' id='word_1_156' title='bbox 860 2582 1165 2667; x_wconf 87' lang='lat' dir='ltr'><strong>consequentiam,</strong></span> <span class='ocrx_word' id='word_1_157' title='bbox 1192 2582 1422 2667; x_wconf 89' lang='lat' dir='ltr'><strong>ejusdemque</strong></span> <span class='ocrx_word' id='word_1_158' title='bbox 1439 2583 1625 2670; x_wconf 89' lang='lat' dir='ltr'><strong>scriptoris</strong></span> <span class='ocrx_word' id='word_1_159' title='bbox 1642 2600 1737 2650; x_wconf 89' lang='lat' dir='ltr'><strong>meu-</strong></span> <span class='ocrx_word' id='word_1_160' title='bbox 1795 2625 1798 2634; x_wconf 91' lang='lat'>·</span> <span class='ocrx_word' id='word_1_161' title='bbox 1855 2591 1861 2602; x_wconf 90' lang='lat'>&#39;</span> 
     </span>
    </p>
   </div>
   <div class='ocr_carea' id='block_1_4' title="bbox 178 2697 1734 2785">
    <p class='ocr_par' dir='ltr' id='par_1_6' title="bbox 178 2697 1734 2785">
     <span class='ocr_line' id='line_1_19' title="bbox 178 2697 1734 2785; baseline 0 -19"><span class='ocrx_word' id='word_1_162' title='bbox 178 2705 263 2776; x_wconf 85' lang='lat' dir='ltr'><strong>tem,</strong></span> <span class='ocrx_word' id='word_1_163' title='bbox 294 2698 354 2785; x_wconf 91' lang='lat' dir='ltr'><strong>qui</strong></span> <span class='ocrx_word' id='word_1_164' title='bbox 380 2719 451 2767; x_wconf 91' lang='lat' dir='ltr'><strong>non</strong></span> <span class='ocrx_word' id='word_1_165' title='bbox 474 2699 586 2768; x_wconf 90' lang='lat' dir='ltr'><strong>semel</strong></span> <span class='ocrx_word' id='word_1_166' title='bbox 612 2701 727 2766; x_wconf 88' lang='lat' dir='ltr'><strong>semet</strong></span> <span class='ocrx_word' id='word_1_167' title='bbox 750 2699 793 2766; x_wconf 91' lang='lat' dir='ltr'><strong>ad</strong></span> <span class='ocrx_word' id='word_1_168' title='bbox 829 2699 951 2784; x_wconf 86' lang='lat' dir='ltr'><strong>prlora</strong></span> <span class='ocrx_word' id='word_1_169' title='bbox 972 2713 1041 2766; x_wconf 87' lang='lat' dir='ltr'><strong>sua</strong></span> <span class='ocrx_word' id='word_1_170' title='bbox 1061 2697 1187 2766; x_wconf 83' lang='lat' dir='ltr'><strong>reteri.</strong></span> <span class='ocrx_word' id='word_1_171' title='bbox 1212 2697 1379 2784; x_wconf 84' lang='lat' dir='ltr'><strong>Exceptis</strong></span> <span class='ocrx_word' id='word_1_172' title='bbox 1413 2701 1552 2766; x_wconf 65' lang='lat' dir='ltr'><strong>mutum</strong></span> <span class='ocrx_word' id='word_1_173' title='bbox 1585 2699 1734 2780; x_wconf 90' lang='lat' dir='ltr'><strong>duobus,</strong></span> 
     </span>
    </p>
   </div>
   <div class='ocr_carea' id='block_1_5' title="bbox 180 2814 1845 2902">
    <p class='ocr_par' dir='ltr' id='par_1_7' title="bbox 180 2814 1845 2902">
     <span class='ocr_line' id='line_1_20' title="bbox 180 2814 1845 2902; baseline -0.001 -16"><span class='ocrx_word' id='word_1_174' title='bbox 180 2814 342 2896; x_wconf 88' lang='lat' dir='ltr'><strong>scholiis,</strong></span> <span class='ocrx_word' id='word_1_175' title='bbox 368 2834 460 2902; x_wconf 89' lang='lat' dir='ltr'><strong>quae</strong></span> <span class='ocrx_word' id='word_1_176' title='bbox 484 2833 637 2886; x_wconf 84' lang='lat' dir='ltr'><strong>erronea</strong></span> <span class='ocrx_word' id='word_1_177' title='bbox 669 2814 792 2883; x_wconf 89' lang='lat' dir='ltr'><strong>littera</strong></span> <span class='ocrx_word' id='word_1_178' title='bbox 815 2817 940 2884; x_wconf 89' lang='lat' dir='ltr'><strong>notatu</strong></span> <span class='ocrx_word' id='word_1_179' title='bbox 964 2814 1075 2884; x_wconf 85' lang='lat' dir='ltr'><strong>inisse</strong></span> <span class='ocrx_word' id='word_1_180' title='bbox 1107 2814 1259 2902; x_wconf 90' lang='lat' dir='ltr'><strong>possint,</strong></span> <span class='ocrx_word' id='word_1_181' title='bbox 1285 2815 1345 2883; x_wconf 93' lang='lat' dir='ltr'><strong>ubi</strong></span> <span class='ocrx_word' id='word_1_182' title='bbox 1377 2817 1596 2885; x_wconf 87' lang='lat' dir='ltr'><strong>recentiores</strong></span> <span class='ocrx_word' id='word_1_183' title='bbox 1619 2819 1737 2886; x_wconf 88' lang='lat' dir='ltr'><strong>sectae</strong></span> <span class='ocrx_word' id='word_1_184' title='bbox 1835 2817 1845 2830; x_wconf 85' lang='lat'><em>&#39;</em></span> 
     </span>
    </p>
   </div>
   <div class='ocr_carea' id='block_1_6' title="bbox 174 2930 1790 5139">
    <p class='ocr_par' dir='ltr' id='par_1_8' title="bbox 177 2930 1738 3488">
     <span class='ocr_line' id='line_1_21' title="bbox 184 2930 1736 3022; baseline -0.001 -20"><span class='ocrx_word' id='word_1_185' title='bbox 184 2935 371 3022; x_wconf 76' lang='lat' dir='ltr'><strong>vapulant,</strong></span> <span class='ocrx_word' id='word_1_186' title='bbox 397 2939 530 3005; x_wconf 88' lang='lat' dir='ltr'><strong>caetera</strong></span> <span class='ocrx_word' id='word_1_187' title='bbox 563 2951 712 3003; x_wconf 91' lang='lat' dir='ltr'><strong>numero</strong></span> <span class='ocrx_word' id='word_1_188' title='bbox 738 2937 817 3001; x_wconf 88' lang='lat' dir='ltr'><strong>octo</strong></span> <span class='ocrx_word' id='word_1_189' title='bbox 841 2937 879 3001; x_wconf 92' lang='lat' dir='ltr'><strong>et</strong></span> <span class='ocrx_word' id='word_1_190' title='bbox 908 2931 1111 3017; x_wconf 85' lang='lat' dir='ltr'><strong>&#39;nonaginta</strong></span> <span class='ocrx_word' id='word_1_191' title='bbox 1134 2930 1269 2999; x_wconf 93' lang='lat' dir='ltr'><strong>nullam</strong></span> <span class='ocrx_word' id='word_1_192' title='bbox 1305 2931 1483 3001; x_wconf 90' lang='lat' dir='ltr'><strong>haeresim</strong></span> <span class='ocrx_word' id='word_1_193' title='bbox 1519 2934 1736 3003; x_wconf 90' lang='lat' dir='ltr'><strong>ltanichaeis</strong></span> 
     </span>
     <span class='ocr_line' id='line_1_22' title="bbox 177 3047 1735 3148; baseline -0.002 -27"><span class='ocrx_word' id='word_1_194' title='bbox 177 3054 415 3123; x_wconf 84' lang='lat' dir='ltr'><strong>recentiorem</strong></span> <span class='ocrx_word' id='word_1_195' title='bbox 440 3053 635 3132; x_wconf 80' lang='lat' dir='ltr'><strong>offendunt3</strong></span> <span class='ocrx_word' id='word_1_196' title='bbox 662 3070 727 3120; x_wconf 90' lang='lat' dir='ltr'><strong>nec</strong></span> <span class='ocrx_word' id='word_1_197' title='bbox 752 3049 909 3148; x_wconf 85' lang='lat' dir='ltr'><strong>Maximi,</strong></span> <span class='ocrx_word' id='word_1_198' title='bbox 931 3066 1047 3135; x_wconf 87' lang='lat' dir='ltr'><strong>neque</strong></span> <span class='ocrx_word' id='word_1_199' title='bbox 1075 3047 1225 3118; x_wconf 84' lang='lat' dir='ltr'><strong>ioannIs</strong></span> <span class='ocrx_word' id='word_1_200' title='bbox 1248 3049 1530 3137; x_wconf 86' lang='lat' dir='ltr'><strong>Scythopolitani</strong></span> <span class='ocrx_word' id='word_1_201' title='bbox 1561 3053 1735 3138; x_wconf 87' lang='lat' dir='ltr'><strong>tempori-</strong></span> 
     </span>
     <span class='ocr_line' id='line_1_23' title="bbox 179 3153 1732 3256; baseline 0 -18"><span class='ocrx_word' id='word_1_202' title='bbox 179 3172 244 3240; x_wconf 92' lang='lat' dir='ltr'><strong>bus</strong></span> <span class='ocrx_word' id='word_1_203' title='bbox 267 3175 306 3240; x_wconf 91' lang='lat' dir='ltr'><strong>et</strong></span> <span class='ocrx_word' id='word_1_204' title='bbox 327 3153 584 3240; x_wconf 76' lang='lat' dir='ltr'><strong>controversiis</strong></span> <span class='ocrx_word' id='word_1_205' title='bbox 609 3168 712 3235; x_wconf 82' lang='lat' dir='ltr'><strong>tacite</strong></span> <span class='ocrx_word' id='word_1_206' title='bbox 736 3169 918 3254; x_wconf 88' lang='lat' dir='ltr'><strong>aptantur,</strong></span> <span class='ocrx_word' id='word_1_207' title='bbox 944 3171 1195 3253; x_wconf 82' lang='lat' dir='ltr'><strong>praeterquam</strong></span> <span class='ocrx_word' id='word_1_208' title='bbox 1221 3169 1314 3253; x_wconf 86' lang='lat' dir='ltr'><strong>quod</strong></span> <span class='ocrx_word' id='word_1_209' title='bbox 1338 3167 1493 3253; x_wconf 83' lang='lat' dir='ltr'><strong>strigoso</strong></span> <span class='ocrx_word' id='word_1_210' title='bbox 1517 3172 1555 3237; x_wconf 88' lang='lat' dir='ltr'><strong>et</strong></span> <span class='ocrx_word' id='word_1_211' title='bbox 1578 3173 1732 3256; x_wconf 81' lang='lat' dir='ltr'><strong>pugnaci</strong></span> 
     </span>
     <span class='ocr_line' id='line_1_24' title="bbox 177 3283 1738 3372; baseline 0 -16"><span class='ocrx_word' id='word_1_212' title='bbox 177 3306 344 3357; x_wconf 87' lang='lat' dir='ltr'><strong>sermone</strong></span> <span class='ocrx_word' id='word_1_213' title='bbox 370 3288 546 3357; x_wconf 78' lang='lat' dir='ltr'><strong>Maximus</strong></span> <span class='ocrx_word' id='word_1_214' title='bbox 570 3289 621 3356; x_wconf 87' lang='lat' dir='ltr'><strong>uti</strong></span> <span class='ocrx_word' id='word_1_215' title='bbox 647 3286 683 3354; x_wconf 92' lang='lat' dir='ltr'><strong>in</strong></span> <span class='ocrx_word' id='word_1_216' title='bbox 708 3287 834 3372; x_wconf 90' lang='lat' dir='ltr'><strong>primis</strong></span> <span class='ocrx_word' id='word_1_217' title='bbox 857 3286 962 3365; x_wconf 88' lang='lat' dir='ltr'><strong>solet,</strong></span> <span class='ocrx_word' id='word_1_218' title='bbox 988 3303 1054 3354; x_wconf 91' lang='lat' dir='ltr'><strong>nec</strong></span> <span class='ocrx_word' id='word_1_219' title='bbox 1079 3285 1148 3354; x_wconf 90' lang='lat' dir='ltr'><strong>nisi</strong></span> <span class='ocrx_word' id='word_1_220' title='bbox 1167 3283 1401 3354; x_wconf 88' lang='lat' dir='ltr'><strong>brevissimas</strong></span> <span class='ocrx_word' id='word_1_221' title='bbox 1425 3286 1626 3367; x_wconf 84' lang='lat' dir='ltr'><strong>strIcturas,</strong></span> <span class='ocrx_word' id='word_1_222' title='bbox 1647 3287 1738 3357; x_wconf 90' lang='lat' dir='ltr'><strong>deti-</strong></span> 
     </span>
     <span class='ocr_line' id='line_1_25' title="bbox 177 3401 1385 3488; baseline -0.004 -14"><span class='ocrx_word' id='word_1_223' title='bbox 177 3407 307 3485; x_wconf 88' lang='lat' dir='ltr'><strong>ciente,</strong></span> <span class='ocrx_word' id='word_1_224' title='bbox 334 3405 385 3473; x_wconf 87' lang='lat' dir='ltr'><strong>uti</strong></span> <span class='ocrx_word' id='word_1_225' title='bbox 417 3415 550 3484; x_wconf 87' lang='lat' dir='ltr'><strong>monet,</strong></span> <span class='ocrx_word' id='word_1_226' title='bbox 576 3403 698 3488; x_wconf 85' lang='lat' dir='ltr'><strong>exigui</strong></span> <span class='ocrx_word' id='word_1_227' title='bbox 723 3403 778 3472; x_wconf 89' lang='lat' dir='ltr'><strong>sui</strong></span> <span class='ocrx_word' id='word_1_228' title='bbox 803 3402 934 3470; x_wconf 86' lang='lat' dir='ltr'><strong>codIcis</strong></span> <span class='ocrx_word' id='word_1_229' title='bbox 958 3403 1135 3487; x_wconf 83' lang='lat' dir='ltr'><strong>margine,</strong></span> <span class='ocrx_word' id='word_1_230' title='bbox 1161 3401 1385 3488; x_wconf 80' lang='lat' dir='ltr'><strong>perstringit.</strong></span> 
     </span>
    </p>

    <p class='ocr_par' dir='ltr' id='par_1_9' title="bbox 174 3520 1736 4780">
     <span class='ocr_line' id='line_1_26' title="bbox 265 3520 1733 3608; baseline 0 -19"><span class='ocrx_word' id='word_1_231' title='bbox 265 3521 413 3591; x_wconf 81' lang='lat' dir='ltr'><strong>Bruuius</strong></span> <span class='ocrx_word' id='word_1_232' title='bbox 430 3541 571 3608; x_wconf 84' lang='lat' dir='ltr'><strong>quoque</strong></span> <span class='ocrx_word' id='word_1_233' title='bbox 591 3525 665 3607; x_wconf 87' lang='lat' dir='ltr'><strong>ipse</strong></span> <span class='ocrx_word' id='word_1_234' title='bbox 685 3539 766 3606; x_wconf 89' lang='lat' dir='ltr'><strong>ego,</strong></span> <span class='ocrx_word' id='word_1_235' title='bbox 788 3520 970 3605; x_wconf 88' lang='lat' dir='ltr'><strong>angustiis</strong></span> <span class='ocrx_word' id='word_1_236' title='bbox 990 3520 1253 3607; x_wconf 88' lang='lat' dir='ltr'><strong>prooemiorum</strong></span> <span class='ocrx_word' id='word_1_237' title='bbox 1271 3537 1429 3606; x_wconf 88' lang='lat' dir='ltr'><strong>pressus,</strong></span> <span class='ocrx_word' id='word_1_238' title='bbox 1446 3521 1534 3589; x_wconf 89' lang='lat' dir='ltr'><strong>haec</strong></span> <span class='ocrx_word' id='word_1_239' title='bbox 1551 3523 1733 3608; x_wconf 89' lang='lat' dir='ltr'><strong>proposui,</strong></span> 
     </span>
     <span class='ocr_line' id='line_1_27' title="bbox 177 3636 1736 3724; baseline 0 -16"><span class='ocrx_word' id='word_1_240' title='bbox 177 3640 356 3724; x_wconf 84' lang='lat' dir='ltr'><strong>opinantis</strong></span> <span class='ocrx_word' id='word_1_241' title='bbox 382 3657 492 3720; x_wconf 89' lang='lat' dir='ltr'><strong>more,</strong></span> <span class='ocrx_word' id='word_1_242' title='bbox 519 3658 590 3706; x_wconf 93' lang='lat' dir='ltr'><strong>non</strong></span> <span class='ocrx_word' id='word_1_243' title='bbox 616 3637 755 3716; x_wconf 88' lang='lat' dir='ltr'><strong>arbitri,</strong></span> <span class='ocrx_word' id='word_1_244' title='bbox 782 3655 847 3704; x_wconf 91' lang='lat' dir='ltr'><strong>nec</strong></span> <span class='ocrx_word' id='word_1_245' title='bbox 862 3636 1007 3722; x_wconf 81' lang='lat' dir='ltr'><strong>judicis.</strong></span> <span class='ocrx_word' id='word_1_246' title='bbox 1028 3637 1238 3707; x_wconf 86' lang='lat' dir='ltr'><strong>Accuratius</strong></span> <span class='ocrx_word' id='word_1_247' title='bbox 1260 3638 1355 3705; x_wconf 82' lang='lat' dir='ltr'><strong>enlm</strong></span> <span class='ocrx_word' id='word_1_248' title='bbox 1374 3639 1595 3724; x_wconf 88' lang='lat' dir='ltr'><strong>exemplaria</strong></span> <span class='ocrx_word' id='word_1_249' title='bbox 1615 3642 1736 3708; x_wconf 91' lang='lat' dir='ltr'><strong>orien-</strong></span> 
     </span>
     <span class='ocr_line' id='line_1_28' title="bbox 175 3754 1730 3842; baseline 0 -18"><span class='ocrx_word' id='word_1_250' title='bbox 175 3757 265 3824; x_wconf 88' lang='lat' dir='ltr'><strong>talia</strong></span> <span class='ocrx_word' id='word_1_251' title='bbox 282 3775 390 3842; x_wconf 86' lang='lat' dir='ltr'><strong>greca</strong></span> <span class='ocrx_word' id='word_1_252' title='bbox 408 3761 445 3824; x_wconf 89' lang='lat' dir='ltr'><strong>et</strong></span> <span class='ocrx_word' id='word_1_253' title='bbox 468 3755 583 3823; x_wconf 89' lang='lat' dir='ltr'><strong>latina</strong></span> <span class='ocrx_word' id='word_1_254' title='bbox 605 3754 742 3823; x_wconf 90' lang='lat' dir='ltr'><strong>versari</strong></span> <span class='ocrx_word' id='word_1_255' title='bbox 760 3756 910 3840; x_wconf 89' lang='lat' dir='ltr'><strong>oportet,</strong></span> <span class='ocrx_word' id='word_1_256' title='bbox 929 3759 969 3821; x_wconf 89' lang='lat' dir='ltr'><strong>ut</strong></span> <span class='ocrx_word' id='word_1_257' title='bbox 991 3754 1086 3821; x_wconf 87' lang='lat' dir='ltr'><strong>inter</strong></span> <span class='ocrx_word' id='word_1_258' title='bbox 1109 3773 1148 3823; x_wconf 89' lang='lat' dir='ltr'><strong>se</strong></span> <span class='ocrx_word' id='word_1_259' title='bbox 1171 3755 1401 3824; x_wconf 82' lang='lat' dir='ltr'><strong>conterantur</strong></span> <span class='ocrx_word' id='word_1_260' title='bbox 1425 3754 1562 3823; x_wconf 92' lang='lat' dir='ltr'><strong>scholia</strong></span> <span class='ocrx_word' id='word_1_261' title='bbox 1587 3757 1730 3824; x_wconf 88' lang='lat' dir='ltr'><strong>Maximi</strong></span> 
     </span>
     <span class='ocr_line' id='line_1_29' title="bbox 176 3871 1730 3959; baseline 0 -18"><span class='ocrx_word' id='word_1_262' title='bbox 176 3881 212 3942; x_wconf 86' lang='lat' dir='ltr'><strong>et</strong></span> <span class='ocrx_word' id='word_1_263' title='bbox 233 3873 380 3942; x_wconf 84' lang='lat' dir='ltr'><strong>ioannis</strong></span> <span class='ocrx_word' id='word_1_264' title='bbox 402 3871 697 3959; x_wconf 82' lang='lat' dir='ltr'><strong>Scythopolitani,</strong></span> <span class='ocrx_word' id='word_1_265' title='bbox 718 3889 799 3956; x_wconf 87' lang='lat' dir='ltr'><strong>quae</strong></span> <span class='ocrx_word' id='word_1_266' title='bbox 817 3871 1024 3952; x_wconf 87' lang='lat' dir='ltr'><strong>miscentur,</strong></span> <span class='ocrx_word' id='word_1_267' title='bbox 1050 3872 1207 3957; x_wconf 89' lang='lat' dir='ltr'><strong>Dyonisii</strong></span> <span class='ocrx_word' id='word_1_268' title='bbox 1227 3877 1264 3941; x_wconf 90' lang='lat' dir='ltr'><strong>et</strong></span> <span class='ocrx_word' id='word_1_269' title='bbox 1279 3873 1459 3954; x_wconf 82' lang='lat' dir='ltr'><strong>Germani,</strong></span> <span class='ocrx_word' id='word_1_270' title='bbox 1478 3875 1508 3940; x_wconf 92' lang='lat' dir='ltr'><strong>si</strong></span> <span class='ocrx_word' id='word_1_271' title='bbox 1535 3892 1627 3959; x_wconf 91' lang='lat' dir='ltr'><strong>quae</strong></span> <span class='ocrx_word' id='word_1_272' title='bbox 1645 3875 1730 3954; x_wconf 89' lang='lat' dir='ltr'><strong>sint,</strong></span> 
     </span>
     <span class='ocr_line' id='line_1_30' title="bbox 175 3987 1734 4076; baseline 0.001 -18"><span class='ocrx_word' id='word_1_273' title='bbox 175 3992 340 4060; x_wconf 84' lang='lat' dir='ltr'><strong>Andreae</strong></span> <span class='ocrx_word' id='word_1_274' title='bbox 365 3991 455 4059; x_wconf 83' lang='lat' dir='ltr'><strong>torte</strong></span> <span class='ocrx_word' id='word_1_275' title='bbox 480 3989 673 4069; x_wconf 88' lang='lat' dir='ltr'><strong>Cretensis,</strong></span> <span class='ocrx_word' id='word_1_276' title='bbox 692 3987 895 4056; x_wconf 90' lang='lat' dir='ltr'><strong>Oecumenii</strong></span> <span class='ocrx_word' id='word_1_277' title='bbox 915 3991 952 4056; x_wconf 90' lang='lat' dir='ltr'><strong>et</strong></span> <span class='ocrx_word' id='word_1_278' title='bbox 974 3989 1119 4074; x_wconf 88' lang='lat' dir='ltr'><strong>Georgii</strong></span> <span class='ocrx_word' id='word_1_279' title='bbox 1144 3990 1466 4071; x_wconf 86' lang='lat' dir='ltr'><strong>Hieromnemonis,</strong></span> <span class='ocrx_word' id='word_1_280' title='bbox 1487 4009 1568 4076; x_wconf 89' lang='lat' dir='ltr'><strong>quae</strong></span> <span class='ocrx_word' id='word_1_281' title='bbox 1595 4006 1734 4060; x_wconf 87' lang='lat' dir='ltr'><strong>memo·</strong></span> 
     </span>
     <span class='ocr_line' id='line_1_31' title="bbox 176 4081 1736 4190; baseline -0.001 -14"><span class='ocrx_word' id='word_1_282' title='bbox 176 4110 303 4176; x_wconf 87' lang='lat' dir='ltr'><strong>rantur</strong></span> <span class='ocrx_word' id='word_1_283' title='bbox 319 4107 355 4176; x_wconf 92' lang='lat' dir='ltr'><strong>in</strong></span> <span class='ocrx_word' id='word_1_284' title='bbox 375 4107 600 4175; x_wconf 87' lang='lat' dir='ltr'><strong>bibliothecis</strong></span> <span class='ocrx_word' id='word_1_285' title='bbox 626 4105 856 4185; x_wconf 78' lang='lat' dir='ltr'><strong>coisliniana,</strong></span> <span class='ocrx_word' id='word_1_286' title='bbox 875 4106 1084 4188; x_wconf 89' lang='lat' dir='ltr'><strong>Taurinensi</strong></span> <span class='ocrx_word' id='word_1_287' title='bbox 1115 4110 1153 4175; x_wconf 87' lang='lat' dir='ltr'><strong>et</strong></span> <span class='ocrx_word' id='word_1_288' title='bbox 1177 4107 1393 4190; x_wconf 85' lang='lat' dir='ltr'><strong>Florentina;</strong></span> <span class='ocrx_word' id='word_1_289' title='bbox 1417 4108 1565 4175; x_wconf 84' lang='lat' dir='ltr'><strong>ioannis</strong></span> <span class='ocrx_word' id='word_1_290' title='bbox 1601 4081 1736 4176; x_wconf 76' lang='lat' dir='ltr'><strong>Ilaron-</strong></span> 
     </span>
     <span class='ocr_line' id='line_1_32' title="bbox 175 4222 1734 4310; baseline -0.002 -16"><span class='ocrx_word' id='word_1_291' title='bbox 175 4226 238 4304; x_wconf 88' lang='lat' dir='ltr'><strong>sis,</strong></span> <span class='ocrx_word' id='word_1_292' title='bbox 263 4227 365 4310; x_wconf 70' lang='lat' dir='ltr'><strong>crpus</strong></span> <span class='ocrx_word' id='word_1_293' title='bbox 389 4224 547 4293; x_wconf 89' lang='lat' dir='ltr'><strong>liorinus</strong></span> <span class='ocrx_word' id='word_1_294' title='bbox 571 4223 615 4292; x_wconf 90' lang='lat' dir='ltr'><strong>ad</strong></span> <span class='ocrx_word' id='word_1_295' title='bbox 639 4223 760 4291; x_wconf 90' lang='lat' dir='ltr'><strong>sidera</strong></span> <span class='ocrx_word' id='word_1_296' title='bbox 793 4223 890 4290; x_wconf 88' lang='lat' dir='ltr'><strong>tollit</strong></span> <span class='ocrx_word' id='word_1_297' title='bbox 923 4222 1211 4303; x_wconf 69' lang='lat' dir='ltr'><strong>commentarios</strong></span> <span class='ocrx_word' id='word_1_298' title='bbox 1248 4224 1395 4291; x_wconf 83' lang='lat' dir='ltr'><strong>Armeni</strong></span> <span class='ocrx_word' id='word_1_299' title='bbox 1432 4224 1649 4310; x_wconf 84' lang='lat' dir='ltr'><strong>interpretis,</strong></span> <span class='ocrx_word' id='word_1_300' title='bbox 1674 4225 1734 4310; x_wconf 91' lang='lat' dir='ltr'><strong>qui</strong></span> 
     </span>
     <span class='ocr_line' id='line_1_33' title="bbox 176 4339 1734 4429; baseline -0.001 -19"><span class='ocrx_word' id='word_1_301' title='bbox 176 4341 266 4411; x_wconf 89' lang='lat' dir='ltr'><strong>latet</strong></span> <span class='ocrx_word' id='word_1_302' title='bbox 289 4342 324 4409; x_wconf 93' lang='lat' dir='ltr'><strong>in</strong></span> <span class='ocrx_word' id='word_1_303' title='bbox 349 4343 450 4410; x_wconf 90' lang='lat' dir='ltr'><strong>codd.</strong></span> <span class='ocrx_word' id='word_1_304' title='bbox 474 4341 733 4429; x_wconf 87' lang='lat' dir='ltr'><strong>parisiensibus</strong></span> <span class='ocrx_word' id='word_1_305' title='bbox 751 4339 790 4428; x_wconf 85' lang='lat'><strong>¹).</strong></span> <span class='ocrx_word' id='word_1_306' title='bbox 812 4340 905 4408; x_wconf 88' lang='lat' dir='ltr'><strong>Haec</strong></span> <span class='ocrx_word' id='word_1_307' title='bbox 928 4344 992 4409; x_wconf 92' lang='lat' dir='ltr'><strong>aut</strong></span> <span class='ocrx_word' id='word_1_308' title='bbox 1014 4339 1098 4420; x_wconf 90' lang='lat' dir='ltr'><strong>alia,</strong></span> <span class='ocrx_word' id='word_1_309' title='bbox 1116 4340 1146 4407; x_wconf 89' lang='lat' dir='ltr'><strong>si</strong></span> <span class='ocrx_word' id='word_1_310' title='bbox 1166 4341 1256 4408; x_wconf 86' lang='lat' dir='ltr'><strong>Deus</strong></span> <span class='ocrx_word' id='word_1_311' title='bbox 1275 4341 1426 4420; x_wconf 86' lang='lat' dir='ltr'><strong>dederit,</strong></span> <span class='ocrx_word' id='word_1_312' title='bbox 1447 4339 1480 4406; x_wconf 93' lang='lat' dir='ltr'><strong>in</strong></span> <span class='ocrx_word' id='word_1_313' title='bbox 1500 4340 1614 4409; x_wconf 91' lang='lat' dir='ltr'><strong>altero</strong></span> <span class='ocrx_word' id='word_1_314' title='bbox 1640 4343 1734 4408; x_wconf 92' lang='lat' dir='ltr'><strong>tomo</strong></span> 
     </span>
     <span class='ocr_line' id='line_1_34' title="bbox 175 4457 1733 4546; baseline -0.001 -21"><span class='ocrx_word' id='word_1_315' title='bbox 175 4463 340 4527; x_wconf 87' lang='lat' dir='ltr'><strong>excutere</strong></span> <span class='ocrx_word' id='word_1_316' title='bbox 358 4458 510 4544; x_wconf 84' lang='lat' dir='ltr'><strong>juverit,</strong></span> <span class='ocrx_word' id='word_1_317' title='bbox 536 4457 594 4526; x_wconf 92' lang='lat' dir='ltr'><strong>ubi</strong></span> <span class='ocrx_word' id='word_1_318' title='bbox 617 4458 780 4526; x_wconf 91' lang='lat' dir='ltr'><strong>Proclum</strong></span> <span class='ocrx_word' id='word_1_319' title='bbox 807 4457 979 4538; x_wconf 76' lang='lat' dir='ltr'><strong>editurae,</strong></span> <span class='ocrx_word' id='word_1_320' title='bbox 1005 4476 1129 4526; x_wconf 91' lang='lat' dir='ltr'><strong>ansam</strong></span> <span class='ocrx_word' id='word_1_321' title='bbox 1153 4457 1293 4526; x_wconf 84' lang='lat' dir='ltr'><strong>facilem</strong></span> <span class='ocrx_word' id='word_1_322' title='bbox 1330 4457 1500 4546; x_wconf 79' lang='lat' dir='ltr'><strong>arrIpiam</strong></span> <span class='ocrx_word' id='word_1_323' title='bbox 1530 4457 1733 4525; x_wconf 87' lang='lat' dir='ltr'><strong>conserendi</strong></span> 
     </span>
     <span class='ocr_line' id='line_1_35' title="bbox 176 4573 1734 4663; baseline 0.001 -20"><span class='ocrx_word' id='word_1_324' title='bbox 176 4577 270 4644; x_wconf 86' lang='lat' dir='ltr'><strong>inter</strong></span> <span class='ocrx_word' id='word_1_325' title='bbox 293 4597 329 4643; x_wconf 88' lang='lat' dir='ltr'><strong>se</strong></span> <span class='ocrx_word' id='word_1_326' title='bbox 354 4575 605 4663; x_wconf 80' lang='lat' dir='ltr'><strong>AreopagiIIca</strong></span> <span class='ocrx_word' id='word_1_327' title='bbox 628 4579 664 4643; x_wconf 89' lang='lat' dir='ltr'><strong>et</strong></span> <span class='ocrx_word' id='word_1_328' title='bbox 693 4573 825 4661; x_wconf 91' lang='lat' dir='ltr'><strong>placita</strong></span> <span class='ocrx_word' id='word_1_329' title='bbox 859 4573 975 4642; x_wconf 88' lang='lat' dir='ltr'><strong>ultimi</strong></span> <span class='ocrx_word' id='word_1_330' title='bbox 1000 4574 1166 4660; x_wconf 87' lang='lat' dir='ltr'><strong>magistri</strong></span> <span class='ocrx_word' id='word_1_331' title='bbox 1193 4574 1530 4655; x_wconf 83' lang='lat' dir='ltr'><strong>Alexandrinorum,</strong></span> <span class='ocrx_word' id='word_1_332' title='bbox 1557 4577 1592 4643; x_wconf 95' lang='lat' dir='ltr'><strong>et</strong></span> <span class='ocrx_word' id='word_1_333' title='bbox 1626 4593 1734 4644; x_wconf 85' lang='lat' dir='ltr'><strong>exsu-</strong></span> 
     </span>
     <span class='ocr_line' id='line_1_36' title="bbox 174 4692 1197 4780; baseline 0 -19"><span class='ocrx_word' id='word_1_334' title='bbox 174 4693 283 4762; x_wconf 89' lang='lat' dir='ltr'><strong>flandi</strong></span> <span class='ocrx_word' id='word_1_335' title='bbox 307 4697 447 4780; x_wconf 88' lang='lat' dir='ltr'><strong>turpem</strong></span> <span class='ocrx_word' id='word_1_336' title='bbox 471 4693 513 4760; x_wconf 88' lang='lat' dir='ltr'><strong>de</strong></span> <span class='ocrx_word' id='word_1_337' title='bbox 537 4693 695 4778; x_wconf 91' lang='lat' dir='ltr'><strong>Dionysii</strong></span> <span class='ocrx_word' id='word_1_338' title='bbox 719 4692 945 4779; x_wconf 81' lang='lat' dir='ltr'><strong>pantheismo</strong></span> <span class='ocrx_word' id='word_1_339' title='bbox 969 4694 1197 4762; x_wconf 88' lang='lat' dir='ltr'><strong>calumniam.</strong></span> 
     </span>
    </p>

    <p class='ocr_par' dir='ltr' id='par_1_10' title="bbox 174 4795 1790 5139">
     <span class='ocr_line' id='line_1_37' title="bbox 264 4795 1790 4899; baseline -0.001 -18"><span class='ocrx_word' id='word_1_340' title='bbox 264 4812 440 4881; x_wconf 84' lang='lat' dir='ltr'><strong>Caeterum</strong></span> <span class='ocrx_word' id='word_1_341' title='bbox 465 4795 555 4882; x_wconf 87' lang='lat' dir='ltr'><strong>nihil</strong></span> <span class='ocrx_word' id='word_1_342' title='bbox 580 4811 708 4879; x_wconf 83' lang='lat' dir='ltr'><strong>mtrum</strong></span> <span class='ocrx_word' id='word_1_343' title='bbox 733 4831 755 4880; x_wconf 91' lang='lat' dir='ltr'><strong>a</strong></span> <span class='ocrx_word' id='word_1_344' title='bbox 778 4810 943 4893; x_wconf 87' lang='lat' dir='ltr'><strong>Luthero,</strong></span> <span class='ocrx_word' id='word_1_345' title='bbox 969 4811 1095 4899; x_wconf 89' lang='lat' dir='ltr'><strong>pingui</strong></span> <span class='ocrx_word' id='word_1_346' title='bbox 1132 4815 1170 4881; x_wconf 91' lang='lat' dir='ltr'><strong>et</strong></span> <span class='ocrx_word' id='word_1_347' title='bbox 1202 4813 1346 4882; x_wconf 88' lang='lat' dir='ltr'><strong>vecordi</strong></span> <span class='ocrx_word' id='word_1_348' title='bbox 1383 4811 1541 4898; x_wconf 85' lang='lat' dir='ltr'><strong>ingenio,</strong></span> <span class='ocrx_word' id='word_1_349' title='bbox 1567 4809 1651 4880; x_wconf 89' lang='lat' dir='ltr'><strong>inde</strong></span> <span class='ocrx_word' id='word_1_350' title='bbox 1687 4809 1732 4880; x_wconf 87' lang='lat' dir='ltr'><strong>ad</strong></span> <span class='ocrx_word' id='word_1_351' title='bbox 1787 4830 1790 4837; x_wconf 89' lang='lat'>·</span> 
     </span>
     <span class='ocr_line' id='line_1_38' title="bbox 174 4930 1735 5019; baseline -0.001 -20"><span class='ocrx_word' id='word_1_352' title='bbox 174 4930 391 4999; x_wconf 87' lang='lat' dir='ltr'><strong>Bruckerum</strong></span> <span class='ocrx_word' id='word_1_353' title='bbox 416 4933 453 5000; x_wconf 89' lang='lat' dir='ltr'><strong>et</strong></span> <span class='ocrx_word' id='word_1_354' title='bbox 474 4933 626 5001; x_wconf 89' lang='lat' dir='ltr'><strong>caeteros</strong></span> <span class='ocrx_word' id='word_1_355' title='bbox 648 4931 895 5018; x_wconf 86' lang='lat' dir='ltr'><strong>philosophiae</strong></span> <span class='ocrx_word' id='word_1_356' title='bbox 919 4930 1018 4998; x_wconf 88' lang='lat' dir='ltr'><strong>humi</strong></span> <span class='ocrx_word' id='word_1_357' title='bbox 1042 4933 1199 5019; x_wconf 89' lang='lat' dir='ltr'><strong>repentis</strong></span> <span class='ocrx_word' id='word_1_358' title='bbox 1223 4930 1387 5000; x_wconf 89' lang='lat' dir='ltr'><strong>alumnos</strong></span> <span class='ocrx_word' id='word_1_359' title='bbox 1410 4947 1550 4998; x_wconf 91' lang='lat' dir='ltr'><strong>crassas</strong></span> <span class='ocrx_word' id='word_1_360' title='bbox 1573 4930 1624 4997; x_wconf 83' lang='lat' dir='ltr'><strong>de·</strong></span> <span class='ocrx_word' id='word_1_361' title='bbox 1642 4931 1735 4997; x_wconf 85' lang='lat' dir='ltr'><strong>Are-</strong></span> 
     </span>
     <span class='ocr_line' id='line_1_39' title="bbox 174 5046 1733 5139; baseline -0.001 -20"><span class='ocrx_word' id='word_1_362' title='bbox 174 5048 323 5139; x_wconf 86' lang='lat' dir='ltr'><strong>opagita</strong></span> <span class='ocrx_word' id='word_1_363' title='bbox 345 5050 490 5121; x_wconf 87' lang='lat' dir='ltr'><strong>fluxisse</strong></span> <span class='ocrx_word' id='word_1_364' title='bbox 513 5049 709 5139; x_wconf 89' lang='lat' dir='ltr'><strong>opiniones.</strong></span> <span class='ocrx_word' id='word_1_365' title='bbox 744 5049 951 5118; x_wconf 77' lang='lat' dir='ltr'><strong>«hotmaris</strong></span> <span class='ocrx_word' id='word_1_366' title='bbox 985 5049 1091 5118; x_wconf 91' lang='lat' dir='ltr'><strong>homo</strong></span> <span class='ocrx_word' id='word_1_367' title='bbox 1125 5067 1197 5118; x_wconf 91' lang='lat' dir='ltr'><strong>non</strong></span> <span class='ocrx_word' id='word_1_368' title='bbox 1220 5048 1372 5136; x_wconf 87' lang='lat' dir='ltr'><strong>percipit</strong></span> <span class='ocrx_word' id='word_1_369' title='bbox 1395 5067 1438 5118; x_wconf 89' lang='lat' dir='ltr'><strong>ea</strong></span> <span class='ocrx_word' id='word_1_370' title='bbox 1460 5066 1542 5135; x_wconf 87' lang='lat' dir='ltr'><strong>quea</strong></span> <span class='ocrx_word' id='word_1_371' title='bbox 1578 5046 1733 5136; x_wconf 88' lang='lat' dir='ltr'><strong>Spiritus</strong></span> 
     </span>
    </p>
   </div>
   <div class='ocr_carea' id='block_1_7' title="bbox 229 5381 1656 5456">
    <p class='ocr_par' dir='ltr' id='par_1_11' title="bbox 229 5381 1656 5456">
     <span class='ocr_line' id='line_1_40' title="bbox 229 5381 1656 5456; baseline -0.003 -16"><span class='ocrx_word' id='word_1_372' title='bbox 229 5385 254 5452; x_wconf 85' lang='lat' dir='ltr'><strong>l)</strong></span> <span class='ocrx_word' id='word_1_373' title='bbox 271 5384 311 5442; x_wconf 83' lang='lat' dir='ltr'><strong>hd</strong></span> <span class='ocrx_word' id='word_1_374' title='bbox 329 5386 397 5442; x_wconf 85' lang='lat' dir='ltr'><strong>hoec</strong></span> <span class='ocrx_word' id='word_1_375' title='bbox 413 5388 446 5441; x_wconf 88' lang='lat' dir='ltr'><strong>ct.</strong></span> <span class='ocrx_word' id='word_1_376' title='bbox 466 5385 627 5456; x_wconf 81' lang='lat' dir='ltr'><strong>Fabricium,</strong></span> <span class='ocrx_word' id='word_1_377' title='bbox 647 5385 801 5456; x_wconf 83' lang='lat' dir='ltr'><strong>h&#39;ourrtum,</strong></span> <span class='ocrx_word' id='word_1_378' title='bbox 818 5385 854 5442; x_wconf 87' lang='lat' dir='ltr'><strong>de</strong></span> <span class='ocrx_word' id='word_1_379' title='bbox 871 5385 981 5454; x_wconf 82' lang='lat' dir='ltr'><strong>liuhais,</strong></span> <span class='ocrx_word' id='word_1_380' title='bbox 999 5384 1091 5441; x_wconf 87' lang='lat' dir='ltr'><strong>varios</strong></span> <span class='ocrx_word' id='word_1_381' title='bbox 1108 5382 1241 5440; x_wconf 90' lang='lat' dir='ltr'><strong>dictorum</strong></span> <span class='ocrx_word' id='word_1_382' title='bbox 1261 5381 1488 5439; x_wconf 75' lang='lat' dir='ltr'><strong>bibliothecarum</strong></span> <span class='ocrx_word' id='word_1_383' title='bbox 1505 5382 1656 5449; x_wconf 79' lang='lat' dir='ltr'><strong>catalogos.</strong></span> 
     </span>
    </p>
   </div>
   <div class='ocr_carea' id='block_1_8' title="bbox 0 0 1992 6070">
    <p class='ocr_par' dir='ltr' id='par_1_12' title="bbox 0 0 1992 6070">
     <span class='ocr_line' id='line_1_41' title="bbox 0 0 1992 6070; baseline 0 0"><span class='ocrx_word' id='word_1_384' title='bbox 0 0 1992 6070; x_wconf 95' lang='lat' dir='ltr'><strong> </strong></span> 
     </span>
    </p>
   </div>
  </div>
 </body>
</html>
