3978 6086
645 517 977 584 HlEHOPOLlTHNUS
996 515 1203 584 EPlSGOPUS
1641 523 1701 587 177

147 688 215 736 rum
235 671 407 753 stibadion3
429 687 463 736 oo
482 671 506 736 si
528 671 599 738 dum
621 661 720 738 'Home
740 681 902 739 moraretur
921 674 1074 753 linerolus,
1090 671 1162 754 qrrid
1179 672 1277 738 simile
1297 672 1419 754 uiderit,
1443 674 1627 760 volueritque
1645 677 1723 742 de·-

148 777 290 844 seriHere.
314 778 431 844 Utinam
452 793 548 861 grosse
568 777 712 845 iubentur
732 795 850 844 tormen
870 778 943 846 illud
964 778 1102 858 instrum,
1125 777 1204 862 qnod
1224 787 1311 843 retus
1329 787 1361 844 et
1382 778 1528 847 burburus
1547 783 1700 866 interpres,

147 883 205 948 nisi
228 883 323 968 tollor,
346 885 478 952 serravit
498 885 529 948 in
549 883 661 950 Hismli
683 884 799 968 gothico
814 885 841 967 ι)
864 885 895 950 in
916 884 995 953 huno
1014 885 1132 951 modum
1153 902 1240 970 poree
1258 885 1463 952 emendatum:

509 1035 632 1101 Stantos,
652 1037 756 1106 fratres
769 1035 918 1114 carissimi,
937 1050 1022 1106 super
1041 1035 1131 1106 ripam
1149 1038 1234 1091 vitrei
1251 1038 1351 1108 fontis.

509 1140 595 1178 nouos
614 1125 740 1180 homines
755 1125 778 1196 ²)
796 1121 923 1179 adducite
941 1123 975 1177 de
995 1127 1080 1192 terro,

512 1210 564 1278 [de]
585 1209 681 1266 littore
700 1215 870 1268 morosiores
892 1211 944 1278 [oo]
966 1228 1017 1267 sna
1034 1213 1211 1269 eotnnnsrois.

507 1297 619 1370 Singuli
639 1298 802 1372 navigantes
821 1299 935 1372 pulsent
951 1317 1029 1357 murs
1047 1319 1160 1370 norum,

685 1407 740 1444 non
760 1391 852 1461 virge,
872 1389 920 1444 sed
939 1407 1038 1457 erues3

687 1495 742 1532 non
760 1482 846 1544 tactu,
866 1478 914 1531 sed
933 1493 1032 1548 sonsu3

687 1583 742 1622 non
760 1565 868 1636 baculo,
889 1566 937 1620 ssd
956 1573 1140 1626 sacramento.

686 1653 777 1713 Locus
795 1654 906 1728 quidem
923 1671 1037 1729 porrus,
1051 1657 1099 1713 sed
1120 1662 1211 1731 gratis
1229 1658 1344 1731 plenus:

684 1744 753 1798 bens
774 1745 945 1815 gubernatus
964 1749 1008 1799 ost
1025 1745 1149 1818 Spiritus
1166 1751 1289 1803 nsuetus.

685 1831 802 1886 Oremus
813 1848 881 1903 orgo
893 1833 1040 1888 Dominum
1060 1839 1089 1888 et
1106 1835 1193 1889 Deum
1206 1838 1344 1902 nostrum,

685 1924 718 1974 ut
736 1920 892 1975 sanctificet
910 1921 982 1974 hune
1002 1920 1118 1976 sontem.

190 2078 222 2124 r.
243 2060 291 2123 16.
307 2056 351 2124 Ne
365 2075 383 2121 a
396 2058 488 2126 Homo
500 2059 661 2139 discedam,
678 2057 755 2144 quod
769 2057 876 2124 cecinit
887 2056 1040 2138 lberoius,
1056 2057 1132 2125 idom
1147 2058 1356 2144 interpretatur
1370 2056 1546 2142 Hippolytus
1556 2055 1596 2121 oo
1608 2056 1704 2124 Gens·

147 2165 204 2229 sint
223 2161 325 2245 XLIX,
341 2165 396 2229 ut:
419 2168 480 2233 Καὶ
502 2167 562 2243 τὴν
585 2180 646 2261 γῆν
670 2169 720 2234 ὅτι
742 2166 830 2249 πιὼν,
852 2169 928 2260 ὅπερ
951 2168 1034 2235 ἐστὶν
1058 2174 1078 2244 ti
1104 2161 1179 2260 σὰρξ
1202 2178 1258 2235 τοῦ
1281 2169 1392 2262 Κυρίου
1416 2172 1515 2257 ἡμῶν,
1539 2163 1702 2232 τουτέστιν

149 2279 169 2348 ἡ
194 2272 323 2364 λιπαρά·
346 2272 426 2349 αὐτὴ
451 2273 554 2366 γὰρῆ
581 2275 691 2367 ῥέουσα
714 2275 785 2366 μέλι
808 2275 861 2340 καὶ
883 2275 978 2369 γάλα.
1002 2275 1040 2338 Et
1060 2272 1147 2338 olibi:
1169 2276 1213 2341 Ti
1228 2273 1288 2368 γὰρ
1311 2285 1391 2354 πῖον,
1407 2271 1537 2365 λιπαρόν
1554 2275 1630 2337 ἐστι·
1653 2276 1703 2337 λι-

148 2381 246 2471 παρὸς
270 2371 304 2445 δὲ
325 2383 408 2457 τίνος
432 2381 533 2473 ἄρτος,
556 2380 575 2454 il
601 2388 708 2472 ἠμῶν;
732 2387 748 2448 ὁ
772 2382 832 2476 γὰρ
853 2382 962 2474 Κύριός
977 2385 1060 2448 ἐστιν
1076 2388 1166 2472 ἡμῶν
1189 2385 1206 2446 ὁ
1230 2383 1331 2475 ἄρτος,
1347 2379 1448 2458 καθὼς
1462 2380 1548 2472 λέγει
1571 2378 1625 2444 καὶ
1648 2383 1704 2444 oo-

151 2487 214 2564 τός·
240 2485 321 2579 Ἐγώ
346 2491 409 2578 εἰμι
432 2493 449 2553 o
472 2487 563 2580 &proc
587 2482 677 2569 ζωῆς.
702 2489 818 2554 ιΤοιιιι
839 2487 973 2573 pinguis,
994 2487 1057 2552 hee
1076 2492 1125 2554 est
1144 2504 1212 2553 mro
1233 2486 1349 2553 Domini
1371 2484 1474 2566 nostri,
1495 2483 1634 2550 videlieet
1653 2483 1703 2550 de

156 2592 268 2676 lieioso,
285 2594 348 2677 ipso
362 2594 472 2678 quippe
486 2603 530 2660 est
543 2594 631 2660 melle
643 2611 678 2658 oe
691 2594 767 2659 laete
781 2591 911 2658 fluens...
928 2591 1015 2673 Quod
1029 2591 1107 2657 enim
1122 2590 1243 2676 pingue,
1259 2591 1369 2657 lautum
1382 2600 1438 2656 est.
1454 2591 1612 2675 cujusnam
1631 2608 1703 2656 rero

155 2699 240 2782 ponis
254 2698 352 2765 loutus
366 2707 422 2781 est,
438 2699 494 2766 nisi
510 2700 630 2768 noster?
641 2699 733 2768 Nobis
746 2702 826 2766 enim
838 2698 980 2766 Dominus
992 2698 1077 2784 panis
1087 2709 1144 2776 est,
1155 2707 1189 2765 ut
1199 2697 1262 2784 ipse
1271 2699 1331 2763 uit:
1343 2699 1408 2781 ligo
1418 2715 1483 2764 sum
1494 2697 1582 2762 Panis
1593 2696 1673 2762 rius.
1687 2719 1701 2756 ι

151 2805 206 2875 vn
230 2806 290 2871 ulio
310 2825 371 2873 non
392 2807 522 2873 rescribo
541 2806 695 2892 Hippolyti
716 2805 869 2870 Pastorem
887 2805 1038 2890 poletrum
1058 2811 1085 2869 et
1097 2807 1234 2890 junonem
1252 2804 1458 2887 describentis,
1474 2805 1525 2883 sed
1539 2821 1607 2890 qnos
1627 2803 1703 2870 intro

153 2912 247 2978 uelim
269 2924 301 2979 tu
321 2914 454 2994 lesem)
476 2911 555 2994 Quid
574 2913 683 2998 pluro?
703 2914 773 2980 Huc
792 2913 890 2978 omnio
912 2931 1018 2980 oroons
1039 2914 1161 2979 instrum
1181 2913 1319 2980 oonririo
1340 2932 1376 2980 oo
1396 2913 1520 2980 liberius
1533 2912 1563 2978 in
1584 2913 1703 2979 funereo

152 3020 281 3086 carmine
300 3020 442 3088 lberoius
462 3030 609 3088 ostentme
628 3039 720 3088 ausus
735 3029 793 3099 est,
806 3019 886 3104 quod
905 3029 1022 3086 ueteres
1043 3021 1073 3085 in
1094 3029 1274 3086 mortuorum
1289 3019 1476 3086 leotisterniis
1496 3019 1631 3084 solebant
1650 3036 1704 3104 pu·

149 3123 207 3207 nis,
228 3125 305 3206 vini,
327 3126 452 3210 pisoium
472 3127 583 3193 fereula
604 3127 762 3212 porrigere.
779 3125 801 3207 ⁴)

190 3251 222 3297 r.
247 3232 297 3296 l'i.
319 3231 429 3298 lterum
450 3232 480 3298 in
500 3251 617 3299 soonam
638 3242 734 3316 rates,
756 3252 869 3318 suoque
888 3251 920 3298 so
940 3233 1060 3300 Aberoii
1082 3234 1201 3299 nomine
1221 3234 1337 3317 prodit:
1356 3234 1434 3318 quod
1449 3251 1566 3314 nomen,
1583 3233 1703 3300 iortosse

154 3338 331 3421 semitioum,
353 3339 438 3423 pluro
459 3340 513 3404 tibi
535 3349 635 3424 etymo
655 3339 687 3405 in
708 3349 845 3424 promptu
864 3341 988 3422 prebet,
1010 3338 1121 3406 seilioet
1141 3339 1234 3406 Potor
1254 3341 1379 3425 amplus,
1400 3341 1449 3408 rel
1470 3359 1611 3422 ιιιοιιιιιιι,
1634 3357 1702 3425 quse

152 3447 270 3532 quidem
284 3449 323 3512 ab
337 3445 448 3530 insigni
470 3446 604 3513 antistite
624 3465 683 3514 non
702 3447 885 3514 alluderent.
899 3447 1042 3514 Ceterum
1058 3445 1107 3511 ille
1120 3464 1156 3513 eo
1169 3467 1236 3514 oum
1259 3448 1384 3530 fiducia,
1397 3449 1445 3516 rel
1461 3465 1558 3515 eornm
1573 3447 1702 3532 prolenis

153 3565 242 3636 astat,
263 3564 298 3620 ut
318 3555 401 3621 ioeile
421 3553 489 3639 quis
510 3573 577 3620 euru
597 3553 731 3637 haberet,
754 3575 812 3622 non
832 3556 982 3642 privatum
1003 3555 1161 3639 Hominem,
1184 3577 1244 3624 non
1264 3557 1409 3642 hospitem
1430 3558 1627 3642 peregrinum,
1649 3557 1701 3624 sed

154 3663 281 3730 omnium
301 3661 475 3744 antistitem,
491 3662 539 3728 rel
554 3663 619 3728 diro
632 3665 774 3730 saeviente
788 3665 931 3730 adversus
945 3662 1044 3730 fideles
1057 3666 1223 3747 roratione,
1240 3667 1271 3732 in
1292 3665 1449 3751 tranquillo
1469 3665 1586 3732 demum
1606 3664 1698 3748 senio,

155 3779 215 3835 tum
235 3769 351 3836 eiritnti
373 3787 459 3852 quem
481 3787 543 3835 suae
563 3769 695 3836 ecclesie
714 3769 966 3837 venerabundum.

193 3895 226 3942 r.
249 3878 299 3942 18.
322 3875 509 3943 Grandaerns
528 3891 599 3958 ergo
619 3874 693 3942 duos
711 3886 742 3944 et
761 3878 949 3962 septuaginta
969 3894 1062 3948 annos
1075 3879 1188 3964 obibat,
1203 3881 1285 3965 quod
1298 3889 1398 3948 tomen
1418 3879 1592 3964 Polyoorpo,
1613 3881 1700 3946 etiam

150 3983 270 4066 seniori,
293 3983 324 4050 in
345 3983 401 4050 hoo
420 4002 486 4050 mro
508 3984 597 4068 inque
617 3985 737 4065 regione
755 3985 871 4066 eadem,
885 3985 958 4052 sotis
972 4004 1030 4052 non
1045 3987 1100 4052 luit
1114 3988 1187 4071 quin
1200 3989 1353 4054 ambustus
1366 3997 1566 4054 eoronoretur.
1582 4023 1622 4036 -
1635 3987 1701 4053 Ser-

148 4091 305 4175 qurpedole
325 4091 449 4164 uerbum
472 4086 705 4185 ἑέδομήκοοτον
729 4093 829 4159 turbet
847 4101 986 4175 metrum,
1010 4094 1066 4170 nisi
1087 4095 1185 4162 media
1206 4095 1307 4162 littere
1331 4095 1512 4176 emollietur,
1534 4103 1570 4160 ut
1589 4095 1622 4162 in
1641 4112 1701 4159 uno

149 4199 250 4266 oodioe
269 4193 510 4291 tilopiuooow
533 4202 583 4267 vel
604 4203 713 4268 audeat
731 4203 849 4286 uliquis,
872 4203 925 4270 sed
945 4203 1037 4276 multo
1058 4222 1124 4269 eum
1143 4204 1272 4286 liuentis,
1292 4195 1536 4296 ἑῧδομάιιοοτον,
1559 4210 1594 4269 ut
1612 4202 1701 4294 τριά-

149 4330 271 4373 κοοτον.
295 4307 402 4375 Verum
417 4327 474 4374 non
488 4327 548 4373 uno
561 4308 658 4376 Mose
672 4318 792 4392 peoeato
806 4307 926 4387 Noster,
936 4308 1024 4374 sicuti
1038 4309 1160 4376 metrica
1174 4310 1351 4377 tumulorum
1364 4309 1577 4394 epigrommatu
1590 4307 1700 4394 ierunt,

150 4432 271 4497 peceare
291 4433 351 4485 non
372 4415 464 4483 timet.
1463 4429 1466 4434 ·
1582 4425 1587 4436 ’

189 4541 221 4588 r.
239 4524 288 4588 tt.
304 4523 445 4590 litterula
467 4524 585 4593 dextere
598 4525 728 4606 subluto,
745 4525 778 4590 F.
794 4525 949 4608 Pedegert,
964 4523 1012 4589 vir
1023 4524 1136 4606 doetus,
1152 4524 1224 4590 mihi
1239 4525 1367 4593 restituit
1379 4523 1584 4610 imperativum
1599 4515 1700 4604 εὔξαιο

27 4673 30 4680 -
150 4649 203 4715 pro
227 4631 362 4716 optativo
383 4641 501 4718 rerepto
521 4628 645 4714 εὔξαιτο
651 4661 659 4715 ;
683 4635 762 4700 iavet
783 4632 933 4699 commode
953 4632 1144 4717 plurimorum
1164 4634 1295 4702 codicum
1316 4633 1403 4700 leotio
1424 4626 1517 4712 εὖξαι.

190 4763 222 4808 r.
246 4744 295 4807 20.
309 4741 389 4808 idom
411 4741 523 4826 peritus
537 4739 696 4807 Adurensis
709 4740 884 4821 Cononious,
900 4758 1056 4823 suppressa
1071 4741 1177 4806 iterum
1192 4741 1292 4805 ultima
1313 4739 1428 4822 syllaba
1448 4739 1480 4803 in
1500 4736 1600 4817 θήσει,
1624 4736 1699 4802 sotis

147 4861 217 4936 opto
238 4854 276 4940 θῇ
293 4851 387 4936 ponit,
404 4861 557 4935 totumque
571 4850 748 4916 versiculum
762 4850 821 4916 iere
835 4868 872 4915 ex
886 4848 956 4914 solis
969 4847 1054 4913 oodd.
1072 4848 1202 4913 restituit
1217 4847 1247 4912 in
1262 4844 1342 4912 huno
1361 4845 1497 4912 modum:
1523 4850 1569 4913 Oi
1593 4843 1699 4935 μέντοι

188 5102 211 5169 ll
232 5103 347 5158 Misssle
363 5105 440 5175 goth.
461 5119 547 5172 xxnv,
563 5121 590 5175 p.
602 5103 666 5159 247·
683 5105 787 5159 Potrol.
808 5117 895 5173 nxnrr,
951 5131 985 5146 -
1000 5103 1024 5167 ³)
1045 5103 1088 5157 Gi.
1108 5101 1214 5157 Patrol.
1232 5115 1281 5172 qr.
1296 5104 1317 5156 l.
1340 5117 1368 5168 x,
1388 5117 1418 5170 p.
1433 5096 1497 5167 592,
1514 5095 1579 5165 021,
1599 5099 1628 5151 ol
1644 5093 1700 5150 slis

153 5192 208 5250 eol.
221 5193 286 5248 274.
299 5223 334 5234 -
354 5193 378 5256 2)
399 5195 442 5248 Gi.
459 5209 560 5266 supro:
582 5193 716 5266 opuellos
735 5192 898 5266 puellasque
956 5191 1103 5265 Hippolyti
1121 5191 1186 5246 bulo
1211 5195 1285 5246 tomo
1305 5190 1419 5248 inserts.
1438 5217 1472 5230 -
1491 5187 1514 5262 ⁴)
1533 5184 1578 5243 Cf.
1598 5185 1697 5260 Spieil·

154 5302 294 5342 nouorum
304 5288 460 5350 hominum,
474 5284 571 5356 »spud
584 5283 779 5356 Capitolinum.
793 5302 820 5356 p.
838 5281 897 5338 165.
953 5285 1011 5339 Sol.
1032 5297 1074 5356 ιιι,
1092 5279 1156 5338 513.

313 5375 422 5423 ititt.11.
440 5373 473 5417 l2.
