4064 6108
298 434 356 500 tul
855 431 967 497 Pullo
988 431 1283 498 nnuxdduuluus

297 583 401 650 seriem
416 579 581 646 memoriter
594 581 730 660 tenuerit,
747 597 782 644 uo
796 583 923 664 potuerit
936 600 971 647 ex
991 591 1120 665 tempore
1134 582 1327 667 undequaque
1341 583 1433 648 verbu
1448 591 1533 648 tenus
1546 583 1670 649 reciterc
1689 590 1720 647 ct
1739 583 1839 650 eodem

296 708 401 771 eogere
421 704 545 773 quaeque
564 686 603 752 ud
623 686 782 767 cumulum,
805 687 997 770 quantumvis
1017 697 1117 754 esseut
1137 689 1233 754 eliens
1253 698 1284 756 et
1304 691 1514 776 inexspectato.

336 796 452 878 Quibus
472 795 612 878 peractis,
634 793 764 860 noudum
786 803 882 860 temen
902 793 1065 875 exhaustis,
1088 813 1177 878 quum
1198 795 1322 879 plurima
1343 798 1491 882 supersint
1510 797 1633 864 ulterius
1654 797 1838 881 proferende,

295 904 322 970 si
343 911 450 982 uacet,
470 919 525 968 neo
544 900 624 966 locus
643 900 738 983 desit,
760 919 816 968 neo
835 902 914 968 Deus
934 901 1097 982 obstiterit,
1119 900 1321 986 deceptorum
1339 923 1456 991 quoque
1476 905 1551 971 setis
1578 905 1675 988 ample
1701 923 1789 989 seges
1809 907 1839 970 in

295 1012 434 1079 derelicto
454 1029 519 1078 meo
539 1030 557 1076 a
577 1010 676 1077 multis
697 1011 783 1076 anuis
803 1011 907 1079 horreo
924 1013 1026 1098 jacuit.
1044 1014 1119 1079 Eece
1140 1023 1239 1080 sutem
1260 1013 1357 1080 omniu
1377 1015 1437 1082 lere
1450 1013 1522 1080 milri
1536 997 1621 1080 docte
1633 1012 1788 1098 preripuit
1800 1013 1838 1078 cl.

294 1141 326 1187 r.
343 1119 509 1187 Fridcricus
523 1119 652 1200 Field,in
673 1131 752 1186 nora
766 1129 797 1186 et
810 1119 1038 1204 locupletissime
1051 1119 1188 1203 origenis
1207 1121 1404 1205 Henaplorum
1425 1121 1554 1188 editione
1574 1119 1734 1186 oxoniensi
1749 1121 1791 1199 ι);
1807 1130 1840 1184 ut

295 1230 354 1295 lere
374 1227 503 1294 nesciam
524 1245 562 1293 en
583 1227 690 1309 erigus
711 1227 845 1311 quaedem
861 1227 990 1292 auctoris
1006 1227 1101 1292 susim
1114 1235 1145 1292 et
1164 1227 1274 1311 possim
1294 1228 1333 1294 ed
1352 1227 1531 1312 psalmomm
1551 1225 1660 1291 eeloem
1680 1225 1835 1308 subjicere.

292 1334 351 1402 Sed
370 1335 454 1419 plum
475 1335 533 1400 alio
547 1334 576 1399 in
592 1335 655 1401 loco
669 1334 706 1400 de
719 1334 849 1418 Origene
863 1333 893 1398 in
907 1334 1046 1418 psalmos,
1059 1351 1098 1400 ne
1111 1334 1237 1400 ulterius
1250 1334 1390 1419 prooemia
1407 1334 1469 1417 jum
1489 1333 1602 1416 prolixo
1623 1330 1835 1416 producentur.

331 1549 354 1614 ¹)
376 1553 508 1623 Origenis
527 1551 683 1620 Reor-epioe.
704 1567 777 1621 quae
795 1558 958 1619 supersunt,
980 1552 1037 1603 sive
1049 1558 1175 1604 ueterum
1193 1552 1380 1618 interpretum
1398 1565 1565 1619 qraeeorum
1583 1551 1615 1602 im
1634 1557 1721 1602 totum
1747 1546 1777 1602 l'.
1803 1545 1834 1601 Τ.

291 1643 462 1712 fragmenta,
483 1641 571 1694 Onon.
592 1644 614 1693 t.
634 1655 654 1706 1,
674 1655 704 1706 11,
727 1635 805 1691 1875.

853 1823 1275 1832 ..---.-.----....-.-...--.--—

513 2207 801 2337 PHILO
860 2203 1616 2338 ALEXANDRINUS

1051 2741 1079 2815 I.

816 2957 1035 3054 Fragmenta
1063 2958 1303 3069 Ouisle'uiuno.

334 3185 359 3254 1.
375 3182 513 3257 Φίλωνος
529 3183 563 3244 ἐκ
575 3189 630 3244 τοῦ
641 3177 926 3270 περῖκοσμοποιῒας
942 3177 970 3270 γ’
983 3201 1035 3243 κε·
1127 3191 1151 3257 Ι.
1174 3191 1325 3273 Fidenis,
1347 3211 1384 3258 eo
1411 3193 1481 3259 libro
1508 3195 1553 3260 lle
1579 3197 1677 3262 mundi
1698 3197 1832 3282 setrico,

289 3294 431 3384 φαλαίου.
1086 3319 1150 3384 cup.
1173 3299 1239 3364 ΙΙΙ.
1262 3301 1338 3367 Gen.
1360 3301 1411 3383 VI,
1434 3304 1463 3366 6.

332 3401 367 3464 Ἦ
381 3399 529 3489 πρότασις
553 3399 694 3488 ἐμφαίνει
711 3398 932 3488 μεταμέλειαν,
950 3399 1033 3465 ἀνοί-
1125 3409 1240 3475 Periodi
1254 3428 1321 3493 pers
1336 3412 1416 3495 prior
1429 3431 1491 3495 pree
1504 3431 1537 3480 sc
1548 3415 1602 3480 lert
1613 3417 1829 3496 penitentiam,

288 3529 371 3571 seros
387 3504 483 3581 πάθος
496 3503 578 3581 θείας
592 3495 758 3594 δυνάμεως·
772 3503 959 3596 Ἀνθρώποίς
977 3505 1032 3595 μὲν
1086 3535 1152 3600 quoe
1161 3517 1305 3600 egritudo
1316 3537 1333 3584 a
1345 3518 1449 3584 divine
1460 3519 1570 3585 virtute
1581 3522 1704 3586 exsulet.
1716 3522 1832 3588 Etenim

288 3613 347 3706 γὰρ
372 3611 507 3689 ἀσθενεῖς
535 3617 568 3676 αἱ
590 3621 712 3702 γνῶμαι
735 3613 790 3677 καὶ
813 3607 963 3698 illideret,
993 3621 1032 3695 ὡς
1086 3623 1253 3689 mortalium
1267 3625 1391 3689 inlirmae
1405 3624 1598 3707 cogitationes
1611 3635 1681 3692 suut
1694 3637 1723 3692 et
1740 3629 1833 3692 instu-

287 3719 330 3785 τὰ
342 3719 516 3812 πράγματα
532 3721 653 3794 πολλῆς
669 3717 812 3809 γέμοντα
822 3710 1030 3798 ἀδηλότητος·
1086 3731 1181 3814 biles,
1203 3741 1236 3799 ut
1256 3749 1448 3817 quecumque
1468 3751 1516 3798 res
1535 3731 1627 3797 multa
1652 3734 1834 3802 obscuritate

288 3833 358 3912 Θεῷ
383 3817 416 3892 δὲ
441 3817 528 3891 οὐδὲν
552 3816 680 3904 ἄδηλον,
699 3817 769 3892 οὐδὲ
794 3828 1031 3903 ἀκατάληπτον·
1086 3841 1265 3905 redundans.
1281 3847 1319 3904 dt
1340 3837 1402 3904 lieo
1423 3837 1497 3903 nihil
1511 3839 1678 3918 obscurum,
1695 3839 1766 3905 nihil
1782 3860 1832 3908 ro·

325 4005 353 4079 Ῑ.
372 4021 415 4078 lix
427 4023 521 4077 codiee
541 4020 711 4078 coislinieuo
723 4021 777 4078 276
795 4039 861 4080 sese.
875 4023 923 4094 Xl,
937 4028 1031 4099 accepi
1085 4018 1221 4091 parallelo
1238 4019 1412 4088 Damasceni,
1426 4018 1481 4076 alio
1496 4023 1604 4076 lentum
1616 4021 1713 4076 ordine
1731 4023 1833 4093 posits.

288 4113 384 4184 priore
403 4109 529 4166 Philonis
542 4110 715 4181 fragmenta,
729 4129 791 4183 ques
805 4111 912 4168 frustra
924 4118 954 4168 et
970 4131 1032 4170 mo.
1086 4109 1285 4164 contradicunt
1295 4125 1360 4162 rere
1375 4110 1433 4164 lum
1443 4103 1476 4162 e's
1488 4125 1549 4180 ques
1563 4110 1678 4182 iusuper
1687 4111 1833 4180 abundent,

286 4217 348 4255 rose
367 4200 484 4272 quessiri
502 4200 602 4254 sivein
617 4198 1032 4272 locupletissimeedilioneen·
1086 4202 1143 4252 lum
1163 4213 1196 4250 es
1214 4213 1276 4268 quoe
1295 4197 1437 4266 deficiunt,
1453 4204 1484 4252 ut
1502 4197 1569 4251 elim
1589 4197 1679 4253 fusius
1698 4198 1796 4256 dicem.

287 4289 408 4362 glicans,
423 4291 481 4342 sire
495 4290 523 4342 in
536 4288 714 4344 collectaneis
727 4289 826 4359 quibus
838 4289 966 4360 augenda
978 4297 1032 4359 est,
1122 4287 1142 4342 Ι,
1160 4285 1201 4338 Ex
1221 4283 1272 4339 fol.
1291 4283 1346 4339 220
1366 4303 1384 4338 s
1403 4288 1493 4356 tergo.
1514 4286 1584 4350 Quid
1602 4286 1640 4340 sit
1652 4291 1786 4360 κεφάλαιον
1806 4291 1829 4361 γ’

286 4378 381 4451 quelle
400 4384 466 4432 sunt
487 4379 700 4444 Damasceniee,
720 4378 919 4447 Anesmsiena,
940 4377 1031 4432 Leon·
1086 4374 1258 4444 tragonariae,
1271 4374 1448 4428 divinandum
1462 4379 1515 4442 est,
1528 4393 1612 4448 quum
1624 4377 1700 4430 nulla
1715 4379 1754 4432 sil
1765 4397 1832 4450 per-

286 4469 372 4534 tisun,
392 4464 543 4537 diligenter
561 4481 678 4520 excusse
696 4467 830 4537 usquead
847 4466 963 4522 Melum.
978 4465 1033 4521 Gur
1087 4466 1150 4519 litio
1168 4465 1198 4517 in
1217 4463 1270 4519 hoc
1289 4465 1379 4536 primo
1399 4463 1527 4520 Philonis
1545 4464 1628 4532 libro,
1649 4466 1775 4538 idemque
1794 4469 1831 4522 li-

285 4571 351 4609 uero
362 4556 456 4608 stetim
466 4553 569 4608 codicis
579 4557 666 4609 nostri
678 4554 791 4610 tilulus:
801 4554 916 4608 'luderes
926 4551 1032 4626 egreio·
1087 4555 1163 4610 tulus
1176 4555 1339 4626 κεσμοπειΐας
1359 4556 1504 4628 pertinget
1516 4555 1653 4610 interdum
1667 4555 1700 4608 ud
1715 4561 1774 4612 tres
1786 4563 1835 4614 eut

285 4643 355 4714 τέρου
373 4647 415 4695 atel
434 4645 543 4712 μοναχοῦ
556 4646 605 4696 τῶν
619 4645 728 4718 ἰκλογῶν
746 4639 840 4710 Bsilice
859 4646 965 4716 πρῶτον,
985 4645 1033 4701 Jc·
1086 4650 1204 4718 quatuor
1216 4643 1303 4700 libros
1321 4646 1355 4698 sb
1375 4645 1456 4700 initio
1472 4645 1561 4700 editos
1574 4644 1646 4716 apud
1660 4643 1830 4716 Mangeium.

285 4737 371 4790 annis
384 4736 515 4790 monachi
527 4736 636 4802 selecta,
652 4739 682 4789 ul
696 4735 752 4789 l'ert
766 4753 780 4789 e
795 4740 874 4806 tergo
892 4734 1031 4806 volumen,
1085 4735 1157 4790 Note
1174 4736 1473 4807 ἱεχυρογεωμενίστατος,
1493 4739 1522 4788 et
1540 4734 1630 4789 recole
1649 4737 1833 4810 ὶσχυρεγεωμο·

284 4825 362 4896 prius
375 4839 429 4878 uon
443 4824 559 4879 moverit
572 4825 693 4878 animum
713 4823 891 4895 diligentium
910 4827 1032 4878 virorum
1086 4823 1145 4881 eise
1166 4824 1290 4896 ejusdem
1311 4824 1383 4880 Phil.
1404 4822 1506 4893 1,633.
1526 4823 1677 4880 44.-dd
1697 4829 1779 4880 verbs
1799 4831 1831 4889 ὡς

285 4915 331 4985 qui
351 4918 415 4968 ente
433 4931 477 4968 me
495 4915 578 4968 toties
598 4915 626 4968 in
646 4914 717 4968 idem
730 4912 915 4981 offenderunt,
929 4915 1032 4984 presci-
1086 4918 1119 4965 rel
1132 4915 1273 4984 πράγματα
1292 4911 1352 4968 cod.
1370 4913 1399 4966 in
1413 4929 1502 4984 marg.
1523 4915 1556 4974 ὡς
1570 4919 1601 4965 τὰ
1615 4917 1705 4967 πολλά.
1718 4944 1751 4956 -
1764 4917 1833 4970 Dein

285 5017 340 5073 pua
357 5001 426 5056 mihi
445 5017 527 5057 cause
546 5007 589 5057 ert
607 5005 635 5058 iu
655 5002 782 5074 catalogo
803 5001 973 5057 coisliniano
994 4999 1031 5054 cl.
1087 5002 1120 5056 ed
1140 5002 1287 5073 ὑφηγὴσιως
1302 5003 1448 5072 reponitur
1460 5003 1501 5056 sic
1514 5004 1682 5075 ὑφηγιεεσεως
1701 5005 1762 5058 eine
1775 5003 1834 5059 ullo

284 5089 505 5160 Montefnlcouii,
519 5093 547 5146 iu
567 5109 622 5164 quo
634 5093 676 5148 vir
689 5083 794 5147 ductui
805 5091 903 5146 leriori
925 5089 1033 5143 calamo
1086 5095 1211 5144 accentu.
1221 5088 1319 5140 -eei'
1331 5089 1343 5140 ὃ
1356 5088 1464 5163 λέγεται.
1477 5089 1558 5145 Num.
1572 5105 1655 5158 xxru,
1671 5089 1712 5144 19.
1729 5089 1834 5147 Ultimo

284 5181 406 5235 breviter
424 5184 533 5248 esseril,
554 5181 636 5253 plura
654 5180 699 5236 hie
718 5198 772 5236 non
791 5197 851 5234 esre
871 5195 953 5250 quoru
971 5175 1034 5232 loce
1086 5177 1329 5232 eonferendesunt
1340 5195 1404 5233 cum
1422 5175 1532 5232 Philon.
1544 5183 1565 5230 t.
1576 5193 1597 5244 r,
1607 5196 1634 5248 p.
1648 5177 1712 5244 280,
1725 5177 1760 5229 40
1770 5195 1832 5248 sqq.
