3998 6080
197 509 202 519 '
320 528 359 594 oa
515 505 519 512 '
885 528 1020 596 emus
1039 528 1071 594 s.
1092 525 1300 596 uuntnouts

360 678 410 744 7⁰.
426 677 464 743 llt
484 679 515 744 in
533 678 620 744 aliam
640 687 763 763 partem,
784 679 814 742 in
834 677 937 745 Esaia:
957 678 997 744 Et
1016 677 1144 762 scopabo
1157 694 1223 742 man
1237 694 1325 762 scopa
1339 685 1446 758 urens,
1466 677 1497 743 id
1516 683 1562 742 est
1580 676 1780 746 satisfactione
1800 697 1863 764 poe·

321 793 464 860 nitentiae.

361 910 411 974 tt.
426 909 593 991 AEdilicnre,
616 910 692 975 bona
713 927 800 993 opera
820 912 927 990 lacere,
951 912 993 994 [p.
1016 910 1086 992 113]
1109 909 1159 977 nel
1172 917 1249 973 recte
1269 908 1384 975 dooere.
1399 908 1435 974 In
1448 909 1606 994 Apostolo:
1631 909 1661 976 st
1682 910 1749 995 quis
1767 919 1865 977 autem

320 1025 449 1091 aedificat
469 1045 557 1112 supra
578 1028 798 1093 fundamentum
818 1027 873 1093 boo
894 1045 1009 1105 aurum,
1030 1036 1198 1110 argentum,
1216 1026 1330 1111 lapides
1352 1028 1505 1111 pretiosos.

359 1143 408 1208 ta.
425 1143 463 1206 lit
484 1141 514 1206 in
534 1141 624 1207 aliam
644 1151 838 1227 pertempto
858 1141 965 1226 populo
986 1142 1154 1207 iudeorum
1174 1162 1225 1227 per
1245 1143 1419 1212 Malachiam
1439 1144 1562 1211 dicitur:
1584 1145 1643 1230 lpsi
1666 1145 1864 1227 aedificabunt,

318 1268 349 1325 et
369 1277 425 1342 ego
445 1260 607 1326 destruam.

259 1397 263 1404 ·
360 1377 411 1441 73.
428 1376 596 1458 Destruere,
612 1377 688 1442 mala
702 1393 791 1461 opera
805 1395 950 1458 exercere,
962 1377 1010 1444 nel
1023 1376 1099 1442 male
1111 1376 1226 1443 dooere.
1242 1376 1277 1442 ln
1292 1377 1458 1445 Salomone:
1473 1379 1554 1444 Unus
1569 1378 1730 1458 edificans,
1745 1389 1775 1444 et
1788 1397 1864 1444 uuus

320 1493 487 1560 destruens.

361 1611 411 1676 tl.
428 1612 465 1675 Et
485 1611 517 1675 in
538 1610 644 1676 bonam
666 1620 788 1692 partem,
809 1611 840 1675 in
860 1611 1021 1677 Hieremia:
1043 1611 1081 1676 Ut
1101 1611 1246 1690 destruas,
1268 1620 1299 1675 et
1319 1609 1457 1676 aedfioes.

361 1726 411 1793 tt.
428 1728 584 1807 blundare,
599 1747 616 1793 a
629 1729 713 1794 vitiis
733 1745 906 1813 expurgare.
922 1729 956 1793 lu
975 1727 1157 1811 Evangelio:
1173 1727 1286 1809 Tetigit
1297 1746 1364 1793 cum
1378 1728 1464 1794 lesus
1478 1727 1593 1794 diceus:
1609 1728 1694 1809 Volo,
1712 1729 1864 1811 mundare,

321 1851 350 1907 et
370 1843 523 1909 confestim
543 1844 685 1910 mundata
706 1854 752 1910 est
772 1845 852 1929 lepra
871 1845 946 1929 ejus.
1073 1825 1077 1831 ¹

362 1960 412 2024 76.
429 1959 549 2040 Curvus,
569 1959 721 2045 adapertio
741 1959 894 2044 spiritalis.
910 1959 945 2024 ln
967 1959 1143 2044 Evangelio:
1163 1961 1325 2045 accepistis
1345 1961 1458 2028 clavem
1482 1960 1631 2043 scientia,
1658 1962 1714 2046 ipsi
1735 1981 1793 2027 nou
1814 1961 1864 2027 in·

323 2076 443 2156 uoletis,
466 2087 495 2144 et
515 2096 566 2142 eos
586 2078 636 2160 qui
659 2077 829 2158 introibant,
852 2076 1054 2161 prohibuistis.

361 2192 410 2255 77.
425 2191 499 2257 Item
513 2193 623 2272 clares,
635 2194 770 2278 justitiae,
785 2193 1005 2271 misericordiae,
1016 2192 1194 2277 pietatisque
1206 2195 1342 2278 virtutes.
1357 2195 1392 2260 ln
1405 2194 1583 2278 Evangelio:
1597 2196 1661 2262 Tibi
1673 2196 1751 2262 dabo
1764 2197 1866 2263 clares

320 2309 402 2392 regui
423 2310 573 2374 coelorum.

359 2426 408 2490 78.
425 2426 536 2506 Clanis,
555 2427 669 2511 apertio
687 2437 857 2493 sanctarum
878 2427 1106 2513 Scripturarum,
1121 2426 1173 2493 nel
1194 2435 1325 2510 potestas
1345 2426 1456 2509 ligandi
1478 2436 1565 2510 amne
1585 2426 1731 2507 solvendi,
1747 2446 1799 2493 ocu
1812 2429 1863 2510 jus

320 2543 520 2610 introducendi
540 2544 578 2610 ad
600 2545 703 2626 vitam,
726 2546 790 2611 siue
811 2545 984 2612 excludendi
1006 2545 1045 2610 ad
1064 2554 1197 2621 mortem,
1211 2541 1289 2606 sicut
1304 2561 1356 2625 per
1371 2541 1489 2607 Esaiam
1502 2543 1540 2608 de
1562 2543 1715 2608 salvatore
1735 2542 1862 2608 dicitur:

321 2658 403 2724 [labo
423 2660 538 2726 clavem
557 2660 662 2726 domus
681 2661 782 2727 Dauid
800 2680 888 2746 super
908 2661 1044 2728 humeros
1063 2662 1137 2745 ejus,
1158 2669 1189 2727 et
1208 2659 1337 2744 aperiet,
1358 2667 1389 2725 et
1411 2677 1467 2724 nou
1489 2670 1534 2725 cst
1554 2659 1603 2743 qui
1624 2658 1754 2726 claudat.
1777 2659 1814 2724 Et
1833 2662 1864 2723 iu

323 2774 363 2858 [p.
387 2776 456 2857 lli]
481 2777 672 2861 Apocalypsi:
694 2778 796 2843 liabeo
817 2777 917 2843 claves
938 2778 1040 2842 mortis
1061 2787 1091 2842 et
1112 2777 1281 2842 interorum.

356 2979 402 3036 70.
422 2981 456 3036 le.
475 2998 533 3050 xlv,
552 2980 598 3038 23.
1121 2989 1231 3052 nonant,
1251 2983 1306 3042 nisi
1326 2997 1419 3052 graeca
1438 2987 1612 3051 revocentur,
1626 2999 1675 3037 noc
1694 2982 1825 3056 displicet
1837 2983 1865 3038 in

356 3068 402 3125 tl.
423 3086 443 3138 1,
463 3071 527 3126 Cor.
547 3089 588 3141 ur,
613 3066 943 3129 teneraemondani
958 3071 1066 3131 formae.
1122 3069 1171 3124 illo
1191 3071 1252 3142 ipso
1272 3073 1358 3125 totius
1377 3069 1443 3124 libri
1463 3072 1584 3140 nomina,
1604 3073 1718 3128 atticam
1744 3071 1866 3143 ejusdem

356 3157 402 3216 72.
423 3159 542 3217 Malaob.
561 3177 581 3228 r,
601 3161 628 3216 l.
1121 3160 1260 3230 originem
1279 3159 1394 3213 excieri.
1416 3159 1482 3216 Luc.
1502 3177 1540 3232 ιι,
1558 3159 1604 3216 52.

356 3245 402 3303 73.
421 3245 509 3304 Ecoli.
528 3265 625 3317 xxxtv,
642 3247 690 3305 28.
1157 3248 1203 3304 77.
1224 3247 1326 3302 blattb.
1345 3263 1403 3316 xva,
1427 3248 1468 3305 ta.

356 3335 402 3392 74.
422 3339 523 3393 ierem.
544 3355 564 3408 ι,
588 3337 631 3394 19.
651 3370 687 3383 -
704 3339 750 3396 75.
771 3340 873 3395 Matlb.
893 3355 953 3409 ntur,
967 3337 995 3396 3.
1158 3337 1202 3394 78.
1225 3338 1258 3392 [ι.
1278 3351 1346 3404 xxti,
1358 3333 1411 3404 223
1430 3337 1517 3410 Apoc.
1538 3338 1867 3412 t,18.-lnlllagilur

356 3426 401 3482 to.
424 3429 521 3483 Gloocs
535 3428 555 3480 O
567 3433 728 3483 constanter
745 3447 797 3501 pro
819 3430 924 3486 Cluvio.
943 3460 977 3471 -
997 3430 1070 3485 oda·
1122 3428 1252 3482 solvendi
1269 3427 1354 3494 liujus
1374 3429 1405 3479 ut
1423 3427 1452 3480 iu
1472 3429 1492 3484 G
1510 3429 1601 3500 prima
1619 3431 1772 3502 scriptura,
1789 3435 1867 3503 post·

318 3519 410 3586 portio
427 3518 587 3586 spiritantia
606 3519 680 3574 taenari¹
702 3517 806 3580 ἄνοιξιςε
827 3518 874 3571 vix
890 3518 964 3571 enim
983 3518 1071 3586 latins
1123 3517 1235 3571 modum
1254 3513 1409 3570 emendata.
1904 3513 1911 3524 “

1057 3825 1138 3907 §11-

366 4045 395 4109 1.
410 4042 642 4109 Tabernaculum
662 4043 731 4126 Dei,·
750 4061 855 4128 corpus
876 4045 1049 4111 salvatoris.
1071 4047 1106 4112 ln
1126 4047 1254 4131 psalmo:
1275 4050 1310 4114 In
1329 4049 1392 4117 sole
1412 4051 1510 4134 posuit
1532 4052 1750 4118 tabernaculum
1770 4073 1864 4119 suum.

365 4163 396 4224 t.
411 4159 647 4228 Tabemaculum
667 4160 732 4242 liei,
755 4171 856 4227 sancta
876 4161 1098 4244 Ecclesiaste
1118 4164 1216 4232 anima
1238 4166 1342 4246 fidelis,
1357 4167 1386 4231 in
1405 4168 1638 4253 peregrinatione
1656 4170 1760 4235 mundi
1781 4171 1867 4254 buius

324 4278 446 4361 degens.
468 4278 504 4344 ln
524 4278 652 4364 pmlmo:
674 4277 821 4360 Quoniam
842 4277 992 4358 ingrediar
1008 4281 1148 4348 inlocum
1167 4283 1361 4350 Taberuaculi
1383 4285 1574 4365 admirabilis,
1587 4305 1679 4369 usque
1692 4287 1732 4352 ad
1751 4287 1868 4352 domum

324 4393 390 4460 liei.
413 4395 451 4461 llt
471 4396 502 4460 iu
523 4397 678 4480 apostolo:
698 4394 940 4475 Tabernaculum,
961 4398 1039 4480 quod
1060 4398 1122 4465 fixit
1135 4399 1227 4481 Deus,
1242 4409 1273 4467 et
1292 4419 1350 4468 non
1372 4402 1468 4468 bomo.
1486 4403 1527 4467 lie
1540 4400 1597 4467 hoc
1616 4401 1817 4468 Tabernaoulo
1838 4401 1868 4467 in

323 4512 423 4578 Exodo
443 4512 600 4579 nominum
621 4513 717 4597 Moysi
738 4511 867 4579 locutum
887 4512 978 4579 luisse
997 4522 1149 4582 narratur:
1170 4515 1270 4581 Facies
1290 4514 1361 4580 mibi
1382 4515 1652 4595 sanctificationem,
1675 4524 1705 4581 et
1726 4515 1794 4582 iude
1816 4516 1870 4581 ni-

322 4627 414 4696 debor
434 4630 531 4695 nobis.

364 4749 393 4812 3.
409 4747 559 4814 Columnae
578 4749 780 4830 Tabernaouli‚
802 4748 934 4814 doctores
954 4748 1106 4814 Ecclesiae.
1127 4747 1163 4811 ln
1183 4745 1337 4828 llpostolo:
1359 4747 1486 4811 Iacobus
1506 4756 1535 4812 et
1554 4748 1680 4812 loannes
1694 4755 1724 4811 et
1741 4746 1869 4831 Cepltas.

323 4861 373 4943 qui
393 4861 571 4930 uidebantur
591 4864 745 4933 columne.

360 5071 389 5135 s.
409 5068 442 5124 ll.
462 5070 594 5141 Sequitur
607 5071 846 5143 eatlongaaeries
861 5073 902 5128 Dc
914 5075 999 5128 rebus
1018 5089 1066 5128 so·
1156 5067 1184 5124 2.
1204 5069 1250 5125 Pa.
1271 5083 1327 5138 ιιι,
1345 5067 1380 5138 53
1400 5069 1484 5124 Hebr.
1507 5085 1567 5139 utra,
1585 5067 1613 5124 2.
1634 5069 1721 5126 Exod.
1742 5087 1820 5140 xxv,
1840 5072 1872 5140 8,

324 5164 381 5215 cris
400 5165 500 5216 ceteris
524 5161 705 5219 Testamenti.
1122 5159 1206 5214 stibi
1226 5158 1319 5214 recola
1338 5175 1447 5230 graeca:
1468 5165 1510 5212 aot
1530 5160 1670 5232 ὀφθήσομαι
1686 5161 1709 5213 io
1730 5161 1797 5231 ipati.

365 5246 388 5303 l.
409 5247 457 5304 Po.
476 5265 555 5317 xvrrr,
574 5250 603 5304 e.
1157 5249 1174 5306 3
1205 5247 1267 5304 Gal.
1288 5267 1318 5318 ιι,
1338 5249 1366 5304 9.
