3978 6086
299 518 358 584 19t
885 516 1053 584 SANCTUS
1073 517 1248 584 IRXNAEUS

295 670 361 738 dem
382 667 528 751 regionis,
548 669 791 736 collectaneorum
814 667 1017 750 serenissime,
1041 670 1263 754 procurantibus
1283 677 1386 759 utpote
1411 668 1551 752 Procopio
1577 670 1703 752 Gaeaeo,
1734 672 1848 744 Ioanne
1978 663 1980 682 ”

296 778 487 856 Damasceno,
502 777 619 844 Andrea
634 777 821 850 Caesan'ensi,
833 776 956 844 Leontio
978 776 1066 863 Syro,
1094 775 1301 860 Olympiodoro
1322 774 1500 859 Apamiensi,
1520 783 1577 840 etc.
1607 776 1688 856 Quid
1721 777 1848 861 denique

296 886 412 966 mirum,
426 884 451 950 si
465 884 657 950 luculentiora
679 894 818 968 prostent
836 884 1010 952 docunnenta
1030 883 1213 967 Epiphanius
1232 901 1250 952 e
1270 879 1401 946 Snmaria
1415 878 1566 961 oriundus,
1582 880 1719 963 llplnranm
1739 883 1843 966 Syrus,

296 990 439 1058 Eusebius
453 990 650 1072 Cannensis,
667 991 840 1057 Anastasius
854 989 978 1070 Sineite,
994 989 1192 1056 Theodoretus
1204 986 1355 1074 cyrensis,
1366 985 1511 1052 Maximus
1524 985 1782 1056 Bethleemiticust
1979 1043 1980 1064 ,

335 1095 419 1163 Unde
432 1094 464 1161 id
476 1095 553 1166 mihi
571 1113 742 1180 portuosum
763 1097 849 1164 lacile
861 1104 919 1190 est,
933 1094 1107 1177 locupletem
1119 1095 1223 1162 lrenaei
1240 1093 1410 1160 thesaurum
1429 1091 1609 1160 reconditum
1630 1094 1729 1174 titisse,
1745 1094 1796 1162 rel
1810 1094 1842 1160 in
1979 1115 1980 1118 ¹

297 1199 475 1268 bibliotheca
487 1202 754 1288 fllerosolymitana
770 1203 800 1266 S.
818 1200 988 1280 Alexandri,
1005 1201 1042 1267 de
1055 1219 1113 1285 qua
1129 1201 1222 1267 lusiam
1234 1201 1322 1280 inlra,
1336 1198 1386 1266 rel
1402 1199 1432 1263 in
1445 1197 1633 1266 celeberrimo
1647 1199 1698 1266 illo
1711 1201 1743 1268 S.
1758 1201 1845 1266 Pam·

297 1305 368 1389 plrili
389 1307 604 1394 gazophylacio
624 1309 809 1388 Caesariensi,
827 1307 897 1373 turri
913 1305 1004 1372 veluti
1019 1325 1054 1372 ex
1068 1325 1127 1390 que
1141 1307 1283 1391 pependit
1302 1307 1400 1374 omnis
1418 1308 1845 1384 repetentesrepetentes

295 1412 334 1478 ad
356 1431 410 1480 uos
430 1432 523 1498 usque
544 1412 696 1481 descendit
716 1412 860 1497 quidquid
880 1411 984 1478 Irenaei
1006 1431 1112 1495 grece,
1128 1414 1254 1496 syriace,
1271 1413 1417 1481 armenice
1437 1413 1625 1497 perennavit.

1040 1629 1108 1702 ΙΙΙ.

335 1840 498 1923 Ingressa
525 1859 591 1906 cum
608 1842 672 1925 jam
692 1841 873 1921 transierim,
896 1860 956 1910 non
975 1841 1069 1909 solum
1090 1843 1186 1927 majus
1205 1842 1308 1920 Irenael
1329 1842 1547 1937 ἀιτιρῥητιιιὸν
1569 1858 1662 1925 usque
1682 1840 1720 1907 ad
1746 1839 1846 1907 clades

296 1947 483 2020 saracenicae
502 1946 612 2012 mansit
631 1947 710 2030 apud
731 1947 831 2032 Syros,
855 1947 907 2014 sed
921 1947 1025 2031 ingens
1043 1948 1128 2032 copia
1150 1950 1298 2016 variorum
1319 1949 1527 2034 opusculorum
1547 1948 1683 2016 manibus
1703 1949 1849 2016 terebatur

299 2053 432 2131 Eusehii,
442 2053 574 2133 Maximi,
586 2053 748 2135 lmstasii,
760 2053 889 2134 Leontii,
900 2053 1086 2136 Damasceni,
1101 2055 1343 2138 pseudclustini,
1358 2053 1630 2138 pseuchrigenis,
1645 2055 1710 2121 sive
1723 2053 1847 2138 pseudo

159 2156 162 2163 '
297 2160 463 2247 Hippolyti,
486 2171 520 2226 ut
540 2160 629 2226 etiam
643 2178 722 2228 nuuc
735 2159 833 2224 lerunt
848 2157 966 2239 ulma,
982 2157 1058 2226 heu!
1076 2158 1163 2224 nimis
1176 2161 1303 2242 exigue,
1321 2178 1459 2242 emagno
1479 2160 1634 2242 naufragio
1647 2160 1842 2244 superstites:

297 2265 390 2333 etiem
409 2283 529 2349 operum
550 2264 662 2348 periere
681 2265 810 2330 nonina.
834 2263 898 2328 Nisi
919 2266 998 2332 enim
1018 2283 1054 2330 ex
1076 2265 1185 2349 ignotis
1204 2265 1287 2330 libris
1307 2265 1498 2332 desumuntur
1520 2266 1772 2350 fragmentaque
1794 2283 1843 2328 su-

298 2379 432 2452 persunt,
451 2370 639 2454 cogitandum
659 2378 737 2436 esset
756 2369 794 2436 de
814 2369 920 2453 amplis
933 2371 1151 2437 commentariis
1165 2372 1196 2436 in
1217 2391 1318 2438 omnes
1340 2373 1400 2440 lere
1420 2372 1511 2440 libres
1531 2391 1646 2438 sacros:
1662 2371 1798 2439 uidelicet
1811 2372 1842 2438 in

296 2476 448 2555 Genesim,
470 2477 573 2560 lragm.
595 2475 671 2556 xlv,
694 2476 752 2540 llll.
775 2477 852 2557 Μὴ
875 2478 1014 2563 Harrey,
1038 2480 1107 2545 t83.
1129 2515 1170 2530 -
1190 2480 1226 2546 ln
1245 2482 1461 2557 Hexaemeron,
1480 2486 1559 2544 certo
1581 2487 1654 2544 teste
1674 2480 1841 2557 Anastasio,

301 2585 408 2670 fragm.
424 2584 492 2652 XIV
507 2595 537 2650 et
551 2583 625 2650 inlm
638 2602 719 2650 oum.
734 2583 786 2665 lX,
802 2603 833 2669 p.
850 2584 919 2648 207.
935 2618 976 2634 ·-
990 2585 1024 2650 ln
1045 2585 1200 2666 Numeros,
1222 2587 1257 2651 lr.
1280 2586 1342 2668 XV,
1364 2585 1443 2667 XIX,
1464 2585 1526 2664 XX,
1539 2584 1614 2663 XXI,
1630 2585 1723 2665 XXll,
1739 2585 1846 2661 XXIII,

299 2692 405 2771 XXXI,
424 2691 526 2773 xliv,
546 2691 605 2759 llll.
629 2690 913 2774 eta;flarrey,1t,
936 2690 993 2757 tte
1014 2708 1098 2774 seqq.
1121 2726 1161 2740 -
1183 2691 1218 2757 ln
1236 2691 1508 2770 Deuteronomium,
1529 2689 1634 2772 fragm.
1655 2689 1734 2758 XVI.
1748 2719 1788 2734 -·
1808 2687 1844 2754 In

296 2800 427 2880 lodices,
449 2800 554 2882 fragm.
570 2799 658 2880 XXV,
673 2799 800 2878 XXXIX,
814 2799 874 2878 XI,
896 2797 983 2866 XLII.
998 2834 1039 2846 —-
1058 2798 1093 2864 In
1114 2799 1223 2882 Reges,
1247 2798 1350 2879 lragm.
1372 2796 1475 2876 XXlll,
1496 2794 1629 2875 XXXIII,
1651 2793 1781 2865 XXXIV·
1802 2831 1843 2844 -

297 2906 334 2976 Iu
346 2906 530 2985 Iletthaeunr,
543 2907 648 2989 fragm.
663 2906 798 2978 XXVIII.
809 2944 848 2958 -
859 2907 895 2978 tr
909 2908 1028 2986 Lucam,
1044 2908 1147 2991 lragm.
1163 2906 1266 2973 XXIX.
1282 2907 1321 2972 Et
1334 2905 1397 2970 hmo
1410 2914 1527 2988 preter,
1543 2903 1620 2970 udde
1642 2899 1790 2997 ἐξήγησιν
1810 2903 1841 2970 in

300 3015 423 3086 cantico
443 3015 636 3096 rsnticorum,
657 3016 742 3100 cuius
762 3015 924 3084 secuudum
944 3016 1153 3102 librumsupm
1166 3017 1297 3083 vidimus
1317 3014 1433 3101 eSyris
1446 3013 1552 3080 lectum
1565 3013 1783 3093 etexcimtum;
1799 3012 1845 3078 ln·

299 3141 388 3206 seper
401 3121 476 3192 oddo
495 3121 734 3192 commentorium
756 3121 848 3188 alium
870 3123 901 3189 in
920 3123 1043 3194 loannis
1064 3123 1272 3208 Apocalypsin,
1286 3141 1374 3207 qoem
1388 3121 1465 3189 clare
1485 3129 1626 3188 memorat
1638 3120 1844 3207 Hieronymus.

300 3227 385 3298 Unde
404 3227 515 3298 rueris
534 3228 573 3292 ab
593 3229 773 3298 flexaemem
793 3229 832 3296 ad
846 3229 978 3300 ultimam
998 3230 1229 3310 llevelationem,
1243 3230 1299 3308 sio,
1313 3229 1362 3296 rel
1377 3230 1455 3294 iuter
1475 3227 1574 3294 certas
1593 3236 1720 3307 nostros,
1742 3245 1844 3294 omnes

299 3333 464 3417 Scripturas
475 3333 567 3400 fuisse
578 3335 738 3418 expositas,
753 3334 926 3406 utlreneeus
938 3335 1084 3420 Lugduni,
1098 3336 1340 3420 quemadmodum
1354 3335 1528 3403 lustinuset
1537 3335 1714 3420 Hippolytes
1728 3334 1840 3417 Romae,

298 3456 335 3512 ee
353 3451 435 3508 corte
452 3440 595 3524 Origenes
608 3442 803 3524 Alexandriae,
819 3443 871 3508 sed
886 3452 984 3510 noster
999 3442 1108 3526 primus
1121 3441 1262 3521 omnium,
1285 3449 1375 3510 totam
1395 3441 1501 3508 seriem
1521 3440 1661 3507 librorum
1680 3451 1842 3520 sacrorum,

300 3545 376 3611 inter
396 3546 534 3632 Ecclesiae
553 3548 707 3631 procellos,
726 3551 887 3632 explanare
905 3568 965 3614 non
984 3548 1198 3614 formidaverit.

338 3653 404 3720 lam
424 3671 494 3720 xero
515 3671 582 3735 ques
601 3673 680 3736 spes,
701 3672 810 3738 quere
828 3655 953 3735 mania,
969 3654 1064 3723 adhuc
1077 3654 1255 3738 quaeritandi
1269 3672 1382 3735 greces
1402 3657 1541 3741 martyris
1561 3655 1765 3738 Lugdunemis
1785 3671 1845 3738 pa·

298 3760 384 3843 ginon
404 3759 533 3826 nondum
552 3770 693 3845 repertas,
714 3770 781 3845 post
800 3761 957 3844 Granium,
976 3761 1156 3842 Cremeram,
1179 3761 1350 3843 Harreiom,
1372 3762 1422 3847 qui
1444 3763 1570 3846 optimas
1589 3771 1709 3830 catenas
1728 3762 1846 3830 Brimo·

299 3867 381 3934 nicos
401 3867 614 3950 exhameruut3
636 3878 702 3958 post
723 3868 909 3947 Stierenium,
930 3868 1127 3950 ldoenternm,
1141 3867 1284 3950 reanum,
1300 3869 1350 3952 qui
1371 3870 1410 3934 ab
1430 3869 1542 3936 ultimis
1562 3869 1655 3936 llanie
1674 3877 1704 3933 et
1722 3869 1846 3936 Batavis

298 3993 395 4064 mque
406 3973 447 4040 ad
458 3975 646 4062 amorraeos,
665 3976 854 4046 Germaniam
874 3976 1103 4062 pertusensem
1125 3985 1192 4061 post
1211 3977 1323 4046 Italum
1341 3977 1424 4044 illum
1444 3976 1604 4059 Angelum,
1619 3977 1739 4062 lynceis
1752 3978 1846 4046 oculis

300 4083 561 4168 introspicientem,
582 4083 634 4152 rel
653 4086 685 4152 in
705 4084 843 4154 erunidis
861 4083 1029 4170 scripturis,
1051 4102 1154 4156 omnes
1170 4083 1265 4154 ltaliae
1284 4083 1435 4168 plagulam
1456 4083 1545 4148 immo
1565 4091 1636 4166 post
1651 4101 1733 4154 meos
1753 4084 1844 4151 Mau-

299 4189 389 4270 rinos,
411 4189 462 4274 qui
483 4190 556 4260 dum
572 4189 676 4261 Irenei
697 4209 788 4278 opero
807 4193 1059 4278 redintegrarent,
1078 4192 1239 4261 Galliarum
1260 4201 1291 4259 et
1310 4194 1450 4280 lluroprn,
1468 4193 1556 4260 Urbis
1575 4201 1606 4259 et
1627 4192 1707 4262 orbis
1736 4193 1845 4266 forulos

298 4305 497 4380 penetrarunt.

340 4404 460 4486 Verum,
481 4423 519 4472 ne
537 4422 557 4470 a
577 4405 720 4476 Meurinis
741 4407 860 4492 quidem
878 4405 929 4476 rel
950 4407 1063 4476 uirium
1082 4408 1267 4480 Passienus
1283 4409 1461 4476 membrenae
1483 4410 1525 4476 ita
1552 4407 1741 4494 investigatae
1760 4417 1843 4490 sunt,

300 4509 373 4598 quin
394 4509 465 4574 milri
486 4510 612 4576 saliuam
633 4513 768 4596 moverit,
791 4512 913 4597 triginta
934 4523 1003 4585 ente
1017 4515 1069 4582 hos
1083 4534 1187 4598 amos,
1205 4515 1285 4584 locem
1299 4535 1374 4582 unos
1389 4517 1527 4600 insigms,
1542 4535 1630 4602 qoem
1643 4533 1741 4602 grona
1759 4534 1844 4586 nemo

300 4622 366 4697 post
385 4615 515 4684 labrom
533 4625 586 4686 aut
605 4617 841 4698 Ieuerdendum,
864 4637 1006 4704 nempea
1028 4621 1122 4693 tribus
1141 4623 1255 4692 secutis
1266 4634 1298 4690 et
1310 4625 1448 4708 amplius,
1471 4635 1540 4694 enta
1560 4625 1638 4692 hunc
1659 4625 1737 4692 diem
1758 4642 1844 4693 nemo

299 4739 387 4804 quem
400 4721 500 4798 scium,
511 4739 607 4806 grece
618 4723 699 4806 legit,
713 4726 851 4809 quemvis
863 4726 941 4792 idem
954 4729 1088 4792 omnium
1095 4727 1197 4796 oculos
1205 4731 1423 4814 perstringeret,
1434 4732 1464 4798 in
1478 4733 1560 4816 ragio
1573 4732 1674 4800 codice
1687 4731 1844 4817 propetulo

299 4837 330 4900 et
343 4828 446 4908 ohrio;
460 4828 599 4900 videlicet
621 4829 696 4896 inter
710 4831 778 4898 illos
791 4834 841 4919 qui
854 4851 872 4897 a
886 4833 975 4918 longo
989 4851 1055 4901 oro
1069 4833 1179 4902 iluidem
1198 4836 1287 4920 moiri
1297 4836 1447 4917 dicontur,
1462 4846 1493 4903 et
1513 4838 1582 4904 trito
1601 4847 1758 4906 versamur
1772 4857 1841 4904 usu.

300 4934 469 5003 Mansuetus
490 4935 565 5020 ipse,
586 4941 778 5016 quantumvis
799 4939 952 5023 perspicax
964 4947 999 5007 et
1011 4939 1146 5022 diligens,
1160 4941 1238 5010 huon
1251 4941 1346 5008 locum
1360 4944 1503 5026 edituros,
1519 4953 1633 5010 tantum
1648 4963 1720 5010 usos
1738 4954 1787 5009 est
1799 4963 1843 5010 re·

301 5041 380 5109 centt
401 5051 431 5106 et
450 5042 514 5107 rodi
538 5043 696 5129 interprete
716 5047 920 5127 Feuardentio,
935 5049 958 5128 ¹)
985 5049 1035 5132 qui
1055 5049 1134 5114 solus
1153 5061 1184 5115 et
1204 5061 1282 5116 totus
1304 5051 1418 5116 tmnsiit
1438 5051 1474 5116 ed
1496 5051 1622 5116 editores
1649 5051 1844 5134 Porisienses,

354 5235 376 5302 ¹l
397 5238 555 5293 Mansuetus
574 5242 602 5295 in
621 5241 702 5318 praef.
720 5243 788 5301 dira.
809 5261 840 5314 ιι,
858 5262 887 5302 ιι.
907 5243 952 5300 60:
970 5246 1190 5320 eFragmentum
1209 5263 1246 5304 ea
1262 5247 1395 5302 Semeone
1414 5247 1453 5302 ad
1474 5249 1651 5304 Demetrium
1667 5247 1754 5302 edidit
1772 5247 1845 5304 Fen·
