3978 6086
673 507 937 576 tununnensts
957 507 1162 575 eliseaeus
1631 509 1695 574 tut·

140 660 280 739 dogmata
302 659 346 724 illi
366 659 417 743 qui
436 668 507 725 ante
521 677 575 726 nos
588 659 726 726 exstitere
746 658 920 745 presbytcri,
940 660 1050 744 quique
1075 657 1275 742 apostolorum
1295 656 1431 741 discipuli
1453 659 1544 738 luere,
1566 659 1687 726 minime

144 764 197 828 tibi
220 765 414 831 tradiderunt.
439 765 506 834 llidi
525 766 605 831 enim
627 774 667 846 te,
689 785 779 849 quum
800 766 896 832 adbuc
909 785 982 850 puer
995 784 1098 846 essem
1121 765 1151 828 in
1164 764 1295 828 menore
1309 763 1381 831 Asia
1395 765 1424 845 ¹)
1445 764 1524 847 apud
1545 764 1690 850 Polycar-

141 888 224 953 pum,
241 889 308 935 cum
320 871 349 935 in
361 871 521 953 platearum
534 869 605 937 aulo
618 874 647 955 ²)
667 871 819 956 splendide
832 889 945 956 ageres,
955 881 986 937 et
999 871 1041 936 illi
1053 871 1217 955 te'probare
1230 871 1387 936 conareris.
1400 871 1476 936 Nam
1490 890 1525 938 ea
1539 891 1607 956 quar
1621 882 1692 940 tunc

143 986 228 1059 gestu
248 987 327 1056 sunt,
346 978 450 1044 melius
470 979 607 1045 memoria
629 987 725 1058 lenm,
745 996 835 1063 quam
849 998 916 1062 quaa
929 995 1022 1064 nuper
1036 977 1223 1056 acciderunt3
1238 978 1348 1062 quippe
1361 997 1428 1061 qua
1440 979 1522 1063 pueri
1537 980 1689 1060 discimus,

142 1082 232 1148 simul
246 1103 312 1148 cum
326 1085 424 1150 animo
445 1086 509 1168 ipso
523 1085 698 1164 malescunt,
711 1087 797 1171 eique
810 1087 927 1170 penitus
941 1086 1101 1153 labarent:
1124 1086 1197 1151 adeo
1213 1093 1245 1150 ut
1257 1094 1288 1150 et
1302 1086 1397 1151 locum
1411 1086 1509 1153 dicere
1526 1089 1645 1171 possim
1662 1088 1693 1152 in

143 1209 204 1274 quo
217 1191 321 1257 sedens
334 1192 461 1272 [beatus]
475 1192 653 1276 Polpmrpus
667 1193 838 1276 disserebat,
855 1212 1008 1279 processus
1022 1194 1044 1276 3)
1062 1211 1177 1278 quoque
1190 1193 1253 1277 ejus
1268 1195 1470 1276 reingressus,
1486 1195 1619 1281 vitaque
1632 1214 1695 1262 mo·

144 1295 227 1375 dum,
253 1300 295 1378 [et
315 1299 444 1383 corporis
457 1301 614 1384 speciem];
635 1319 782 1368 sermones
802 1299 928 1385 denique
942 1319 1014 1386 quos
1028 1299 1066 1365 ad
1087 1299 1306 1365 multitudinem
1325 1299 1464 1382 habebat,
1479 1309 1510 1368 et
1524 1301 1694 1368 familiarem

144 1406 399 1488 consuetudinem,
411 1427 478 1492 qua
490 1408 531 1473 illi
543 1428 609 1476 cum
619 1407 932 1492 Juannellooopslirto
942 1408 1106 1492 acreliquis
1116 1407 1168 1491 qui
1179 1407 1335 1471 bominum
1347 1413 1475 1472 manum
1485 1408 1633 1491 viderant,
1649 1410 1694 1475 in-

146 1513 298 1593 tercessit3
312 1523 345 1578 ut
359 1516 508 1596 narrabat,
525 1525 555 1582 et
567 1516 695 1598 qualiter
704 1515 784 1581 dicta
796 1534 895 1582 eorum
907 1514 1171 1594 commemorabat;
1186 1517 1323 1597 [quaeque
1333 1515 1370 1581 dc
1380 1515 1503 1581 Domino
1515 1535 1550 1582 er
1562 1517 1633 1600 ipsis
1643 1535 1696 1581 au·

147 1620 274 1700 diverat,
287 1621 323 1686 de
338 1620 486 1686 miraculis
497 1621 576 1687 illius
587 1622 678 1690 etium
687 1639 723 1686 uc
732 1621 769 1688 de
779 1621 911 1688 doctrina
922 1639 930 1702 ;
942 1639 1008 1705 qua
1019 1622 1057 1684 ab
1071 1619 1111 1685 iis
1123 1621 1173 1703 qui
1186 1621 1314 1689 Verbum
1324 1621 1395 1686 vitre
1407 1621 1461 1705 ipsi
1474 1633 1694 1710 conspexerant,

147 1735 301 1810 acceperat
315 1726 504 1810 Polycarpus,
519 1728 646 1812 qualiter
664 1730 817 1811 referebat,
832 1739 938 1795 cuneta
952 1728 1111 1812 scripturis
1125 1745 1263 1795 consona.
1278 1731 1301 1814 ⁴)
1317 1731 1388 1795 flacc
1398 1731 1459 1817 jum
1473 1742 1543 1798 tunc
1558 1735 1695 1816 temporis

147 1851 200 1918 per
214 1833 268 1898 llei
287 1833 479 1912 clementiam,
493 1853 561 1917 quae
580 1835 652 1900 mihi
672 1835 804 1920 utrinq,
819 1836 950 1904 studiose
970 1837 1135 1915 audiebam,
1152 1838 1220 1917 [non
1236 1837 1266 1902 in
1280 1837 1392 1918 charta,
1405 1839 1468 1922 sed]
1486 1841 1516 1906 iu
1530 1842 1616 1907 corde
1631 1861 1695 1911 meo

139 1959 183 2006 ea
204 1941 391 2022 consignans,
417 1952 447 2009 et
470 1961 584 2027 semper
605 1961 658 2026 per
676 1943 731 2010 Dei
752 1943 880 2026 gratiam
899 1953 1000 2010 exacte
1018 1962 1053 2011 ea
1080 1955 1178 2010 mente
1197 1945 1329 2012 revolvo.
1352 1949 1447 2031 Atque
1477 1949 1507 2013 in
1535 1959 1694 2032 conspectu
1728 1959 1731 1966 '

149 2046 204 2112 Dei
225 2048 382 2114 contestari
403 2067 540 2132 pessuma
562 2049 681 2115 beatum
702 2048 783 2116 illum
807 2055 847 2136 [et
867 2051 1056 2135 apostolicum
1077 2052 1305 2138 presbyterum1,
1320 2054 1345 2117 si
1361 2053 1418 2118 talc
1437 2054 1508 2136 quid
1528 2055 1696 2123 audivisset

149 2157 196 2220 eui
206 2176 264 2223 aon
278 2163 540 2224 coronantem
559 2156 753 2241 apotolorum
773 2157 902 2224 doctiore
924 2157 1163 2240 [exclamaturum
1177 2176 1261 2240 sane,
1276 2162 1320 2240 ac]
1337 2159 1482 2226 obturatis
1495 2160 1615 2227 auribus
1633 2163 1696 2227 suis

150 2263 239 2330 dicere
258 2268 389 2332 sotrum:
410 2267 516 2333 «bens
536 2267 623 2344 bone,
637 2265 659 2347 5)
678 2285 744 2350 quaa
757 2285 805 2332 me
818 2267 849 2332 in
872 2274 1001 2350 tempora
1021 2267 1190 2345 reservasti,
1202 2277 1237 2331 ut
1256 2267 1320 2332 bac
1339 2267 1524 2348 sustinerem,
1543 2277 1573 2335 et
1591 2271 1696 2336 amilio

149 2370 235 2436 aedo
245 2371 384 2452 audiam,
399 2395 414 2432 ι
430 2381 517 2455 atque
527 2390 564 2438 ex
579 2371 641 2436 loco
656 2369 719 2455 ipso
731 2371 920 2454 effugiturum
933 2391 1008 2452 esse,
1024 2373 1054 2437 in
1068 2390 1126 2457 quo
1140 2373 1246 2440 amens
1261 2375 1309 2440 vel
1324 2383 1415 2458 stans,
1432 2377 1573 2459 ejusmodi
1589 2396 1696 2461 prosa

151 2497 297 2547 sermones
316 2481 493 2548 audivisset.
514 2480 581 2560 [Sed
596 2489 627 2545 et
641 2497 676 2544 er
690 2480 823 2564 epistolis
836 2481 900 2566 ejus
914 2480 945 2546 id
958 2480 1068 2565 liquide
1088 2481 1203 2564 probari
1224 2490 1331 2563 potest,
1346 2501 1420 2566 quas
1433 2483 1498 2549 sire
1518 2484 1556 2549 ad
1577 2485 1693 2552 vicinas

150 2587 287 2656 eeclesias
307 2587 397 2665 misit,
411 2605 462 2654 eas
476 2587 663 2669 confirmans,
677 2588 743 2655 sire
762 2588 801 2655 ad
815 2589 957 2674 quosdam
971 2590 1084 2669 tratres,
1098 2589 1260 2657 admonens
1274 2589 1339 2658 illos
1351 2600 1440 2674 atque
1458 2590 1628 2658 exhortans.
1644 2593 1691 2675 6l]

203 2823 224 2887 Ι)
245 2839 337 2894 graece
357 2825 380 2875 ir
393 2825 425 2878 alt
437 2825 506 2874 antro
518 2821 603 2893 'Actqq
616 2827 648 2878 iss
668 2824 895 2895 inferiorabatur.
999 2824 1024 2890 6)
1043 2826 1217 2897 Argumenta
1236 2823 1297 2896 ipso
1311 2827 1452 2896 jubemur,
1466 2844 1500 2882 ne
1519 2827 1564 2882 bie
1582 2831 1696 2884 omitta-

200 2912 224 2978 2)
245 2929 288 2984 gr.
300 2913 324 2965 la
337 2915 369 2983 τῇ
384 2912 500 2982 βασιλικῇ
519 2914 590 2982 αὐλῇ.
604 2913 653 2968 Sat
664 2909 776 2964 difficile
794 2915 838 2964 est
850 2910 896 2963 in·
951 2915 1007 2980 tur,
1020 2912 1115 2966 eodem
1128 2913 1162 2966 de
1174 2910 1298 2980 Florian,
1318 2913 1407 2968 altera
1423 2915 1539 2987 egregia
1551 2916 1648 2972 lrenoei
1663 2919 1695 2972 sd

154 3004 305 3074 trospicere
325 3002 391 3073 quid
409 3001 512 3074 legerit
530 3003 680 3073 interpres,
699 2999 763 3054 dum
777 2999 817 3054 sic
836 3015 896 3052 rer·
950 3001 1093 3056 Victorem
1111 3017 1211 3073 papam
1221 3001 1350 3073 epistola,
1365 3019 1421 3074 qua
1432 3005 1557 3075 peruersi
1576 3008 1697 3079 presby-

134 3091 240 3156 tebet,
260 3108 312 3162 pro
331 3093 362 3161 τ)
383 3091 500 3162 βασιλικῇ
525 3107 592 3145 usus
615 3088 747 3144 vocabulo
772 3087 897 3159 Paphos,
950 3089 1004 3142 teri
1023 3090 1129 3160 scripta
1147 3089 1182 3144 ad
1200 3107 1360 3162 supremum
1378 3089 1524 3146 Pontifieis
1543 3093 1634 3146 forum
1646 3091 1697 3145 da-

153 3179 174 3232 i.
186 3195 211 3232 e.
223 3181 339 3246 πλατεῖα,
355 3182 444 3252 ἀγοράς
457 3195 546 3250 neque
559 3179 650 3250 magis
663 3177 692 3232 in
707 3176 898 3249 graecoquuet
924 3211 928 3220 -
953 3175 1018 3242 sert,
1037 3182 1068 3230 ut
1092 3177 1246 3231 decretoria
1269 3179 1407 3232 sententia
1431 3178 1605 3235 damnentur.
1630 3181 1698 3234 Haec

155 3283 216 3337 quaa
242 3267 329 3322 luerit
351 3269 421 3322 outo
441 3271 625 3338 imperatoria
649 3265 677 3320 in
696 3264 829 3320 interiore
853 3263 897 3319 rel
952 3281 1041 3337 nuper
1059 3267 1220 3337 eSprorum
1239 3267 1406 3320 membranis
1430 3271 1507 3322 eruta
1525 3271 1581 3322 mm
1600 3270 1699 3339 paucis

155 3355 287 3412 interiore
298 3358 375 3412 Asia.
387 3358 440 3412 Sed
453 3355 618 3412 coulerBB.
633 3356 750 3410 Dissert.
764 3370 795 3425 ιι,
808 3358 863 3410 art.
877 3370 898 3422 1,
952 3355 1107 3420 innotuere,
1119 3369 1200 3424 quam
1219 3351 1337 3408 multum
1355 3353 1526 3408 considerari
1544 3359 1698 3410 merentur.

154 3461 184 3499 n.
202 3443 231 3514 2,
249 3445 278 3513 3,
296 3444 351 3503 col.
374 3445 435 3515 175,
458 3444 518 3514 176,
538 3445 584 3500 nbi
603 3445 737 3500 statuitur
754 3448 820 3498 tunc
838 3441 898 3496 Ire·
952 3442 1004 3496 Est
1017 3440 1120 3512 fragm.
1134 3445 1242 3514 syriace
1255 3457 1343 3496 xxvru
1355 3441 1428 3514 apud
1441 3443 1603 3513 Harreium,
1617 3461 1698 3516 quem

154 3549 245 3588 naeum
264 3535 436 3590 duodennem
454 3534 568 3589 circiter
587 3534 686 3602 fuisse,
704 3536 779 3590 circa
797 3549 899 3586 annum
955 3529 1012 3584 tera
1031 3548 1133 3602 sequor
1151 3533 1344 3603 interpretem,
1363 3548 1392 3601 p.
1411 3528 1474 3587 457.

158 3617 218 3688 162,
237 3629 483 3695 conversarumque
502 3639 564 3678 cum
585 3621 751 3695 Polycarpo,
765 3637 827 3674 eum
845 3621 898 3674 Pa·
991 3643 1004 3667 ιι
1017 3621 1097 3674 Nunc
1116 3623 1209 3674 autern
1221 3619 1287 3690 quia
1306 3618 1379 3674 torte
1392 3635 1441 3674 rus
1454 3617 1558 3675 lateant
1574 3618 1638 3675 libri
1651 3638 1699 3676 ao·

156 3711 212 3782 pia,
226 3727 307 3784 quem
321 3711 499 3782 suspicantur
511 3710 599 3764 fuisse
612 3711 743 3766 eximium
756 3708 837 3764 illurn
855 3725 900 3763 se·
955 3731 968 3752 ι
990 3725 1062 3776 rum,
1081 3709 1129 3780 qui
1148 3710 1232 3765 etiam
1254 3709 1288 3762 ad
1311 3725 1362 3764 nos
1386 3725 1473 3781 usque
1501 3716 1699 3782 pervenerunt,

156 3801 272 3868 niciam,
285 3799 427 3854 doctorem
439 3796 522 3853 simul
534 3814 567 3852 ac
577 3802 678 3866 ratem,
688 3814 769 3870 quem
779 3796 900 3852 audiisse
955 3821 968 3844 ι
990 3801 1086 3852 nutum
1105 3796 1178 3852 tacto
1202 3797 1290 3865 robis,
1316 3802 1347 3854 ut
1370 3815 1420 3871 pro
1445 3803 1539 3854 restra
1563 3798 1700 3871 dignitate

156 3906 185 3944 ae
204 3889 325 3944 lrenaaus
345 3905 420 3961 saepe
439 3889 468 3945 et
485 3886 608 3942 libenter
625 3893 776 3941 asseverat.
955 3909 968 3933 ι
990 3887 1110 3957 eJiciatis
1123 3903 1138 3940 e
1151 3887 1357 3957 medioscriptn
1368 3885 1429 3954 ille,
1442 3887 1621 3959 opprobrium
1635 3887 1700 3958 qui-

204 3979 228 4044 3)
248 3980 365 4048 sepultae<
385 3995 452 4050 ergo
470 3979 610 4049 interpres
628 3975 709 4047 legit,
725 3993 776 4048 pro
802 3977 902 4030 vitiosa
956 3998 969 4022 ιι
989 3974 1051 4029 dem
1069 3973 1214 4029 afferentia
1226 3975 1255 4028 in
1267 3992 1327 4044 ros,
1342 3975 1407 4045 quia
1424 3977 1545 4047 acriptor
1550 3976 1703 4046 jactaverit

155 4067 275 4123 lectione
287 4067 417 4138 παρόδους,
428 4068 524 4137 sicque
533 4065 664 4136 deinceps
676 4063 797 4118 editores
807 4080 902 4119 emen·
957 4087 969 4110 ι
991 4081 1021 4118 se
1034 4080 1120 4118 unum
1139 4079 1200 4118 essa
1219 4079 1234 4116 e
1252 4063 1341 4118 robis.
1355 4062 1528 4118 Offendiculo
1544 4065 1617 4118 enim
1638 4069 1704 4118 sunt

156 4157 256 4212 darunt
273 4173 380 4213 omnes.
582 4207 588 4220 ,
956 4177 970 4201 ι
990 4151 1097 4222 multis,
1117 4151 1284 4223 simpliciter
1302 4157 1330 4206 et
1348 4150 1425 4207 nulla
1443 4152 1518 4206 tacta
1538 4153 1700 4223 quaestione

205 4250 229 4312 4)
249 4247 362 4301 Utinam
379 4245 412 4300 ad
431 4261 481 4300 nos
499 4243 672 4315 pervenisset
684 4243 771 4300 Liber
783 4259 897 4315 respon·
956 4267 969 4290 ι
991 4241 1192 4312 recipientibus
1210 4243 1371 4310 tanquama
1386 4240 1551 4310 presbytero
1569 4237 1704 4310 blasphe-

157 4343 272 4394 aa'imasm
289 4337 320 4390 S.
339 4336 503 4406 Polycarps',
522 4349 603 4405 quem
622 4331 710 4387 adbuc
736 4331 839 4388 saeculo
865 4333 902 4390 vl
957 4353 969 4374 ιι
991 4330 1085 4398 uniam,
1098 4345 1154 4401 qua
1172 4331 1258 4384 Deum
1276 4329 1410 4384 afficiunt.
1431 4327 1610 4385 Considerate
1627 4329 1702 4383 enlm

157 4427 255 4482 Victor
266 4423 413 4496 capuanus
423 4424 514 4478 tenuit
522 4426 551 4476 et
561 4423 711 4492 excerpsit,
722 4425 751 4476 et
759 4419 808 4476 alii
819 4439 902 4492 porro
957 4443 970 4464 ιι
990 4419 1090 4474 borum
1102 4419 1279 4491 scriptorem,
1289 4423 1321 4474 ut
1329 4436 1381 4491 per
1392 4434 1425 4472 ea
1436 4435 1492 4474 nou
1504 4421 1612 4472 tanturn
1625 4431 1703 4470 asse-

158 4513 298 4580 viderunt,
316 4511 357 4566 uti
373 4514 433 4582 jam
452 4509 545 4566 notari
565 4509 666 4580 Spica'l.
686 4509 744 4564 Sol.
767 4513 787 4563 t.
802 4524 821 4577 r,
835 4524 901 4582 pag.
957 4533 971 4555 ι
991 4508 1043 4564 clis
1053 4513 1161 4578 noceat,
1175 4513 1267 4564 mente
1282 4514 1411 4576 [menum
1424 4511 1471 4574 Η.)
1482 4507 1589 4579 paratis
1601 4506 1632 4560 in
1642 4503 1702 4558 bla-

158 4619 234 4670 nux,
252 4599 316 4658 266.
441 4659 444 4664 ,
958 4619 971 4642 ι
991 4597 1278 4669 sphemiasadrersus
1296 4599 1393 4668 Deum,
1407 4595 1455 4650 sed
1473 4599 1502 4649 et
1515 4597 1626 4649 nostros
1641 4597 1703 4658 [no-

206 4692 231 4756 5)
245 4691 281 4742 '0
301 4691 361 4741 acal
375 4688 428 4742 Θιί.
442 4687 834 4754 GraecoArmenuseobaeret,
853 4703 903 4740 ne·
957 4709 970 4732 ι
991 4687 1059 4740 stris
1079 4687 1117 4752 H]
1143 4683 1238 4755 laedat,
1263 4687 1329 4758 quia
1353 4702 1403 4758 per
1429 4683 1517 4739 libros
1541 4687 1602 4754 ejus
1629 4677 1702 4734 falsa
1755 4727 1766 4752 ‚

160 4785 284 4852 quaerat
295 4795 355 4848 cur,
368 4782 472 4852 praeter
482 4777 750 4848 cantabrigiensam,
760 4775 827 4830 editi
841 4781 903 4830 tau-
959 4799 971 4820 ι
992 4775 1122 4846 dogmata
1133 4776 1167 4828 de
1180 4776 1235 4830 Deo
1253 4777 1401 4830 innuentes
1418 4789 1515 4828 eorum
1533 4771 1636 4842 injicit.
1652 4793 1665 4818 ιι

162 4879 219 4948 tum
238 4871 372 4926 babeant:
392 4872 478 4940 Deua,
499 4888 572 4940 quae
591 4885 634 4923 me
651 4873 706 4922 etc.
