3998 6080
720 513 846 580 count
868 515 1205 582 ctruottolttaNtts
1696 523 1734 586 75

228 667 429 744 1168666666,
450 685 538 732 mors.
560 668 594 732 ln
616 666 796 750 Evangelio:
812 666 924 733 lloram
937 678 1036 733 autern
1050 669 1175 734 faciente
1196 687 1315 752 sponso,
1335 672 1571 738 dormitaverunt
1591 692 1694 739 omnes
1707 683 1739 740 et

180 783 381 849 dormierunt.

229 899 278 963 61.
295 899 430 978 Somnus,
442 908 540 983 torpor
550 898 659 965 mentis
674 897 703 963 in
717 915 805 981 opere
818 898 914 979 bono;
930 899 1009 965 unde
1023 899 1051 965 in
1065 901 1220 968 Salomone
1231 905 1314 987 pigro
1325 901 1446 968 dicitur:
1459 903 1626 988 Usquequo,
1637 903 1735 988 piger,

188 1014 325 1080 dormisl
345 1015 383 1080 Et
404 1015 433 1082 in
454 1015 611 1100 Apostolo:
634 1014 692 1096 Qui
713 1015 873 1097 dormiunt,
895 1025 982 1082 nocte
1001 1017 1160 1084 dormiunt.

230 1133 280 1197 66.
296 1131 443 1214 Dormire,
466 1131 593 1198 transitu
614 1132 691 1217 apud
712 1132 860 1198 Christum
879 1132 1073 1217 requiescere.
1095 1133 1130 1201 ln
1151 1134 1278 1219 psalmo:
1299 1135 1449 1221 Numquid
1469 1137 1520 1221 qni
1541 1136 1659 1218 dormit,
1678 1156 1738 1202 non

188 1249 309 1333 66616161
329 1258 362 1314 61
380 1249 543 1332 resurgat?

228 1363 383 1431 6611116
404 1363 511 1430 malam
530 1373 647 1448 perlem
669 1363 706 1431 de
718 1374 904 1450 peccatorum
919 1374 1035 1448 torpore
1050 1367 1080 1430 in
1098 1366 1249 1450 Apostolo:
1271 1367 1376 1451 Surge,
1397 1369 1448 1452 qui
1470 1369 1590 1451 dormis,
1612 1378 1641 1436 et
1663 1368 1739 1436 illu-

188 1479 313 1546 minabit
334 1489 364 1545 te
384 1480 538 1546 Dominus.

230 1597 279 1660 67.
295 1596 441 1679 Dormire,
464 1599 503 1662 ab
523 1597 663 1690 operibus
679 1597 782 1664 mundi
805 1597 836 1662 in
856 1597 951 1664 Deum
972 1598 1132 1681 quiescere.
1155 1600 1190 1666 ln
1212 1599 1387 1667 Salomone:
1409 1601 1472 1684 Ego
1492 1591 1619 1682 dormio,
1641 1611 1672 1668 et
1690 1620 1739 1667 cor

189 1729 286 1777 meum
306 1711 425 1791 vigilat.

231 1828 281 1893 68.
298 1827 440 1909 vigilare,
462 1827 559 1894 cordis
574 1827 735 1895 custodiam
748 1825 897 1903 adbibere,
911 1828 960 1894 rel
976 1828 1008 1894 in
1020 1829 1157 1913 operibus
1170 1831 1256 1897 bonis
1270 1849 1429 1914 resurgere.
1444 1833 1478 1896 ln
1499 1833 1626 1916 psalmo:
1649 1832 1740 1898 6161-

190 1943 261 2026 gilia
282 1943 426 2010 matutina
449 1963 543 2029 usque
562 1944 602 2010 66
621 1953 737 2010 noctem
757 1952 858 2028 sperat
876 1944 970 2009 lsrael
990 1943 1022 2010 in
1043 1945 1179 2012 Domino.

231 2061 278 2125 60.
296 2061 438 2142 ligitare,
461 2060 562 2126 oculos
582 2059 679 2125 cordis
697 2060 736 2125 ad
758 2076 912 2143 supernam
935 2058 1029 2133 lucem
1053 2061 1093 2144 [p.
1116 2063 1187 2142 tet]
1209 2062 1462 2147 contemplandam
1483 2073 1599 2147 apertos
1616 2063 1737 2128 babere.

189 2178 224 2241 ln
246 2175 423 2260 Evangelio:
444 2175 526 2242 Beati
547 2175 626 2242 66661
648 2175 701 2258 1111,
723 2193 888 2260 quoscum
909 2173 1026 2241 uenerit
1045 2175 1198 2258 Dominus,
1223 2177 1369 2244 invenerit
1389 2177 1559 2262 vigilantes.

229 2295 277 2360 60.
293 2294 332 2358 Et
351 2293 381 2358 in
401 2293 490 2358 eliam
511 2301 635 2376 partem,
658 2310 710 2375 per
730 2290 864 2356 Esaiam:
886 2289 999 2357 Succisi
1014 2301 1084 2358 sunt
1105 2310 1206 2359 omnes
1226 2294 1276 2376 qui
1298 2294 1463 2378 vigilabant
1482 2295 1520 2361 ad
1542 2294 1736 2378 iniquitatem.

229 2411 280 2475 61.
296 2409 375 2489 lliri,
394 2409 484 2493 justi3
508 2408 624 2489 mortui,
640 2407 756 2491 reprobi
777 2425 887 2473 omnes.
908 2407 942 2470 ln
957 2407 1086 2491 psalmo:
1100 2407 1166 2474 Non
1179 2410 1284 2475 mortui
1300 2409 1463 2476 laudabunt
1476 2420 1514 2489 te,
1528 2410 1663 2493 Domine,
1682 2409 1734 2476 sed

186 2541 242 2590 nos
263 2524 314 2608 qni
339 2523 482 2603 risimus,
502 2523 702 2590 benedicimus
724 2522 893 2589 Dominum.

230 2641 278 2704 tt.
293 2638 401 2706 Mortui
421 2640 548 2721 mundo,
568 2640 651 2724 justi.
672 2641 708 2706 ln
729 2641 883 2724 apostolo:
905 2640 1010 2708 Mortui
1032 2645 1110 2707 enim
1130 2641 1216 2722 estis,
1239 2651 1269 2706 et
1290 2644 1475 2707 6116666166
1496 2639 1669 2706 abscondita
1690 2649 1736 2706 est

188 2773 256 2818 curn
276 2753 402 2819 Christo.

231 2869 281 2934 63.
296 2869 436 2938 Viventes
446 2869 556 2935 mundo
566 2869 713 2935 etmortui
725 2869 797 2954 Deo,
814 2879 992 2954 peccatores.
1004 2870 1039 2935 ln
1050 2872 1176 2956 psalmo:
1189 2870 1375 2938 Descendunt
1387 2871 1522 2938 viventes
1538 2871 1569 2936 in
1580 2870 1735 2938 inlernnm.

232 2987 281 3050 61.
298 2985 439 3069 Vigilnrc,
461 2986 557 3052 lutura
577 2986 626 3051 dic
646 2986 864 3053 resurrectionis
884 3006 902 3052 6
923 2989 1045 3054 mortuis
1058 3007 1221 3072 resurgere.
1237 2989 1271 3054 ln
1285 2989 1422 3055 Daniele:
1440 2988 1526 3057 llulti
1548 2989 1586 3055 de
1604 2988 1663 3071 bis,
1686 2991 1737 3076 qni

189 3100 339 3166 dormiunt
359 3101 390 3165 in
412 3110 497 3166 terrm
515 3101 647 3184 pulvere,
670 3101 867 3184 evigilabunt.

120 3201 129 3216 ’
232 3221 280 3284 dli.
297 3218 478 3302 Sepulcrum,
501 3220 641 3285 memoria
662 3220 764 3285 mortis
784 3230 814 3286 et
826 3220 1046 3286 resurrectionis
1060 3222 1189 3288 Domini.
1204 3222 1239 3288 ln
1253 3223 1357 3288 Esaia:
1371 3223 1409 3287 Et
1421 3224 1479 3289 erit
1496 3222 1661 3305 sepulcrum
1675 3223 1739 3307 ejus

189 3337 361 3422 gloriosum.

232 3458 282 3522 66.
298 3455 481 3540 Sepulcrum,
494 3471 600 3539 corpus
614 3452 741 3538 peccatis
756 3452 917 3534 subditum,
932 3453 996 3520 6166
1010 3452 1195 3519 simulatores
1208 3453 1326 3536 quique.
1338 3451 1374 3517 ln
1386 3450 1564 3534 Evangelio:
1578 3451 1628 3520 Vae
1641 3449 1737 3532 robis,

190 3573 344 3654 Pharisaei,
367 3571 490 3652 Scribe,
512 3570 581 3654 qnia
602 3569 713 3635 similes
733 3569 806 3636 estis
825 3568 970 3653 sepulcris
986 3568 1140 3636 dealbatis.
1203 3605 1204 3608 =

232 3692 281 3755 67.
304 3689 488 3774 Sepulcrum,
513 3687 716 3754 baereticornm
736 3686 917 3772 praedicario.
939 3687 975 3751 ln
995 3685 1121 3770 psalmo:
1136 3684 1306 3770 Sepulcrum
1320 3693 1423 3769 petens
1440 3691 1485 3749 661
1505 3691 1605 3768 guttur
1624 3701 1737 3749 eorum.

231 3811 280 3877 68.
296 3809 396 3887 Fossa,
410 3806 560 3873 damnatio
575 3813 768 3890 peccatorum.
784 3807 820 3872 16
833 3805 957 3891 psalmo:
973 3804 1010 3870 Ut
1022 3803 1141 3883 mitiges
1157 3807 1198 3887 [p.
1212 3804 1280 3885 110]
1297 3819 1394 3869 6666
1413 3801 1516 3867 diebus
1534 3801 1629 3880 malis,
1645 3801 1740 3867 donec

191 3925 317 3993 fodiatur
338 3922 482 4008 peccatori
506 3922 603 3988 lorea.

232 4043 281 4106 69.
303 4041 405 4123 Fossa,
427 4037 577 4104 damnatio
598 4037 716 4104 Diaboli
736 4037 784 4105 661
804 4036 992 4104 Antichristi.
1016 4037 1051 4103 In
1071 4035 1230 4122 propbeta:
1250 4038 1289 4103 Et
1309 4035 1494 4120 indagabunt
1512 4036 1615 4116 Assur,
1638 4033 1668 4099 id
1688 4042 1734 4101 est

190 4157 411 4236 Antichristem,
433 4155 462 4222 in
483 4156 560 4222 losse
581 4154 701 4220 Nebrot.

231 4276 405 4355 70116666,
428 4272 512 4340 dolus
532 4272 581 4337 661
601 4271 723 4356 laqueus
743 4271 774 4336 in
794 4279 927 4338 mortem.
949 4271 983 4336 In
999 4271 1126 4355 psalmo:
1141 4271 1248 4336 Lucum
1262 4270 1387 4353 apernit,
1403 4276 1433 4333 ct
1446 4267 1520 4333 ledit
1533 4284 1610 4346 eum,
1629 4265 1736 4349 etipse

190 4390 294 4458 incidit
315 4391 344 4455 in
366 4390 481 4454 lorcam
501 4407 588 4471 quam
609 4387 688 4453 lecit.

227 4632 272 4691 53.
291 4631 479 4701 Membrana,
497 4629 524 4687 5.
1028 4625 1073 4684 60.
1093 4626 1128 4682 16.
1149 4640 1226 4694 6666666,
1244 4622 1290 4680 20.
1310 4654 1338 4665 -
1363 4621 1406 4680 61.
1426 4623 1471 4678 Ρ6.
1491 4637 1569 4692 66666,
1591 4621 1635 4680 17.

226 4723 272 4780 54.
292 4725 374 4780 Prov.
395 4738 434 4791 66,
453 4721 488 4792 9;
509 4722 636 4778 6716666.
656 4735 684 4789 v,
703 4719 733 4774 7.
1027 4717 1073 4774 62.
1095 4714 1200 4772 Coloss.
1220 4731 1262 4784 666,
1281 4711 1308 4770 3.
1329 4742 1365 4755 -
1382 4719 1415 4771 in
1436 4707 1594 4771 01616166.

225 4811 272 4868 55.
292 4813 340 4868 Ρ6.
360 4827 407 4880 66.,
426 4809 611 4868 0666616166
627 4827 724 4865 rursus
745 4807 872 4864 lormnlee
892 4825 937 4863 re·
1027 4807 1073 4864 63.
1094 4807 1141 4861 Ρ6.
1162 4821 1220 4875 666,
1242 4803 1285 4860 16.
1304 4836 1338 4848 -
1357 4804 1402 4859 64.
1422 4806 1491 4859 Dan.
1511 4818 1562 4871 111,
1580 4801 1608 4856 2.

190 4904 292 4972 dennt,
317 4917 435 4974 querum
458 4901 577 4973 primam
601 4899 756 4954 Eucherius
785 4897 937 4954 emollivit:
1027 4895 1071 4952 65.
1092 4897 1128 4950 16.
1149 4911 1187 4964 66,
1211 4892 1253 4950 10.
1273 4921 1308 4936 -
1326 4891 1371 4947 66.
1391 4891 1491 4946 11161116.
1510 4906 1591 4958 666666,
1609 4888 1656 4946 27.

191 4995 333 5060 Dormire,
344 4995 520 5062 requiescere
527 5000 589 5060 poet
598 4995 754 5044 monstrum
764 4989 842 5060 opud
855 4989 937 5045 cbri-
1028 4986 1073 5040 67.
1094 4985 1141 5039 Ρ6.
1161 5000 1187 5054 6,
1209 4980 1253 5037 11.
1273 5011 1307 5025 -
1326 4980 1372 5035 68.
1393 4979 1438 5038 Ρ6.
1457 4993 1535 5048 66666,
1558 4976 1600 5032 13.

189 5095 275 5139 stum.
298 5081 428 5135 Haeccine
449 5079 519 5133 nibil
539 5079 574 5134 66
593 5077 802 5149 crohaeologosl
1028 5075 1073 5130 69.
1094 5073 1181 5130 Mielr.
1201 5089 1229 5142 6,
1242 5071 1271 5140 0,
1284 5070 1318 5125 ed
1332 5085 1426 5143 graece
1437 5068 1554 5124 multum
1572 5069 1688 5139 cecedit,
1703 5087 1737 5124 ne

228 5169 273 5224 56.
292 5169 395 5240 Ephos.
417 5185 445 5238 6,
468 5165 510 5222 lt.
529 5197 566 5211 -
583 5165 629 5221 57.
652 5167 729 5221 Cant.
750 5181 778 5232 v,
798 5164 825 5222 2.
994 5164 1114 5220 recolam
1133 5157 1235 5231 aripdr.
1253 5190 1288 5201 —
1304 5158 1350 5214 70.
1372 5159 1419 5214 Pe.
1439 5174 1488 5228 v11,
1509 5155 1551 5216 16.
1572 5165 1604 5214 irs
1630 5161 1738 5230 foveam

227 5260 272 5316 58.
294 5261 341 5316 Pe.
361 5275 455 5329 cxxix,
474 5258 501 5314 6.
523 5287 557 5300 -
576 5255 620 5312 59.
642 5255 708 5311 Luc.
728 5271 778 5324 xit,
798 5253 844 5310 37.
995 5271 1078 5329 quem
1095 5256 1170 5328 fecit,
1190 5253 1231 5305 tic
1251 5249 1285 5304 C:
1307 5251 1340 5311 tir
1362 5249 1444 5320 βόθρον
1463 5251 1490 5303 iu
1510 5251 1651 5324 ιὶργάσατο.
