4038 6088
255 487 312 552 tat
767 487 1079 557 instructionum
1100 488 1279 558 tucantur

253 642 416 724 adsumpsit
432 659 504 720 enm,
525 642 633 725 inquit,
656 641 807 723 Diabolus,
829 643 930 706 statuit
947 661 1011 707 eam
1030 661 1123 726 supra
1140 644 1265 727 pinnam
1285 644 1394 731 templi,
1417 644 1537 730 dicitque
1557 648 1617 714 illi:
1639 651 1678 716 Si
1695 650 1795 720 Filius

183 731 192 749 ⁸
255 751 314 815 Hei
333 771 374 830 es,
395 751 472 815 mitte
492 758 517 814 te
537 751 679 830 deorsum,
701 757 734 814 ut
751 752 896 834 excipiant
915 757 940 816 tc
961 751 1063 835 anpcli,
1086 772 1120 815 ne
1141 753 1271 836 offendas
1291 753 1331 818 ad
1351 752 1476 836 lapidem
1496 755 1595 837 pedem
1613 760 1718 824 tuum?

294 857 386 944 llesp.
411 859 576 925 Secundum
598 857 760 940 historiam,
776 860 852 924 lacta
867 871 936 924 sunt
950 858 1014 924 hec
1027 859 1162 943 quidem;
1178 861 1230 926 scd
1245 861 1405 926 secundum
1419 862 1586 945 allegoriam
1608 866 1796 935 sentiendum

256 977 339 1034 cst...
364 988 430 1033 curn
449 969 530 1034 dicat
545 971 571 1052 ¹)
594 969 743 1052 evangeli.
768 968 926 1050 titillista:
943 966 1040 1030 Arbor
1055 973 1149 1032 auem
1162 968 1247 1049 iona,
1264 985 1335 1033 crux
1355 976 1402 1032 est
1415 985 1483 1052 quae
1505 969 1616 1036 tructus
1637 970 1710 1038 ritae
1729 992 1800 1040 cre-

255 1075 395 1141 dentibus
415 1074 524 1140 adtulit
538 1079 573 1156 ¹).

292 1182 381 1251 Lllll.
405 1182 511 1248 lacer.
536 1184 638 1248 Omnis
659 1184 708 1266 qui
728 1183 810 1247 audit
827 1183 913 1248 aeria
932 1201 1006 1262 mea,
1028 1189 1057 1246 et
1075 1183 1147 1265 facit
1167 1201 1210 1262 ea,
1228 1185 1330 1250 similis
1350 1191 1393 1250 cst
1411 1205 1472 1250 mro
1492 1187 1628 1270 sapienti,
1645 1189 1695 1272 pui
1713 1189 1799 1256 aedi-

255 1291 352 1375 ficavit
371 1292 485 1356 domum
504 1311 589 1359 mam
616 1311 703 1377 snper
721 1296 854 1373 petram:
875 1295 903 1352 et
920 1289 1061 1355 descendit
1075 1289 1186 1374 plania,
1209 1291 1382 1356 adocnuunt
1403 1290 1533 1374 flumina,
1555 1299 1584 1356 et
1600 1293 1749 1360 inruerunt
1769 1297 1799 1360 in

254 1398 368 1464 domum
389 1397 483 1480 illam,
506 1406 534 1464 et
550 1417 608 1464 non
628 1397 743 1473 cecidit·
763 1396 888 1479 lundata
909 1399 985 1460 enim
1004 1402 1067 1461 crat
1082 1414 1174 1480 supra
1195 1403 1308 1480 petram
1322 1399 1362 1482 ⁸),
1377 1407 1407 1464 et
1419 1407 1524 1464 emtam
1538 1417 1605 1484 qum
1625 1410 1798 1483 sequuntur,

253 1508 321 1590 quis
342 1525 445 1574 sensns
466 1507 532 1574 esti
1040 1522 1042 1525 ·

294 1616 384 1698 liesp.
408 1615 506 1697 Petra,
530 1615 642 1682 scilicet
656 1615 684 1698 ⁴)
707 1613 849 1681 Christus.
871 1613 997 1679 Domum
1017 1621 1115 1678 aumm
1129 1631 1218 1697 quam
1232 1614 1315 1694 dicit,
1331 1613 1531 1681 habitaculum
1551 1617 1680 1700 corporis
1701 1617 1796 1684 nostri

253 1733 309 1792 εει.
331 1724 367 1789 ln
387 1724 443 1789 hac
463 1723 555 1806 igitur
574 1732 670 1806 petra,
692 1721 748 1786 hoo
768 1728 814 1786 εει
835 1719 865 1783 in
886 1717 1012 1800 Christo,
1036 1719 1153 1783 domum
1175 1728 1303 1783 nostram
1324 1719 1516 1798 aedificemus,
1537 1729 1568 1784 et
1588 1739 1654 1792 cum
1674 1721 1797 1787 llumina

253 1844 285 1902 et
304 1834 388 1900 renti
409 1833 557 1913 venerint,
578 1837 633 1896 troc
652 1841 698 1898 est
718 1831 845 1913 impetus
866 1827 1078 1911 persecutionis
1099 1835 1129 1892 et
1151 1825 1290 1910 procelle,
1310 1825 1420 1909 inpulsi
1441 1844 1500 1891 non
1521 1826 1674 1892 cadamus.
1699 1832 1796 1895 Arena

254 1949 351 2008 autem
373 1959 433 2006 non
453 1940 539 2005 aliter
559 1957 647 2023 quam
669 1937 780 2004 heresis
794 1937 988 2020 intellegitur.
1005 1935 1099 2020 Super
1113 1936 1190 2002 hanc
1203 1935 1293 2018 igitur
1306 1951 1435 2015 arenam,
1454 1932 1484 1998 id
1497 1942 1543 2000 est
1556 1952 1644 2018 super
1664 1934 1797 2004 heresem

254 2048 364 2132 quique
385 2047 502 2112 domum
518 2064 599 2111 suern
614 2045 820 2125 aedificaverit,
843 2063 949 2129 corpus
970 2043 1121 2124 uidelicet,
1144 2051 1174 2111 et
1194 2043 1280 2110 iidem
1301 2059 1384 2108 suam
1406 2042 1574 2124 negaverit,
1595 2043 1702 2111 stultus
1722 2047 1794 2112 erit:

252 2171 320 2220 mox
340 2153 420 2219 enim
439 2153 587 2219 advenient
606 2151 736 2235 flumina,
756 2167 824 2233 quea
843 2158 913 2215 sunt
933 2149 1060 2234 impetus
1081 2147 1304 2233 persecutionis,
1324 2148 1453 2215 stillico
1473 2150 1569 2214 cadet.

292 2257 396 2327 LVlll.
418 2258 525 2324 Inter.
547 2259 623 2324 Ecce
642 2277 692 2340 epo
706 2261 733 2336 ι)
755 2259 834 2321 mitto
855 2276 914 2335 nos,
934 2258 1009 2321 sicut
1029 2276 1094 2322 noes
1114 2257 1146 2321 in
1169 2257 1287 2338 [mc]dio
1301 2255 1452 2339 luporum;
1475 2257 1586 2338 [ertote
1605 2257 1701 2342 itaque
1720 2279 1797 2343 pru-

252 2363 347 2430 dentes
366 2367 441 2430 sicud
458 2372 611 2451 serpentes,
634 2372 661 2430 et
678 2364 819 2449 simplices
837 2365 912 2429 siem
930 2365 1098 2431 columbae?

292 2473 384 2556 Itcsp.
406 2475 479 2558 Lupi
501 2483 701 2558 persecutores
721 2481 809 2554 sunt3
831 2492 904 2540 ores
924 2484 1023 2540 autem
1043 2472 1195 2539 christiani
1217 2481 1303 2552 sunt,
1322 2472 1373 2557 qui
1393 2481 1526 2557 tempore
1546 2475 1759 2559 persecutionis
1778 2495 1796 2544 a

254 2580 332 2664 lupis
346 2580 491 2647 coluntur.
510 2580 570 2644 Sed
593 2583 715 2662 [e]stote,
727 2578 833 2664 inquit,
846 2580 942 2659 arguti
957 2582 1029 2644 sicut
1042 2587 1195 2663 serpentes.
1211 2581 1348 2665 Serpens,
1364 2582 1395 2647 in
1408 2584 1585 2651 necessitate
1598 2585 1701 2650 mortis
1720 2602 1794 2666 sun,

255 2689 365 2755 dicitur
385 2697 474 2772 caput
493 2706 578 2753 suum
598 2686 755 2766 custodire,
772 2706 878 2769 corpus
898 2697 996 2754 autem
1016 2707 1101 2754 suum
1116 2699 1209 2756 morte
1223 2690 1346 2756 tradere.
1362 2688 1409 2755 lta
1422 2699 1453 2755 et
1466 2709 1520 2756 nos
1539 2699 1628 2775 caput
1648 2701 1792 2772 nostrum,

255 2794 311 2862 lroc
330 2804 376 2862 εει
401 2795 553 2876 Christus,
576 2793 703 2860 celemus
725 2793 757 2873 [l.
780 2794 849 2877 tut]
872 2795 1039 2862 confitendo
1053 2797 1099 2880 ο);
1122 2815 1228 2880 corpus
1248 2807 1348 2862 autem
1368 2806 1499 2865 nostrum
1528 2797 1605 2883 lupis
1633 2799 1793 2866 tradamus.

254 2905 395 2972 Columba
414 2923 486 2972 vero
506 2904 634 2972 Ecclesia
656 2912 712 2985 est,
735 2904 820 2988 cujus
840 2905 905 2986 lilii,
928 2906 1063 2989 quotiens
1081 2907 1120 2971 ab
1141 2906 1309 2972 hominibus
1328 2907 1513 2987 occiduntur,
1534 2907 1680 2974 exultant.

292 3013 411 3083 Lvllll.
433 3013 539 3078 interr.
562 3012 681 3078 Reddite
695 3014 732 3095 ι),
755 3012 861 3096 inquit,
883 3033 956 3097 quac
977 3014 1034 3078 Ilei
1054 3022 1129 3096 sunt,
1152 3015 1233 3092 Ileo;
1254 3020 1372 3098 atquae
1393 3014 1537 3094 Caesarie
1561 3015 1693 3080 Caesari.

291 3117 383 3203 Itcsp.
404 3120 545 3186 iubemur
565 3119 596 3183 in
617 3119 821 3201 persecutione
841 3119 1044 3204 reddensque
1058 3120 1181 3186 cesaris
1195 3131 1276 3200 sunt,
1290 3120 1412 3202 Caesari,
1428 3121 1484 3186 hoc
1497 3130 1544 3187 est
1557 3140 1674 3206 corpus,
1689 3120 1721 3187 in
1735 3140 1793 3206 quo

251 3225 555 3310 interponentem
578 3235 608 3292 ει
630 3227 744 3292 tradere
764 3242 832 3309 quse
852 3234 923 3290 suut
943 3225 1011 3306 Dei,
1033 3225 1106 3304 Deo,
1128 3225 1264 3309 spiritum
1285 3227 1395 3292 scilicet
1415 3226 1485 3294 lide.

289 3335 348 3400 lx.
372 3335 479 3401 inter.
505 3334 593 3416 Tunc,
617 3335 715 3418 inquit
729 3340 765 3415 ⁰),
788 3333 995 3398 assimilabitur
1014 3351 1133 3416 repnum
1153 3332 1294 3398 caelorum
1314 3332 1407 3398 decem
1426 3333 1597 3416 cispinittu,
1617 3353 1690 3419 quae
1710 3337 1794 3402 acci-

246 3445 355 3523 pientes
376 3442 533 3528 lampadas
553 3461 639 3523 suar,
661 3447 792 3507 animant
809 3441 922 3505 obuiam
948 3459 1053 3525 sponso
1080 3448 1107 3505 ct
1133 3459 1272 3523 sponsam·
1294 3441 1417 3524 quinque
1435 3443 1536 3505 'autern
1563 3461 1599 3506 aa
1618 3443 1675 3506 illes
1693 3443 1796 3524 saluae

249 3557 341 3632 crant,
357 3553 390 3616 et
403 3555 527 3635 quinque
539 3555 697 3634 sapientes:
711 3552 813 3633 saluae
826 3555 931 3628 autem,
948 3549 1074 3632 acceptis
1088 3547 1273 3632 lampadibus
1286 3548 1358 3627 sais,
1375 3549 1457 3631 [non]
1473 3548 1690 3633 adsumpserunt
1702 3553 1796 3614 oleum

249 3675 343 3720 secum
362 3661 395 3720 in
414 3658 493 3721 nasis
514 3660 574 3720 suis
594 3674 659 3720 cum
680 3655 860 3738 larapactilus
880 3656 952 3734 sais,
973 3663 1005 3721 et
1023 3663 1140 3721 catera.

289 3760 381 3845 llesp.
403 3762 448 3826 lix
469 3761 571 3828 decem
585 3763 611 3845 ⁹)
633 3761 800 3843 virginibus
828 3779 902 3846 quas
928 3761 1018 3843 dicit,
1040 3761 1172 3846 quinque
1198 3763 1376 3846 sapientium
1403 3765 1522 3832 nomina
1542 3765 1684 3831 dicimus:
1706 3765 1793 3849 Spes,

248 3871 347 3953 Fides,
370 3871 495 3954 Caritas,
518 3870 649 3937 castitas
669 3878 699 3936 ει
718 3869 914 3936 Eleemosina.
937 3868 1015 3936 lissa
1036 3877 1135 3934 autem
1156 3868 1351 3936 habitationes
1371 3887 1473 3936 earum
1493 3879 1572 3953 suat,
1594 3870 1650 3936 lroc
1670 3879 1715 3936 est
1735 3871 1795 3937 ho-

248 3980 343 4045 mines
361 3978 393 4045 in
414 3979 522 4063 quibus
542 3977 689 4044 habitant.
712 3979 785 4044 Olco
805 3994 878 4044 uero
898 3973 1004 4059 plena,
1027 3974 1084 4040 hoc
1109 3984 1156 4041 est
1179 3975 1308 4059 spiritali
1336 3975 1443 4058 gratia.
1465 3977 1630 4060 Lampeties
1649 3995 1722 4044 vero
1741 3977 1795 4043 vi-

248 4087 369 4171 gilantia
391 4087 512 4173 spiritus
532 4099 611 4155 eunt.
634 4087 759 4153 Obviam
773 4095 877 4153 euntes
891 4103 1011 4170 sponso,
1028 4084 1083 4151 hoc
1096 4093 1143 4150 est
1155 4085 1284 4152 Christo.
1301 4085 1406 4152 Stultae
1427 4096 1526 4152 autem
1546 4095 1617 4152 sunt
1636 4086 1704 4153 istis
1717 4105 1794 4153 ooa-

249 4197 365 4261 trariae:
382 4211 451 4278 una,
467 4213 533 4278 qum
546 4195 625 4280 qnod
638 4194 775 4274 vidisset,
790 4203 820 4261 ει
833 4202 950 4276 sperat;
966 4191 1025 4256 alia
1039 4189 1214 4272 infidelitas;
1232 4191 1328 4271 tertia,
1342 4191 1407 4258 sine
1420 4191 1557 4271 caritate3
1573 4200 1678 4276 quarte
1692 4200 1792 4258 annm

284 4371 355 4430 LVl.
371 4377 393 4438 ¹)
403 4373 506 4428 Iterum
519 4371 621 4428 Metel.
634 4369 993 4441 1v,2-6.l)olendum,post
1046 4376 1127 4422 tur...
1147 4369 1318 4424 harenam...
1340 4368 1512 4442 edificaverit
1528 4385 1553 4424 c.
1572 4367 1729 4426 aedilicii...
1749 4369 1788 4442 pi·

246 4461 496 4534 interrogationem
513 4463 642 4518 omnibus
665 4460 840 4533 ampliorem,
862 4463 992 4531 jejunam
1045 4456 1109 4512 dens
1127 4473 1150 4512 s.
1169 4459 1345 4514 necaverit...
1366 4469 1393 4513 et
1409 4458 1478 4514 ciico
1497 4459 1587 4514 cadet.

246 4552 396 4608 succedere
408 4558 437 4608 et
447 4551 575 4608 mutilam
587 4551 805 4624 responsionem.
815 4579 848 4591 -
859 4548 913 4604 Sed
925 4550 992 4602 note
1081 4544 1174 4600 LVlll.
1189 4546 1213 4613 ε)
1231 4545 1333 4600 Metth.
1352 4560 1412 4615 xer,
1429 4544 1475 4602 20.
1486 4575 1521 4588 -
1531 4547 1606 4603 State
1623 4546 1701 4602 bie...
1718 4563 1792 4618 pree-

246 4641 446 4697 varietatene:
460 4641 599 4713 inpuid...
614 4643 777 4697 esuriseit...
793 4640 901 4709 hirqui
920 4647 990 4693 tcm-
1045 4633 1171 4691 dentis...
1181 4645 1410 4706 persecuturos...
1424 4637 1569 4706 coluntur,
1585 4653 1640 4708 quo
1652 4635 1680 4689 id
1691 4651 1791 4708 nempe

241 4727 991 4804 ptat...inqniditer·um...snprapinna...secundum
1044 4739 1139 4794 sensu,
1160 4740 1247 4796 quere
1266 4723 1377 4797 lacuna,
1390 4725 1520 4797 penitiori
1537 4724 1716 4780 dirimendum
1734 4727 1793 4779 eet.

246 4821 400 4878 intorta...
420 4851 455 4862 -
469 4825 492 4884 1ι
511 4821 606 4892 Rupta
623 4820 733 4875 ridetur
750 4818 839 4873 series
857 4820 887 4871 ει
903 4813 991 4870 multa
1043 4841 1079 4854 —
1097 4814 1210 4884 inpuid,
1230 4818 1259 4869 et
1277 4830 1341 4869 mox
1360 4813 1474 4870 iterum.
1493 4843 1529 4856 -
1542 4811 1569 4886 ⁰)
1586 4813 1789 4888 confitendum.

246 4907 363 4966 alterius
381 4911 540 4982 argumenti
552 4910 662 4980 lacuna,
677 4909 795 4966 fortusse
815 4907 849 4961 ob
867 4905 990 4959 ricinum
1079 4904 1154 4960 LlX.
1170 4907 1192 4968 l)
1213 4903 1313 4962 Mattb.
1332 4919 1403 4975 xxrr,
1421 4901 1468 4960 21.
1489 4934 1521 4946 -
1541 4906 1657 4974 scats...

245 4999 275 5054 in
294 4998 377 5055 eliam
394 5001 527 5074 peginam
546 5001 704 5056 transitum.
1080 4991 1137 5048 LX.
1153 4991 1180 5070 ⁸)
1201 4993 1300 5051 matth.
1312 5011 1380 5063 xxv,
1402 4992 1428 5064 l,
1439 4993 1469 5063 2,
1481 4991 1509 5048 3.
1525 5021 1559 5034 -
1572 4995 1709 5066 inpuid...
1728 4997 1789 5051 asi-

280 5083 363 5144 Ll'll.
377 5091 400 5153 ⁸)
415 5089 514 5148 Metth.
527 5088 635 5160 vrr,2l,
647 5088 736 5145 25.-
750 5088 821 5144 Vero
833 5089 987 5157 sapienti...
1043 5081 1225 5137 vallabitur...
1245 5083 1372 5138 otiam...
1393 5085 1491 5156 fatuae
1509 5093 1571 5140 erat
1589 5093 1615 5139 ct
1632 5100 1659 5154 p.
1674 5085 1790 5153 sapien-

245 5177 415 5236 discindit...
428 5197 519 5252 supra
527 5193 643 5253 petra...
657 5187 708 5254 qui
719 5197 830 5238 sensus.
845 5209 879 5221 -
893 5181 916 5244 ⁴)
931 5179 990 5234 Sci·
1043 5173 1089 5226 ιιι.
1101 5197 1137 5212 ·-
1151 5175 1174 5236 ⁰)
1186 5173 1225 5228 Et
1237 5171 1365 5228 elecem..
1376 5173 1558 5230 elimosina...
1569 5173 1787 5229 taiimnomie...

245 5269 337 5326 licit...
348 5272 456 5326 uenerit
469 5272 496 5328 lu.
507 5290 528 5328 c.
539 5275 654 5342 impitus
669 5310 687 5326 ..
702 5274 808 5330 heresis
820 5270 989 5327 intellectam·
1043 5259 1136 5316 ⁰¹0¹&
1153 5277 1220 5318 ΜΝ
1235 5261 1347 5334 ΡΜ»
1366 5265 1395 5320 ll·
1416 5281 1442 5320 θ·
1455 5263 1612 5336 fiilialem
1628 5265 1786 5335 dmm-r
