3998 6080
319 564 357 626 aa
885 562 1017 631 cuatus
1038 562 1068 626 s.
1091 561 1315 635 ιιιιιιιιιιε1
1404 525 1407 530 ’

357 719 387 780 2.
402 717 493 795 dves,
509 715 668 781 daemones.
685 714 719 779 ln
734 712 926 798 Apocalypsi:
943 713 1084 778 Omnibus
1098 713 1289 797 avibusque
1302 712 1410 779 volatis
1423 730 1476 798 per
1489 712 1617 778 medium
1632 711 1746 790 ooelum,
1759 711 1862 778 venite

318 831 358 896 ad
373 847 485 895 coenam
499 846 636 911 magnam
650 827 716 909 Dei,
732 839 766 892 ut
779 825 963 893 manducetis
977 846 1082 895 earnes
1096 846 1209 910 regum,
1222 837 1255 892 et
1273 837 1392 892 oaetem.
1408 828 1446 892 Et
1467 827 1497 892 in
1518 827 1687 894 Salomone:
1706 821 1764 906 Qui
1780 827 1862 892 inni-

323 943 393 1008 titur
406 943 577 1024 mendaciis,
594 942 643 1007 bic
657 942 750 1026 pascit
766 943 836 1023 [147
851 942 885 1024 Β]
901 951 1018 1009 ventos.
1033 943 1115 1009 Idem
1128 951 1226 1010 autem
1239 943 1304 1028 ipse
1316 942 1448 1027 seqnitur
1460 959 1532 1009 aves
1545 943 1693 1009 volantes.

364 1061 393 1123 3.
412 1058 562 1140 Volucres,
578 1055 689 1139 angeli,
705 1055 784 1122 sicut
797 1056 827 1121 in
842 1056 909 1139 tob,
926 1075 978 1141 pro
998 1056 1114 1140 origine
1133 1057 1285 1141 sapientia
1305 1055 1428 1123 dicitur:
1451 1056 1624 1125 volucribus
1645 1057 1710 1124 ooeli
1725 1058 1815 1138 latet;
1834 1057 1864 1124 id

320 1182 375 1256 est,
390 1193 444 1240 nec
456 1173 531 1258 ipsis
545 1172 657 1256 admits
669 1172 787 1254 cognita
800 1180 856 1238 est.
935 1223 937 1228 ,

359 1292 388 1355 l.
405 1290 560 1370 Volucres,
582 1289 742 1354 demones.
764 1289 799 1354 ln
819 1289 1000 1374 Evangelio:
1025 1289 1164 1359 volucres
1183 1290 1254 1356 cmii
1270 1289 1356 1355 nidos
1376 1288 1498 1356 habent.
1520 1289 1594 1357 item
1614 1288 1654 1356 ibi
1676 1303 1732 1374 pro'
1748 1288 1862 1355 semine

319 1405 423 1472 verbi:
437 1405 475 1469 Et
489 1405 625 1470 volucres
639 1405 827 1470 comederunt
840 1404 924 1470 illud.

360 1523 388 1586 o.
406 1521 552 1596 volueres,
568 1519 700 1584 homines
714 1521 844 1600 superbi.
860 1522 896 1587 ln
907 1521 1036 1607 psalmo:
1050 1523 1130 1588 Oves
1139 1531 1170 1588 et
1179 1523 1272 1589 boves
1283 1521 1450 1603 universas,
1466 1525 1627 1606 insaporet
1638 1537 1743 1604 peoora
1753 1518 1862 1602 campi,

319 1637 452 1703 volueres
465 1635 530 1701 omli
544 1644 574 1701 at
587 1635 683 1720 pisces
696 1637 794 1701 maris.

358 1754 388 1816 6.
406 1751 560 1832 Volatilia,
574 1751 708 1836 apostoli,
724 1753 774 1817 vol
794 1770 896 1820 omnes
917 1754 1024 1820 sancti.
1046 1753 1082 1820 ln
1102 1754 1266 1838 Evangelio
1280 1775 1287 1818 :
1310 1754 1399 1822 'lauri
1419 1753 1476 1832 mei
1497 1764 1527 1822 et
1545 1753 1678 1821 volatilis
1690 1771 1755 1821 mea
1768 1752 1864 1818 occisa

238 1957 241 1964 .
318 1879 399 1950 sunt,
415 1868 447 1934 id
460 1876 506 1933 ost
518 1877 620 1953 patres
633 1869 704 1934 novi
718 1879 748 1935 et
762 1870 872 1936 veteris
887 1870 1083 1936 Testamenti.

361 1987 391 2052 7.
407 1983 494 2061 dvis,
508 1983 655 2065 Salvator,
671 1985 749 2050 unde
769 1985 800 2050 in
819 1985 874 2051 lob
893 2003 946 2070 pro
958 1987 1075 2069 tudes,
1090 2005 1157 2070 quae
1169 1987 1201 2051 in
1220 2005 1287 2053 eum
1308 1985 1454 2052 creditura
1474 2003 1534 2052 non
1553 1994 1629 2068 erat,
1643 1983 1767 2052 dicitur:
1783 1984 1868 2052 liam

320 2099 471 2182 ignoravit
485 2099 561 2165 avis.

361 2217 390 2279 8.
407 2214 491 2294 Avis,
509 2212 592 2298 plebs
603 2214 732 2298 judaica.
748 2215 784 2281 1n
799 2217 959 2301 propbeta:
975 2219 1064 2284 Facta
1078 2229 1124 2284 est
1144 2219 1214 2286 Sion
1234 2220 1311 2284 sicut
1329 2218 1397 2285 avis
1413 2217 1527 2284 volans.
1544 2217 1590 2285 lle
1608 2216 1665 2283 bae
1683 2215 1770 2301 plebe
1783 2217 1868 2296 ligu-

321 2331 422 2396 rsliter
437 2331 466 2396 in
480 2332 704 2398 Deuteronomio
718 2333 903 2418 precipitur:
920 2333 951 2398 Si
966 2334 1165 2414 ambulaveris
1185 2335 1342 2419 perviam,
1358 2343 1390 2400 et
1404 2334 1434 2398 in
1447 2335 1551 2400 arbore
1572 2341 1602 2399 et
1621 2333 1653 2399 in
1672 2343 1749 2399 terra
1763 2335 1867 2399 nidum

322 2447 389 2513 avis
404 2447 563 2529 inveneris,
580 2457 610 2514 et
622 2458 744 2514 matrem
758 2449 847 2533 pullis
857 2451 906 2517 vel
917 2450 983 2518 ovis
992 2451 1115 2537 desuper
1126 2452 1324 2534 incubantem,
1338 2470 1396 2516 non
1406 2450 1522 2517 tenebis
1536 2452 1578 2534 [p.
1595 2451 1655 2515 148
1668 2453 1705 2533 Α]
1720 2468 1786 2515 eam
1801 2469 1867 2514 cum

322 2563 407 2628 tiliis:
424 2564 476 2630 sed
488 2564 570 2629 abire
590 2564 723 2648 patieris,
745 2574 845 2649 captos
865 2575 968 2632 mnens
990 2566 1076 2632 lilios.
1098 2567 1184 2648 Quod
1204 2569 1241 2634 de
1261 2567 1401 2653 apostolis
1420 2567 1604 2651 intelligitur,
1619 2568 1689 2653 quia
1709 2585 1744 2633 ex
1759 2567 1866 2634 eadem

323 2680 408 2765 plebe
422 2699 475 2764 pro
489 2679 606 2747 Cbristo
619 2681 744 2746 Domino
758 2683 899 2766 assumpti
914 2693 993 2765 sunt,
1011 2683 1061 2747 illa
1074 2702 1146 2750 vero
1160 2684 1271 2750 relicta.

363 2801 392 2864 l.
409 2801 496 2882 Avis,
513 2798 664 2865 Diabolus.
679 2799 714 2864 ln
728 2799 800 2865 too:
815 2799 965 2885 Numquid
977 2800 1081 2868 illudes
1094 2805 1123 2868 ei
1137 2802 1221 2886 quasi
1234 2802 1309 2868 avil
1988 2877 1989 2894 ,

364 2918 413 2981 10.
429 2916 564 2995 ltolatus,
580 2926 744 2982 sanctorum
758 2916 797 2983 ad
810 2916 904 2983 Deum
918 2935 1056 2985 ascensus
1073 2920 1123 2986 vel
1140 2919 1171 2984 in
1185 2921 1344 3004 Scripturis
1357 2919 1534 2988 intellectus.
1546 2919 1581 2985 ln
1595 2921 1726 3004 psalmo:
1743 2920 1869 3002 volabo,
1987 2897 1989 2938 ³

324 3044 355 3097 ct
371 3033 562 3117 requiescam.

367 3151 416 3216 11.
432 3149 497 3215 blm
510 3149 585 3225 duae,
601 3150 659 3216 duo
668 3150 866 3217 Testamenta.
879 3153 913 3217 ln
923 3153 1077 3220 Ezechiel:
1090 3155 1324 3240 Unumquodque
1334 3157 1449 3224 duobus
1460 3156 1516 3220 alis
1527 3156 1647 3223 velabat
1657 3175 1761 3242 eorpus
1772 3173 1869 3222 suum.
1987 3147 1988 3164 ³

367 3268 416 3329 11.
432 3265 495 3330 ale
509 3283 571 3343 sex,
582 3265 750 3350 praedicatio
765 3267 868 3333 divina
883 3288 936 3352 per
949 3271 1334 3354 utrumque'leatamentum
1350 3273 1380 3338 ln
1393 3273 1449 3337 boc
1460 3271 1579 3352 mundo,
1591 3270 1642 3354 qui
1657 3271 1688 3336 in
1701 3289 1753 3336 sex
1767 3270 1874 3335 diebus

325 3383 420 3447 lactus
433 3391 490 3461 est,
507 3382 690 3447 adnuntiata.
706 3383 741 3448 ln
755 3384 859 3449 Esaia:
876 3386 933 3451 Sex
948 3387 1004 3452 alae
1016 3387 1080 3468 uni,
1096 3398 1126 3453 et
1140 3408 1191 3455 sex
1205 3389 1260 3454 alae
1274 3389 1369 3455 alteri.

364 3498 415 3562 13.
431 3498 495 3561 diae
508 3497 582 3572 dua,
597 3496 656 3561 duo
669 3497 868 3577 Testamenta,
885 3511 919 3565 ut
933 3503 1080 3585 superius,
1096 3505 1144 3570 vel
1159 3504 1217 3570 duo
1232 3515 1380 3590 praecepta
1394 3504 1539 3585 caritatis,
1556 3503 1621 3570 sive
1633 3505 1692 3568 duc
1706 3502 1871 3588 prophetae.

324 3615 375 3699 qui
391 3618 421 3678 in
435 3615 564 3679 secundo
577 3615 708 3680 adventu
722 3616 854 3698 venturi,
871 3617 1010 3683 Ecclesiae
1023 3619 1160 3686 solatium
1181 3630 1278 3686 erant.
1294 3621 1328 3686 ln
1342 3621 1539 3706 Apocalypsi:
1556 3622 1642 3687 Ilatae
1661 3628 1731 3686 sunt
1750 3617 1871 3685 mulieri

324 3733 380 3798 ale
400 3731 477 3796 duae.

364 3850 414 3913 ll.
430 3848 504 3930 blm,
519 3849 666 3933 superbia,
681 3851 757 3916 siout
771 3850 801 3915 iu
815 3851 870 3916 tob
885 3870 939 3935 pro
952 3852 1091 3919 baeretieo
1105 3853 1228 3919 dicitur:
1245 3855 1317 3920 Cum
1339 3863 1453 3939 tempus
1474 3853 1638 3924 advenerit.
1652 3853 1683 3918 in
1702 3852 1793 3920 altum
1809 3852 1876 3918 alas

326 3962 367 4028 eri
392 3963 426 4028 it.
1988 3963 1989 3972 ’

366 3983 415 4145 lgb.
431 4078 550 4163 Pennae,
567 4080 726 4166 Scripturae
738 4081 858 4148 divinae.
875 4079 910 4145 In
925 4082 1053 4166 psalmo:
1072 4083 1180 4149 Penne
1195 4087 1337 4154 columbe
1351 4086 1561 4170 deargentatae.

326 4381 368 4430 tot
395 4379 574 4430 monuments
600 4378 724 4428 veterum
750 4373 989 4444 Christianorum,
1015 4375 1072 4430 sive
1125 4376 1280 4450 interpres,
1300 4394 1381 4432 secus
1399 4379 1515 4449 egisset.
1534 4407 1569 4420 ·-
1588 4379 1718 4434 volucres
1742 4377 1814 4435 coett'
1841 4383 1880 4437 A.

326 4477 501 4533 sauctorum,
514 4462 632 4517 aviculis
647 4463 815 4534 constipata.
828 4491 864 4503 -
875 4463 913 4516 ad
925 4469 1072 4533 superiora
1126 4461 1284 4517 Praesente
1309 4465 1488 4518 volueribus.-
1508 4464 1556 4515 taret
1574 4465 1689 4515 πιτιιιῶν
1709 4467 1752 4516 τοῦ
1774 4463 1882 4533 ciperet

326 4556 413 4613 corato
433 4553 463 4622 Ο,
482 4557 516 4620 Α,
537 4550 647 4624 decepti
665 4552 795 4607 adverbio
808 4557 840 4603 τὰ
856 4553 905 4603 dvc
918 4551 1072 4612 indefinite.
1127 4547 1225 4622 lepida,
1244 4552 1295 4606 Job
1314 4564 1412 4620 xxvlll,
1430 4549 1477 4604 21.

326 4643 476 4712 Merc'tv,
492 4641 536 4698 32.
1162 4639 1187 4695 4.
1209 4641 1276 4696 Luc.
1296 4656 1335 4706 rx,
1355 4639 1406 4710 583
1426 4654 1488 4709 vus,
1508 4638 1535 4696 5.
1555 4670 1590 4682 -
1607 4638 1636 4694 5.
1657 4639 1705 4698 Ps.
1726 4657 1790 4706 vus.
1810 4644 1841 4700 9.

360 4731 388 4787 2.
409 4732 497 4805 Apoc.
516 4747 575 4797 xlx,
597 4728 640 4799 17,
663 4727 705 4797 18,
725 4729 889 4800 quibuscum
905 4727 986 4785 adda:
1010 4733 1074 4788 Cla·
1162 4729 1189 4786 6.
1208 4729 1308 4788 Matth.
1326 4745 1396 4798 ιιιιιι,
1418 4728 1460 4785 14.
1479 4759 1515 4774 -
1532 4729 1560 4783 7.
1580 4730 1632 4786 tob
1649 4745 1750 4798 mm,
1770 4732 1799 4786 7.

325 4827 424 4892 nsooit,
439 4823 537 4878 dicens
551 4823 682 4877 ommibus
701 4821 768 4884 ate..
782 4817 850 4890 quin
862 4823 954 4872 tamen
968 4820 1077 4876 intelli·
1162 4820 1189 4873 8.
1208 4818 1243 4874 ls.
1264 4834 1322 4888 ιιι,
1341 4818 1368 4875 2.
1388 4836 1450 4875 oum
1468 4834 1539 4888 ιιι,
1561 4821 1670 4876 Deuter.
1689 4835 1759 4889 xxm,
1779 4821 1808 4886 6,
1830 4823 1861 4880 7.

327 4928 378 4983 gas
387 4911 525 4965 infinitam
535 4909 650 4980 phrasin
659 4907 780 4962 transire
790 4906 820 4959 in
829 4906 975 4978 directam,
985 4908 1075 4964 holle·
1162 4908 1190 4962 a.
1209 4908 1259 4962 tob
1278 4921 1323 4977 ιι,
1342 4905 1388 4962 24.

327 5001 391 5053 nica
400 4998 526 5052 lieentia.
536 4996 665 5052 -Prcv.
676 5013 702 5065 ιι,
712 4995 739 5048 4.
751 5012 816 5051 aces
829 4997 984 5054 voluntatis
995 5000 1028 5067 Α,
1042 4998 1073 5054 0.
1166 4994 1209 5048 10.
1230 4996 1276 5051 Ps.
1294 5009 1351 5062 ιιι,
1368 4994 1396 5051 7.

364 5087 392 5144 3.
413 5089 528 5144 Graecus
555 5089 652 5140 auctor
678 5100 728 5138 auo
755 5089 831 5138 certe
859 5085 954 5140 ordine
983 5088 1076 5157 posuit
1166 5083 1208 5138 ll.
1228 5083 1327 5138 Enoch.
1346 5099 1368 5150 ι,
1387 5083 1431 5141 23.
1451 5114 1486 5128 ·-
1509 5084 1551 5140 12.
1572 5087 1605 5144 ls.
1627 5101 1666 5157 ιι,
1685 5085 1715 5142 2.

331 5179 425 5248 ὅριιθις,
445 5180 536 5241 πτηνὰ,
549 5179 656 5238 cursuve,
670 5173 792 5242 στρουθία,
804 5189 866 5244 quse
880 5175 1018 5246 interpres
1031 5173 1075 5229 val
1166 5172 1206 5230 13.
1227 5175 1314 5246 Apoc.
1333 5189 1384 5239 ιιιι,
1407 5171 1449 5227 14.
1469 5204 1505 5217 -
1527 5175 1564 5232 14,
1584 5177 1635 5231 lob
1654 5191 1748 5238 uxta.
1771 5175 1815 5234 ta.

331 5266 437 5320 inritus
456 5261 624 5318 tumultuoae
643 5265 827 5329 commiscuit,
849 5281 880 5318 ac
902 5263 958 5317 nisi
977 5264 1078 5319 luisset
1168 5263 1209 5318 15.
1230 5265 1278 5319 Pa.
1297 5277 1384 5330 ιιιιι,
1407 5263 1448 5319 14.
