3998 6080
691 523 816 591 CODEX
837 525 1169 593 CLAROMONThNUS
1645 531 1703 595 tro

194 684 244 746 lb.
261 681 422 758 Manassae,
439 679 561 758 Oblitus,
579 677 644 744 siue
667 677 849 754 Oblictsccms,
864 679 990 763 populus
1011 679 1190 744 ludaeorum.
1207 679 1240 746 ln
1263 680 1387 763 psalmo:
1407 679 1493 750 Meus
1513 693 1559 750 est
1578 683 1703 766 Galaad,

152 816 182 874 et
196 823 278 869 mens
291 810 338 867 est
349 799 514 867 Manasses.

194 924 245 988 ll.
262 922 353 998 Esau,
370 917 498 998 umas,
515 914 580 982 sive
599 916 725 979 Aeacos
745 913 884 998 lepidum,
908 914 1033 998 populus
1054 914 1233 979 iudeorum.
1249 915 1282 980 ln
1304 915 1466 983 Malachia:
1489 905 1597 986 Nonae
1615 918 1705 985 irater

152 1051 218 1107 erat
230 1039 310 1102 Esau
325 1035 423 1108 Jacob,
438 1034 510 1099 dicit
525 1031 690 1099 Dominus?
704 1031 742 1095 Et
755 1031 845 1096 dilexi
860 1031 959 1113 Jacob,
976 1031 1054 1097 Esau
1069 1040 1166 1128 autem
1180 1032 1247 1098 odio
1262 1032 1362 1098 habui.

193 1158 244 1223 78.
260 1155 382 1230 Phares,
395 1152 519 1229 decisio,
533 1151 582 1214 hic
595 1150 672 1216 eninr
685 1149 785 1234 populi
800 1149 967 1217 ludaeorum
982 1149 1060 1232 gerit
1073 1149 1242 1232 imaginem.

193 1277 244 1340 79.
260 1275 347 1348 Zara,
361 1270 471 1350 moos,
485 1267 611 1352 populus
624 1267 776 1343 Gentium,
789 1265 826 1330 ob
839 1266 956 1346 signum
970 1267 1136 1330 coccineum
1147 1266 1225 1349 quod
1237 1267 1379 1333 obstetrix
1392 1269 1491 1334 manui
1505 1269 1568 1353 ejus
1581 1269 1699 1348 ligarit.
1758 1317 1761 1323 -

194 1393 244 1457 89.
260 1390 390 1476 Moyses,
407 1387 587 1468 Admtmph‘c,
603 1383 669 1448 sire
682 1383 788 1463 Limes,
804 1382 853 1446 hic
865 1383 943 1447 enim
958 1383 988 1446 in
1002 1401 1037 1448 eo
1052 1381 1129 1466 quod
1143 1383 1286 1450 mediator
1301 1386 1377 1450 iuter
1390 1385 1483 1451 Deum
1504 1396 1534 1452 et
1554 1385 1701 1452 hominem

153 1508 261 1588 extitit,
275 1505 385 1571 Christi
396 1503 528 1589 praetulit
543 1503 685 1584 liguram3
699 1502 729 1564 in
741 1519 775 1566 eo
786 1517 857 1566 vero
871 1501 949 1584 quod
961 1501 991 1566 in
1006 1511 1113 1567 terrum
1126 1502 1360 1585 repromissionis
1370 1523 1429 1570 non
1441 1505 1574 1584 intravit,
1586 1505 1701 1571 ludaeo-

151 1645 216 1692 rum
232 1627 274 1709 [p.
291 1624 361 1706 218]
377 1621 432 1687 sub
447 1621 525 1703 Lege
539 1618 705 1684 virentium
721 1617 878 1701 pretendit
892 1617 1061 1701 imaginem.

197 1747 247 1810 81.
264 1742 342 1809 hlihi
357 1760 428 1808 vero
443 1739 530 1821 Legis
544 1736 658 1804 obtinet
677 1737 860 1822 mysterium,
883 1736 959 1802 sicut
979 1747 1025 1803 est
1045 1737 1117 1804 illud
1139 1737 1168 1802 in
1190 1740 1371 1821 Evangelio:
1388 1740 1504 1807 Habent
1520 1738 1653 1826 ldoyscm
1672 1756 1703 1812 et

153 1864 325 1950 prophetas,
342 1859 463 1925 audiant
476 1875 539 1924 eos.

194 1985 244 2050 89.
260 1985 370 2060 Aaron,
385 1979 472 2044 Mons
492 1976 678 2060 fortitudinis,
693 1975 801 2042 Christi
815 1975 865 2058 qui
880 1983 926 2041 est
938 1992 1028 2041 uerus
1048 1975 1195 2055 sacerdos,
1209 1997 1313 2060 gerens
1331 1997 1496 2062 personam.
1513 1977 1547 2044 ln
1567 1980 1699 2063 psalmo:

151 2101 234 2167 Sicut
247 2107 429 2182 unguentum
444 2096 475 2160 in
490 2093 598 2178 capite,
612 2093 689 2178 quod
704 2093 858 2158 descendit
873 2093 902 2158 iu
918 2093 1049 2174 barbam,
1065 2094 1185 2158 barbam
1200 2096 1306 2159 heron.

192 2220 240 2284 83.
257 2217 292 2281 ln
307 2235 342 2281 eo
355 2233 426 2280 uero
441 2213 518 2296 quod
533 2212 676 2277 adversus
690 2211 812 2292 Moysen
825 2231 892 2275 cum
913 2211 1007 2276 Maria
1030 2211 1199 2291 insurrexit,
1213 2222 1243 2278 et
1256 2223 1365 2279 terram
1385 2213 1620 2297 repromissionis
1641 2231 1700 2280 non

151 2335 286 2415 intrarit,
302 2330 497 2398 sacerdotium
511 2329 679 2396 ludaeorum
692 2330 723 2393 in
738 2347 770 2394 se
783 2327 1005 2394 demonstrauit.
1155 2399 1160 2408 ,
1354 2399 1361 2412 ,

196 2455 246 2520 8l.
263 2453 405 2536 Sephora,
423 2451 543 2527 Passer,
557 2449 697 2514 Ecclesia
711 2457 825 2532 typum,
841 2463 908 2527 oue
920 2465 955 2512 ex
977 2446 1123 2513 Gentibus
1143 2447 1258 2514 Christo
1279 2451 1431 2534 conjuncta
1446 2459 1502 2532 est,
1518 2451 1594 2515 sicut
1606 2459 1637 2516 et
1650 2451 1701 2516 illa

151 2573 258 2657 bloysi,
272 2569 431 2656 praetendit
444 2568 612 2650 imaginem.

191 2692 241 2756 88.
260 2689 383 2763 Gersen,
398 2687 528 2752 Adsero.

191 2809 240 2872 86.
257 2804 381 2883 Eliezer,
395 2802 452 2866 Dei
464 2800 651 2885 adjutorium.

192 2927 240 2991 87.
257 2923 394 3002 Eleazar,
411 2922 468 2985 Ilei
480 2919 666 3003 adjutoriam.

190 3044 252 3108 87².
269 3043 343 3121 Eur,
356 3039 448 3122 Ignis,
460 3038 524 3103 sive
538 3035 656 3113 Lcmcm,
667 3031 793 3119 Spiritus
807 3034 913 3115 sancti,
928 3043 960 3099 ut
973 3035 1091 3118 quidam
1108 3035 1220 3114 uolunt,
1234 3035 1346 3102 obtinet
1356 3046 1581 3114 sacramentum,
1591 3035 1629 3099 dc
1641 3055 1700 3117 quo

152 3158 182 3222 in
198 3159 314 3224 Exodo:
329 3158 426 3221 Aaron
439 3165 538 3219 autem
552 3161 582 3218 et
593 3151 665 3230 llur,
680 3149 710 3216 id
721 3160 768 3215 est
778 3149 912 3215 Christus
924 3161 953 3217 et
963 3151 1089 3234 Spiritus
1103 3152 1238 3230 Sanctus,
1250 3153 1455 3218 sustentabant
1469 3171 1574 3216 manus
1589 3149 1697 3236 bloysl,

151 3275 237 3358 Legis
251 3244 451 3339 austeritatem
466 3271 504 3335 ad
519 3269 744 3334 misericordiam
760 3267 891 3333 flectens.

143 3431 146 3436 ·
189 3393 238 3458 88.
255 3392 395 3475 Sephora,
410 3389 530 3465 Passer,
545 3385 656 3451 veteris
669 3385 848 3450 Testamenti
864 3385 940 3467 gerit
954 3385 1089 3467 liguram.

189 3512 238 3577 89.
255 3507 547 3590 stabulensem
564 3505 738 3581 Vereccadm
752 3503 816 3568 haec
826 3523 909 3586 vero,
924 3515 956 3569 ut
969 3503 1088 3588 qnidam
1103 3503 1216 3582 volunt,
1228 3503 1298 3570 noui
1312 3503 1501 3582 Testamenti,
1511 3521 1577 3586 quae
1591 3499 1699 3568 Christi

150 3631 294 3712 sanguine
308 3627 417 3704 rubuit,
431 3611 544 3691 obtinet
557 3635 781 3690 sacramentam.
1554 3605 1557 3613 ’

188 3747 238 3810 99.
253 3745 381 3824 Pharao,
399 3741 555 3806 Denodoas
568 3760 643 3819 cum,
657 3741 722 3806 siue
739 3743 779 3822 [p.
796 3743 866 3823 919]
884 3741 1054 3824 lh'ssipolor
1068 3747 1142 3826 ejus,
1156 3743 1309 3821 Diabolus,
1325 3741 1483 3806 humanum
1500 3743 1596 3824 ge'hus
1616 3727 1703 3805 dissi-

149 3883 233 3946 pans,
248 3871 337 3946 atque
352 3879 369 3923 a
383 3857 546 3925 uirtutibus
559 3857 722 3924 denudans.
739 3859 784 3924 De
799 3859 863 3941 ipso
878 3877 928 3941 per
943 3859 1123 3925 Ezechielem
1145 3860 1268 3926 dicitur:
1284 3859 1339 3923 Tili
1361 3859 1495 3935 homidis,
1510 3859 1632 3924 adsunlb
1653 3852 1701 3922 la-

148 3987 277 4045 mentum
291 3997 379 4060 super
394 3975 575 4040 Pharaonem
587 3993 685 4056 regem
700 3975 831 4062 Egypti,
847 3984 876 4040 ct
890 3977 969 4042 dices
983 3978 1021 4042 ad
1042 3995 1125 4042 eum:
1140 3977 1229 4042 Leoni
1250 3974 1387 4042 Gentium
1409 3974 1591 4042 adslmllatns
1613 3986 1654 4054 es,
1670 3981 1701 4040 et

147 4098 266 4164 draconi
281 4096 332 4181 qui
347 4104 393 4162 est
406 4095 441 4158 in
452 4093 537 4159 marl.
553 4093 626 4158 ltem
643 4093 699 4160 ibi:
717 4095 810 4160 Omne
824 4096 938 4180 lignum
953 4095 1087 4161 Paradisi
1102 4113 1162 4160 nou
1178 4100 1222 4162 est
1242 4095 1441 4159 adsimilatum
1457 4090 1497 4157 illi
1513 4104 1543 4158 et
1563 4092 1698 4179 pulchri-

147 4215 240 4281 tudini
256 4192 327 4297 ejus‚
343 4213 480 4296 qnoniam
495 4211 660 4295 speciosum
674 4213 727 4278 leci
742 4233 818 4278 eum.
835 4214 907 4281 ltem
924 4215 982 4281 ibi:
999 4216 1024 4281 0
1039 4215 1149 4297 inclyte
1164 4221 1251 4296 utque
1265 4209 1396 4276 sublimis
1414 4213 1491 4276 inter
1511 4211 1592 4293 ligna
1606 4199 1699 4277 rolu-

146 4335 245 4418 ptatis,
261 4351 329 4397 ecce
342 4331 484 4396 deductus
498 4351 530 4397 cs
543 4351 609 4395 cum
622 4312 714 4411 lignis
728 4333 892 4418 voluptatis
905 4337 943 4401 ad
957 4345 1064 4400 terram
1079 4334 1222 4399 nltimam.

185 4453 237 4518 91.
254 4452 352 4527 losue,
369 4449 518 4528 Solootor,
533 4459 592 4515 mur
607 4452 724 4516 nomine
740 4471 828 4535 quam
843 4473 930 4538 opere
943 4455 1106 4520 salvatoris
1121 4472 1225 4537 gerens
1240 4472 1405 4539 personam.

186 4571 236 4634 oa.
254 4567 406 4648 Othoniel,
426 4567 547 4646 Tempus
561 4571 623 4652 ejus
638 4569 727 4650 uem,
741 4573 789 4636 uel
803 4571 964 4656 Responsio
978 4571 1045 4650 liei.
1153 4549 1163 4568 ⁰

187 4691 236 4753 93.
254 4689 329 4768 hod,
346 4688 507 4753 Gloriosus.

188 4807 239 4870 aa.
258 4805 407 4889 Semegar,
421 4805 534 4872 Nomen
547 4809 709 4874 adueniens.

177 5047 224 5102 76.
245 5048 293 5104 Pe.
313 5065 374 5114 arx,
388 5049 416 5104 9.
431 5081 466 5092 -
477 5049 523 5106 77.
539 5051 661 5108 Malaeh.
682 5071 699 5119 r,
712 5053 740 5122 2,
759 5051 787 5108 3.
799 5084 834 5095 -
845 5053 892 5108 79.
947 5061 1036 5112 menti
1045 5075 1118 5128 quae
1129 5057 1160 5124 Α,
1171 5059 1201 5123 G,
1213 5058 1338 5120 beabimur,
1348 5057 1391 5110 b...
1405 5053 1504 5109 ultima
1517 5053 1627 5107 tandem
1638 5053 1698 5106 vice

143 5140 214 5195 Gen.
229 5153 345 5204 xxxam,
356 5137 402 5208 ‘28
418 5141 583 5212 obsignant
593 5160 687 5213 quem,
697 5143 761 5197 andi
774 5145 892 5196 κόκκινον.
949 5151 1013 5202 nota
1027 5148 1055 5199 in
1068 5153 1185 5218 utroque
1199 5147 1293 5200 codice
1306 5147 1445 5200 obstinata
1458 5145 1543 5214 graeci
1558 5144 1695 5198 sermonis

143 5229 226 5290 Quod
238 5231 272 5282 A.
286 5247 375 5283 manu
387 5229 417 5283 C.
429 5229 518 5286 -81,
535 5231 602 5287 Luc.
617 5233 729 5304 xv1,29.
742 5263 774 5274 -
786 5233 891 5298 82.ll’s.
949 5236 1080 5308 vestigia.
1092 5239 1182 5292 Etiam
1198 5239 1218 5293 (l
1236 5237 1319 5290 habet
1334 5241 1404 5302 ruit,
1423 5253 1513 5306 neque
1526 5237 1550 5290 A
1564 5235 1694 5288 emenda-

141 5318 291 5388 cxxxt1,2.
312 5350 347 5361 -
365 5319 410 5376 87.
432 5322 520 5376 Exod.
540 5339 609 5390 trau,
625 5322 769 5379 12.-89.
794 5323 893 5378 Testa-
948 5326 995 5382 vit.
1014 5355 1049 5366 -·
1068 5325 1113 5382 90.
1134 5327 1233 5382 Ezech.
1255 5344 1347 5394 xxxrr,
1365 5325 1398 5395 23
1419 5343 1497 5394 xxxr,
1515 5327 1542 5396 8,
1560 5327 1589 5394 9,
1612 5325 1654 5384 18.
