3976 6078
917 567 1073 638 XXXIV

256 751 259 758 ⁴
295 713 458 775 Hactenus
480 713 547 774 cod.
570 712 714 776 arabicus
736 715 848 777 CXXI.
873 716 948 790 Vix,
976 717 1100 796 opinor,
1124 716 1287 798 quisquam
1311 717 1482 778 mouendus
1505 720 1556 779 est
1584 733 1774 797 praecavere

217 821 340 885 abillo
362 821 523 900 farragine
543 821 754 902 Eutychiana,
778 840 811 885 eu
832 826 977 902 quamvis
1000 830 1105 888 rectae
1120 826 1283 911 doctrinae
1306 825 1456 887 nonnulli
1470 826 1604 888 emicent
1627 827 1772 906 igniculi,

217 933 329 1014 quibus
340 947 473 1008 arguere
487 930 599 992 liceret
610 931 736 992 saniora
746 934 814 994 veri
826 933 995 1015 Hippolyti
1006 936 1044 996 ad
1055 935 1235 997 Orientales
1246 935 1437 1015 pervenisse,
1449 934 1554 1015 pelam
1566 939 1616 998 est
1627 935 1775 1018 pleraque

217 1048 367 1108 audacter
391 1060 459 1104 esso
482 1043 664 1125 depravate.
691 1044 917 1125 Praeterquam
942 1044 1185 1122 quod-Arabum
1209 1023 1332 1124 lingua,
1357 1043 1434 1107 lieet
1458 1048 1643 1106 cunctarum
1672 1045 1776 1106 orion·
1838 1091 1841 1098 .

217 1152 331 1214 talium
355 1149 539 1226 flexibilior,
564 1150 649 1210 male
671 1155 704 1212 et
728 1150 858 1212 eoniuse
884 1153 1047 1230 significat
1070 1153 1240 1232 praecipua
1264 1170 1369 1214 rerum
1390 1150 1646 1230 theologicarum
1675 1169 1769 1214 roca-

217 1261 304 1336 bula,
328 1259 435 1339 qualia
458 1263 532 1321 sunt
552 1265 681 1335 auctura,
707 1260 845 1335 essentia,
871 1261 1056 1334 substantio,
1079 1265 1195 1340 forma,
1231 1263 1353 1340 species,
1370 1259 1560 1343 subjectum,
1594 1262 1672 1323 adde
1697 1265 1779 1343 quod

217 1374 295 1434 haee
317 1386 336 1428 a
359 1369 488 1429 Graecis
511 1369 548 1430 ad
564 1368 674 1446 Syros,
700 1384 720 1425 a
741 1368 832 1444 Syris
856 1369 892 1430 ad
916 1370 1050 1442 Arabas,
1084 1374 1118 1432 et
1153 1369 1322 1431 identidem
1359 1377 1409 1435 ter
1433 1373 1606 1452 quaterque
1631 1391 1688 1451 per
1715 1389 1779 1433 me·

217 1499 276 1542 nus
299 1479 478 1540 haereticas
501 1474 712 1537 transierunt:
740 1474 813 1536 inde
837 1480 887 1537 est
909 1477 990 1554 quod
1012 1478 1097 1538 inter
1123 1477 1230 1539 fontes
1255 1477 1441 1552 orientales,
1459 1479 1579 1540 arabici
1595 1481 1632 1540 de
1653 1479 1777 1543 theolo-

218 1589 272 1668 gia
307 1588 439 1648 Petrum
479 1583 614 1662 pessime
649 1579 790 1642 audiunt.
825 1583 866 1645 Et
895 1585 932 1644 ad
968 1584 1178 1664 Hippolytum
1210 1587 1297 1664 quod·
1328 1589 1460 1661 spectat,
1496 1587 1567 1649 deri
1601 1589 1706 1667 potuit
1745 1594 1780 1652 ut

218 1686 439 1785 ὀρθοδοξέτατα
464 1691 581 1753 sensim
603 1693 863 1768 perverterentur
878 1691 912 1751 in
934 1711 1072 1770 quaeque
1095 1694 1308 1754 lacebitarum
1331 1694 1542 1774 sophismata,
1566 1698 1716 1774 usquead
1731 1697 1776 1757 in·

219 1823 297 1869 sana
318 1797 555 1863 monothelismi
579 1797 786 1859 consectaria.
813 1799 904 1876 Spem
939 1798 1043 1874 ioueo,
1080 1800 1147 1860 iore
1186 1805 1221 1862 ut
1258 1819 1359 1876 nemo,
1398 1801 1450 1861 vel
1483 1802 1568 1864 inter
1593 1806 1778 1884 Germanos,

218 1912 327 1994 spuria
349 1909 410 1970 illa
430 1907 590 1976 obtendat,
617 1909 652 1966 ut
675 1905 736 1964 duo
759 1903 949 1983 gravissima
980 1905 1125 1980 erimina,
1151 1923 1251 1985 nuper
1267 1907 1299 1966 in
1317 1907 1523 1986 Hippolytum
1539 1909 1691 1988 impacta,
1705 1929 1779 1971 con·

218 2022 396 2084 firmentur:
423 2013 559 2088 seilicet,
584 2016 652 2073 tum
675 2031 745 2073 eum
782 2029 849 2073 esse
874 2013 931 2074 τῶν
955 2006 1217 2104 φιλοσοφουμένων
1241 2015 1444 2089 conditorem,
1474 2015 1506 2075 id
1528 2019 1608 2096 quod
1638 2023 1778 2079 coaete-

218 2132 264 2192 ris
279 2132 311 2189 et
324 2123 421 2186 certis
436 2125 468 2183 S.
483 2120 623 2182 doctoris
644 2120 790 2199 operibus
807 2121 967 2197 abhorret;
981 2125 1048 2183 turn
1063 2123 1203 2181 eumdem
1220 2121 1253 2181 in
1270 2122 1406 2184 schisma
1422 2121 1591 2185 Novatiani
1616 2121 1779 2194 incidisse,

220 2241 256 2300 de
280 2254 340 2315 quo
364 2250 460 2310 usque
485 2230 523 2290 ad
548 2227 707 2290 saeculum
724 2228 868 2306 quintum
885 2227 1056 2288 Nou-atiani
1081 2228 1275 2309 triumphum
1300 2230 1450 2309 egissent,
1475 2230 1548 2291 dum
1570 2230 1690 2294 siluere
1710 2217 1781 2294 eum

220 2353 289 2412 tota
302 2339 503 2419 antiquitate.
519 2339 563 2400 Ac
579 2338 682 2398 laetor
706 2335 786 2414 apud
813 2337 971 2395 nostrates
997 2331 1108 2394 Gallos
1133 2336 1191 2394 has
1215 2335 1392 2396 calumnias
1408 2354 1566 2414 nunquam
1590 2339 1778 2415 invaluisse,

221 2456 294 2515 dum
327 2446 446 2510 caeteri
470 2444 630 2521 Germani,
654 2443 770 2522 Belgae
803 2448 837 2504 et
859 2441 946 2514 Itali,
973 2440 1067 2501 immo
1100 2441 1246 2519 Romani,
1273 2441 1436 2504 faciliores
1465 2443 1652 2507 criminibus
1689 2464 1781 2511 aures

222 2561 447 2646 praebuerunt.
852 2535 855 2542 ¹
1453 2554 1457 2560 ’

300 2671 406 2732 Etiam
427 2666 510 2725 hano
532 2662 633 2742 picem
655 2661 780 2720 incaute
802 2657 929 2718 videtur
954 2655 1100 2736 tetigisse
1118 2657 1318 2722 doctissimus
1336 2660 1537 2740 Hanneberg,
1553 2659 1625 2722 dum
1647 2680 1783 2725 canones

220 2779 404 2860 Hyppolyto
425 2773 583 2850 ascriptos
607 2767 731 2829 arabice
753 2765 913 2843 vulgaret.
936 2765 994 2827 Cui
1016 2783 1211 2845 summopere
1232 2767 1407 2846 placuisset
1428 2788 1540 2830 nomeu
1555 2771 1712 2850 Hypolyti
1727 2792 1783 2835 seu

221 2885 366 2949 Abulidis
389 2884 444 2943 aut
465 2877 590 2940 Bulidis
616 2874 777 2935 invenisse
799 2873 973 2952 praefixum
1005 2875 1039 2934 in
1060 2875 1128 2937 eod.
1144 2877 1216 2937 CIII
1241 2877 1359 2938 duobus
1382 2881 1555 2943 canonibus
1570 2884 1623 2960 qui
1646 2885 1778 2945 addendi

223 2995 371 3056 videntur
390 2985 525 3049 caeteris
544 2981 726 3056 XXXVlll,
752 2997 830 3057 quos
853 2979 971 3058 publici
990 2981 1075 3060 juris
1097 2980 1177 3043 fecit
1197 2983 1333 3045 eximius
1356 2987 1502 3062 antistes,
1525 2990 1624 3051 etsie
1647 3008 1680 3050 se
1706 2990 1782 3052 lati-

223 3121 274 3176 ne,
296 3099 402 3162 eodem
427 3091 558 3172 Ugolini
578 3090 765 3167 interprete,
791 3088 920 3149 habent:

303 3211 328 3270 I.
350 3210 407 3284 fot.
431 3204 487 3264 161
511 3218 608 3263 uerso.
623 3201 665 3259 Et
678 3198 795 3258 dietum
811 3198 978 3259 secundum
1019 3200 1114 3280 guina
1136 3200 1329 3280 purificetur.
1352 3203 1386 3262 Si
1409 3222 1484 3264 vero
1507 3204 1672 3284 moriatur,
1699 3210 1781 3290 quod

224 3324 274 3382 est
293 3317 413 3379 dictum
427 3309 570 3384 abulids,
594 3308 683 3387 cujus
704 3322 838 3367 canones
862 3305 982 3386 recepti
1023 3307 1105 3368 Deus
1143 3315 1281 3386 avertet,
1303 3317 1377 3374 ante
1412 3312 1717 3394 baptismumque
1748 3317 1788 3376 il-

225 3429 314 3488 ,untg
865 3499 869 3508 ‚
1027 3413 1093 3476 lum
1126 3415 1247 3494 lavent,
1273 3420 1605 3497 mundoquelavaoro
1641 3424 1786 3501 abluant,

305 3523 986 3612 Baptizendi,autsuntparvuli,autadulti.
1030 3521 1192 3601 linteoque
1226 3544 1308 3586 novo
1343 3526 1540 3604 involvatur,
1578 3535 1611 3591 et
1644 3533 1787 3594 vestibus

226 3645 260 3706 Si
275 3643 395 3704 fuerint
415 3638 556 3718 parvuli,
570 3641 603 3699 et
618 3636 715 3699 timor
732 3636 817 3700 adsit
831 3637 867 3697 de
880 3654 988 3698 recen·
1027 3630 1102 3692 aliis
1125 3635 1163 3694 ab
1185 3632 1253 3694 illis
1278 3633 1311 3694 iu
1332 3652 1410 3712 quas
1425 3638 1548 3714 peperit
1564 3636 1656 3699 illum
1672 3643 1784 3716 mater,

226 3757 277 3814 ter
300 3755 375 3810 nato
401 3753 568 3827 antequam
596 3744 832 3824 adimpleantur
853 3747 988 3825 quadra·
1027 3739 1165 3818 flentque
1187 3759 1296 3822 preces
1312 3760 1404 3822 super
1426 3761 1506 3804 euru.
1522 3743 1555 3804 Si
1578 3763 1653 3806 vero
1668 3745 1789 3808 fuerint

227 3863 318 3942 ginta
331 3859 408 3934 dies,
425 3857 598 3917 adducatur
618 3853 651 3914 in
665 3852 829 3915 eeclesiam
842 3871 913 3914 cum
927 3871 993 3913 mu·
1033 3848 1145 3930 adulti,
1169 3851 1317 3913 balneum
1338 3852 1562 3932 ingrediantur
1586 3853 1668 3914 ieria
1683 3857 1721 3933 V,
1741 3856 1790 3933 je-

226 3971 318 4039 liere,
341 3966 394 4048 qui
416 3966 509 4028 illum
538 3963 709 4037 custodiat,
734 3966 768 4023 et
798 3961 988 4041 baptizetur,
1026 3961 1142 4040 jurent
1156 3961 1237 4022 ieria
1251 3964 1305 4038 VI,
1321 3968 1353 4024 et
1366 3964 1565 4041 baptizentur
1579 3964 1612 4022 in
1628 3963 1775 4026 Sabbata.

227 4078 354 4142 etiamsi
370 4078 428 4136 hoc
449 4075 493 4136 sit
508 4075 586 4134 hora
610 4071 664 4132 vel
678 4071 774 4132 etiam
790 4069 893 4130 minus
915 4073 988 4128 ante
1109 4071 1149 4131 ll.
1172 4073 1228 4146 fot.
1253 4072 1310 4132 162
1331 4089 1426 4134 verso.
1451 4087 1601 4133 neumas.
1625 4072 1659 4132 Si
1682 4090 1790 4152 super-

228 4190 372 4249 mortem.
401 4183 469 4245 Hoc
490 4199 567 4243 vero
586 4180 655 4256 flat,
679 4198 718 4239 ne
743 4178 850 4239 inians
877 4178 987 4259 procul
1029 4177 1154 4240 venerit
1179 4180 1307 4240 mulieri
1337 4180 1441 4241 fluxus
1474 4180 1693 4260 menstrualis,
1719 4200 1789 4260 pro-

228 4295 297 4374 ejus
316 4293 431 4354 euadat
451 4308 470 4352 a
484 4307 584 4370 regno
597 4289 666 4366 Dei,
679 4291 811 4368 prepter
832 4285 990 4348 deiectum
1031 4289 1141 4350 trahat
1154 4287 1374 4374 (baptismum)
1388 4310 1485 4370 usque
1499 4294 1572 4354 dum
1588 4291 1787 4372 purificetur.

227 4403 444 4485 generationis
460 4401 616 4474 secundae,
633 4415 742 4477 nempe
763 4415 851 4475 aquae
866 4401 899 4458 et
920 4397 988 4476 Spi·
1027 4397 1090 4478 (Gi.
1114 4401 1192 4464 Cen.
1217 4402 1248 4463 S.
1276 4401 1371 4481 Hipp.
1394 4421 1423 4482 p.
1455 4401 1506 4476 73,
1540 4401 1591 4476 74,
1626 4401 1679 4477 75,
1712 4419 1790 4478 quae

228 4513 321 4576 ritus.
347 4511 428 4573 Nam
449 4508 587 4571 infantis
610 4505 785 4585 baptismus
799 4506 837 4565 ob
863 4505 985 4567 nullam
1028 4525 1089 4566 uon
1104 4508 1190 4572 inter
1212 4527 1257 4588 se,
1282 4528 1380 4592 neque
1403 4527 1473 4569 oum
1489 4509 1609 4569 nostris
1624 4508 1717 4588 plene
1739 4527 1790 4568 co-

229 4621 327 4684 aliam
347 4637 474 4682 oausam
496 4615 698 4698 protrahitur
729 4611 819 4675 ultra
851 4616 985 4692 quadra-
1026 4614 1159 4682 haerent.
1181 4617 1294 4679 Nescio
1317 4617 1370 4678 ubi
1400 4616 1591 4698 reperiatur,
1615 4619 1696 4695 quod
1722 4635 1793 4677 san·

230 4728 382 4812 gesimum
402 4729 496 4804 diem,
519 4725 583 4787 nisi
607 4729 644 4788 ut
661 4725 763 4787 mater
784 4721 852 4785 eius
874 4739 893 4784 a
914 4740 985 4785 san·
1022 4727 1108 4789 citur
1136 4730 1173 4790 de
1194 4729 1301 4809 puello
1325 4733 1400 4792 ante
1414 4727 1606 4807 baptismum
1627 4723 1788 4807 mortuo).

298 4877 416 4929 subtus
438 4873 643 4924 AFRICANUS.

310 4995 355 5055 De
366 4990 564 5072 apparitione
575 4988 697 5069 Moysis
707 4991 739 5050 ot
753 4985 923 5049 Eliaecum
934 4988 994 5049 Do·
1116 4994 1161 5053 De
1185 4991 1375 5071 poenitentia
1405 4989 1491 5071 re'gis
1515 4989 1674 5067 Manasse,
1700 4995 1725 5054 t.
1747 4989 1790 5066 Il,

232 5106 317 5168 mino
327 5104 361 5200 in
372 5107 490 5181 monte,
503 5105 528 5163 t.
542 5102 584 5178 ΙΙ,
597 5120 627 5180 p.
641 5101 711 5178 292,
724 5100 780 5179 IV,
796 5120 825 5181 p.
836 5101 885 5179 71,
898 5103 968 5164 337.
1032 5123 1060 5183 p.
1083 5101 1153 5164 292.

301 5250 452 5301 SANCTUS
475 5248 678 5299 cirritanus.

312 5368 370 5432 Ειο
390 5367 518 5450 epirote
542 5365 585 5428 ad
618 5363 736 5430 Fidum
758 5380 860 5452 graece
894 5368 919 5427 t.
944 5365 987 5431 11.
1031 5383 1062 5444 p.
1083 5361 1153 5426 289.
