3998 6080
313 490 352 554 88
878 486 1016 554 cutus
1036 486 1066 550 S.
1091 485 1295 552 ltuutcltls

350 640 401 706 36.
417 637 562 718 Struthio,
573 636 740 716 haereticus,
756 635 805 703 uel
822 637 864 722 [p.
879 637 949 718 llll]
966 635 1173 720 philosophum
1190 635 1268 719 quod
1282 633 1365 718 quasi
1380 613 1445 698 cum
1461 633 1565 718 pennis
1579 631 1730 717 sapientie
1745 639 1856 698 tautum

311 755 422 821 evolat.
437 755 470 819 ln
484 753 591 821 Esaia:
605 752 710 817 Eterit
725 752 820 817 cubile
834 753 1005 832 draconum,
1019 751 1049 818 id
1060 761 1106 817 est
1118 751 1296 832 daemonum,
1308 762 1338 816 et
1348 767 1456 834 pascua
1467 748 1675 815 struthionum.
1687 749 1725 812 Et
1739 748 1769 812 in
1783 748 1857 814 lob:

313 869 413 936 Peuna
427 869 604 935 struthionis
619 867 725 934 similis
739 876 784 934 est
802 869 928 952 [pennis]
947 868 1059 934 luemdii
1074 878 1105 934 et
1117 869 1259 952 accipitri.

353 987 404 1050 36.
419 986 595 1066 Pellicanus,
612 985 754 1050 Dominus
768 983 905 1050 Christus
925 984 957 1048 in
978 986 1124 1069 passione.
1148 985 1183 1049 lu
1204 983 1330 1066 psalmo:
1345 981 1454 1048 Similis
1474 982 1651 1048 luctuosum
1670 980 1813 1064 pellicano
1828 979 1859 1043 in

313 1101 482 1168 solitudine.

351 1216 401 1279 37.
417 1215 606 1299 Nycticorar,
619 1215 765 1297 Christus,
785 1215 834 1282 rel
854 1217 1045 1297 virsanctus‚
1062 1216 1228 1283 infidelibus
1248 1214 1448 1299 despicabilis.
1463 1215 1497 1280 ln
1520 1215 1644 1298 psalmo:
1667 1213 1773 1278 Factus
1793 1231 1856 1277 sum

311 1330 387 1396 sicut
401 1331 569 1413 nycticorax
585 1330 614 1395 in
629 1331 787 1397 domicilio.

350 1449 399 1513 38.
417 1447 513 1529 ttitri,
529 1466 664 1532 rapaces,
679 1456 730 1512 aut
745 1447 824 1513 elati.
839 1447 875 1512 In
889 1448 991 1514 Esaia.
1009 1449 1081 1513 llluc
1094 1449 1265 1534 cougregati
1280 1457 1352 1516 suut
1365 1447 1450 1514 milri
1464 1445 1541 1516 alter
1558 1448 1617 1530 [ad]
1631 1446 1767 1511 alterum.

351 1563 405 1626 39.
422 1563 548 1643 Coruus,
566 1562 708 1644 Christus,
725 1562 755 1628 in
768 1563 906 1630 membris
919 1566 994 1645 suis,
1010 1565 1064 1630 too
1078 1575 1124 1632 est
1141 1565 1263 1631 sanctis.
1277 1565 1312 1630 In
1326 1563 1454 1632 Canticis
1468 1565 1659 1630 canticorum:
1673 1560 1773 1626 Comae
1793 1559 1857 1641 ejus

309 1679 388 1744 sicut
401 1676 491 1744 elatae
505 1676 677 1761 palmarum,
693 1678 790 1762 nigre
806 1680 892 1764 quasi
907 1699 1024 1748 corvus.

351 1793 400 1857 49.
415 1793 540 1872 Corvus,
552 1803 671 1860 sanctus
686 1793 871 1874 praedicator.
885 1796 918 1861 ln
929 1796 1001 1861 Joh:
1015 1796 1091 1876 Quis
1104 1804 1252 1881 praeparat
1262 1814 1350 1861 curro
1364 1813 1460 1862 mam
1471 1814 1566 1876 sunm,
1579 1791 1697 1878 quomo
1710 1787 1782 1874 pulli
1795 1786 1859 1870 ejus
1982 1837 1983 1866 ,

309 1907 624 1991 clamantragantcsl

351 2021 547 2104 illiorum,
570 2024 692 2107 nigredo
713 2026 843 2107 peccati,
867 2024 915 2094 rel
937 2024 1133 2091 infidelitatis.
1156 2025 1190 2090 ln
1212 2025 1345 2109 psalmo:
1367 2027 1405 2092 lut
1426 2027 1514 2110 pullis
1533 2043 1687 2092 corvorum
1709 2023 1861 2091 inuocan-
1982 2041 1983 2044 ’

310 2138 388 2204 tibus
408 2156 487 2204 eum.

351 2255 399 2318 lt.
416 2255 542 2336 Οοηιιε,
556 2254 719 2339 peccatoris
732 2253 771 2321 ad
785 2255 991 2354 peonitentiam
1006 2256 1142 2336 tarditas,
1158 2267 1188 2322 et
1202 2275 1280 2323 rana
1294 2278 1361 2344 spes
1374 2258 1412 2325 de
1424 2259 1474 2325 die
1488 2259 1518 2324 in
1531 2259 1608 2325 diem
1630 2254 1803 2324 differentis.
1823 2253 1857 2316 ln

310 2367 474 2452 Sophonia:
492 2370 554 2437 llox
568 2369 714 2438 cantantis
729 2371 760 2437 in
775 2372 915 2452 fenestra,
931 2390 1039 2436 corvus
1054 2372 1083 2436 in
1097 2372 1371 2454 superliminaribus
1384 2374 1457 2457 ejus.

352 2484 399 2548 43.
414 2483 538 2567 Coruus,
555 2483 706 2566 Diabolus,
729 2485 776 2553 rel
798 2487 955 2553 demones.
974 2489 1015 2572 [p.
1038 2489 1107 2570 169]
1128 2487 1164 2552 In
1185 2487 1355 2556 Salomone:
1378 2489 1526 2556 Edodiant
1545 2507 1611 2556 eum
1632 2486 1712 2554 corui
1733 2485 1770 2552 de
1791 2495 1857 2550 tor-

307 2597 448 2664 rentibus.

351 2715 400 2778 44.
417 2714 532 2796 Perdix,
549 2715 700 2782 Diabolus.
717 2717 750 2781 ln
766 2715 934 2799 Hieremia:
949 2717 1096 2784 clamarit
1109 2719 1230 2803 perdix3
1245 2719 1519 2802 congregavitque
1532 2736 1591 2784 non
1605 2716 1729 2802 peperit.

352 2831 401 2896 45.
417 2830 542 2913 Noctua,
555 2832 687 2900 homiues
698 2833 835 2899 veritatis
845 2834 939 2901 lucem
949 2833 1105 2918 lugientes,
1118 2843 1147 2901 et
1158 2846 1344 2918 peccaturum
1354 2837 1491 2903 tenebras
1500 2834 1668 2922 diligentes.
1679 2833 1714 2898 ln
1724 2831 1861 2898 Levitico

310 2946 374 3011 lrrac
386 2947 452 3012 avis
468 2949 559 3030 [uesci
575 2948 769 3032 prohibetur].

351 3066 399 3129 46.
416 3064 545 3148 Cycnus,
558 3065 682 3132 cervicis
696 3065 766 3131 altat
780 3066 930 3150 superbia,
946 3066 997 3133 ubi
1012 3075 1042 3133 et
1056 3086 1155 3151 supra.

354 3181 402 3244 47.
418 3180 511 3260 Bubo,
529 3180 655 3246 enebris
670 3189 854 3263 peccatorum
869 3181 998 3260 deditus,
1011 3192 1042 3248 et
1055 3182 1146 3250 lucem
1161 3184 1288 3267 fugiens.
1305 3185 1339 3250 ln
1354 3183 1495 3250 Levitico.

351 3297 399 3362 48.
416 3297 663 3382 vespertitiones,
686 3298 830 3364 idolorum
850 3308 984 3365 monstra
1005 3300 1135 3366 mnehris
1155 3301 1264 3368 dedita.
1286 3300 1322 3368 ln
1342 3300 1448 3366 Esaia:
1470 3301 1509 3366 Ut
1529 3300 1650 3366 adorent
1671 3299 1765 3383 talpas
1788 3300 1855 3380 [ot]

310 3412 547 3496 vespertiliones.

352 3529 400 3592 49.
417 3529 548 3611 llergus,
564 3529 650 3596 homo
663 3531 842 3613 luxuriosus,
861 3531 976 3599 libidini
991 3532 1088 3597 carnis
1102 3551 1217 3617 semper
1230 3534 1373 3600 intentus.
1388 3535 1423 3598 ln
1437 3533 1580 3599 Leuitico.
1622 3565 1636 3594 0

351 3645 400 3708 69.
416 3644 527 3720 Gallus,
542 3644 686 3729 Christum,
701 3649 752 3712 rel
767 3648 902 3733 apostoli.
918 3651 953 3716 ln
966 3651 1136 3717 Salomone:
1151 3651 1255 3718 Gallus
1274 3653 1442 3719 succinctus
1458 3653 1583 3718 lumbos.
1599 3651 1638 3716 Et
1651 3650 1682 3715 in
1695 3651 1767 3716 lob:
1782 3621 1859 3730 Quis
1983 3675 1984 3678 ¹

311 3761 393 3825 dedit
406 3760 484 3844 gallo
498 3761 734 3845 intelligentiam.

352 3877 401 3941 61.
417 3877 530 3961 Galim,
545 3879 738 3946 sacerdotium
752 3880 930 3950 luteorum.
947 3885 981 3949 ln
995 3883 1100 3949 Esaia:
1117 3885 1156 3949 Et
1168 3885 1314 3968 asportari
1329 3894 1358 3952 te
1377 3883 1465 3951 laciet
1484 3885 1636 3965 Dominus,
1652 3883 1730 3950 sicut
1748 3900 1856 3968 aspor—
1982 3931 1984 3968 ,

313 4001 392 4059 tatur
405 3993 501 4077 gallus
513 3995 700 4080 gallinaceus.

351 4109 400 4172 tr.
416 4107 545 4192 Gallina,
557 4111 715 4194 sapientia,
727 4112 793 4179 sire
802 4114 948 4197 Ecclesia,
961 4114 1009 4182 rel
1021 4118 1120 4180 anima
1131 4114 1279 4183 fidelis.lu
1290 4116 1471 4201 Evangelio:
1484 4117 1565 4183 Sicut
1576 4117 1686 4200 gallina
1696 4123 1859 4198 congregat

311 4223 406 4307 pullos
419 4244 489 4293 suos
502 4228 557 4294 sub
570 4228 627 4293 alis
641 4230 712 4294 suis.

351 4343 401 4406 53.
417 4343 567 4422 Columba,
581 4345 670 4440 licus.
686 4346 721 4411 In
735 4346 898 4413 lliercmia:
918 4351 943 4414 A
966 4349 1039 4413 lucie
1059 4347 1149 4430 gladii
1170 4346 1325 4428 columbae,
1338 4348 1540 4433 unusquisque
1559 4347 1598 4412 ad
1618 4346 1757 4431 populum
1772 4364 1858 4412 suum

310 4467 508 4538 convertetur,
522 4468 553 4526 ct
567 4461 675 4543 singuli
691 4464 729 4528 ad
745 4473 849 4530 moram
866 4468 905 4549 [p.
921 4466 990 4548 153]
1006 4481 1088 4530 suam
1102 4463 1284 4547 confugient.

343 4591 389 4646 35.
408 4593 445 4648 Is.
455 4609 550 4663 xxxta,
563 4593 606 4649 13.
617 4626 652 4638 -
662 4609 773 4654 manem
782 4616 836 4655 om.
848 4602 882 4655 A.
893 4602 944 4655 lob
956 4615 1052 4670 max,
1107 4617 1221 4670 sperum
1231 4601 1314 4655 habet
1322 4599 1356 4654 A.
1368 4599 1435 4664 Quis
1449 4598 1598 4669 extuderit,
1609 4599 1670 4654 sine
1683 4597 1864 4654 Mssmieuol

312 4678 354 4734 l3.
374 4709 409 4722 -
426 4679 472 4752 36,
492 4681 537 4736 37.
558 4683 605 4738 Pa.
625 4698 663 4750 cr,
682 4683 710 4741 7.
730 4715 766 4726 —
783 4683 829 4741 38.
847 4687 881 4741 ls.
896 4701 989 4753 mur,
1011 4684 1052 4742 15.
1143 4686 1188 4743 46.
1211 4687 1300 4743 Lavit.
1320 4702 1358 4757 11,
1380 4686 1421 4744 18.

342 4767 388 4824 39.
410 4769 488 4825 cant.
508 4784 536 4839 v,
559 4769 601 4825 ll.
620 4801 653 4814 -
673 4771 717 4830 40.
737 4775 789 4830 tob
808 4789 923 4844 xxxam,
943 4773 988 4829 41.
1144 4777 1189 4832 47.
1209 4777 1248 4833 lb.
1272 4775 1314 4834 17.
1335 4779 1417 4834 Buoo
1436 4779 1471 4847 A,
1490 4778 1520 4848 C,
1534 4777 1657 4850 utpeulo
1671 4782 1734 4832 suta
1748 4781 1862 4851 tagas-

345 4858 389 4914 41.
410 4860 458 4916 Ps.
478 4875 571 4928 exult,
591 4861 619 4916 9.
1109 4876 1158 4935 tes,
1178 4883 1213 4921 ex
1231 4884 1279 4922 ore
1298 4868 1412 4921 nimium
1432 4868 1601 4937 germanico.
1621 4897 1657 4912 -
1671 4879 1801 4938 peccator
1821 4871 1863 4924 A.

346 4946 391 5001 42.
412 4949 534 5020 sophon.
553 4966 587 5018 11,
609 4950 651 5008 14.
670 4984 705 4996 -
725 4955 893 5026 Differentiae
915 4956 949 5022 A,
970 4957 1000 5022 C,
1020 4971 1054 5008 au
1145 4955 1190 5012 48.
1209 4956 1246 5010 Is.
1265 4970 1298 5024 11,
1315 4954 1361 5010 20.
1380 4984 1416 4997 -
1434 4955 1480 5014 49.
1501 4956 1590 5010 Lavit.
1613 4954 1656 5010 17.

310 5055 360 5108 pro
367 5038 631 5110 differentis,rslob
642 5041 839 5112 graecari-43.
853 5045 1001 5111 Promxxx,
1012 5043 1055 5098 17.
1146 5041 1190 5099 50.
1211 5045 1293 5100 Pror.
1313 5059 1378 5113 xxx,
1398 5043 1449 5112 3¹3
1467 5046 1519 5099 Job
1537 5060 1655 5115 xxxam,
1675 5045 1719 5102 36.

348 5120 392 5176 44.
412 5122 511 5180 dorem.
530 5139 597 5188 xvtt,
620 5123 662 5194 11,
681 5127 785 5197 optime
803 5143 866 5182 cum
884 5141 948 5184 uxx.
1100 5147 1102 5152 ·
1146 5129 1192 5187 51.
1213 5133 1249 5187 ls.
1269 5145 1337 5198 xxrt,
1361 5130 1402 5186 17.
1421 5163 1458 5176 -
1475 5131 1520 5190 52.
1540 5135 1643 5191 Marcu.
1663 5153 1744 5206 xxttl,
1763 5135 1810 5190 37.

349 5203 393 5258 45.
414 5205 492 5262 Lavit
518 5225 557 5275 xl,
575 5208 615 5266 16.
630 5241 664 5253 -
677 5217 738 5266 ocis
750 5227 846 5281 vesper
859 5213 951 5268 habet.
967 5213 996 5266 C.
1010 5232 1057 5270 oe·
1146 5218 1192 5276 53.
1212 5221 1314 5276 larem.
1335 5235 1409 5290 xntt,
1433 5221 1474 5278 16.
