3978 6086
295 517 353 586 iat
857 521 1025 590 SANCTUS
1044 519 1280 588 ntreotxtos

298 685 406 740 manet.
426 669 661 758 Exspectandum
672 673 764 756 igitur
775 674 870 740 satius
882 674 1015 752 videtur,
1030 675 1122 740 donec
1137 674 1276 756 integrior
1290 671 1446 739 cimmeriis
1459 693 1496 738 ex
1510 674 1640 740 tenebris
1654 683 1774 741 eruatur
1786 669 1838 741 1114

297 785 589 875 συντελεστουργία,
613 799 680 864 quae
700 781 819 864 quidem
841 782 915 847 inter
935 782 990 846 hos
1010 782 1111 846 mundi
1132 783 1295 846 fatiscentis
1316 783 1458 847 tumultus
1478 782 1557 847 haud
1582 784 1623 847 ita
1643 783 1840 867 inopportuna

296 899 384 954 esset.
407 889 450 955 Ne
471 899 568 956 tamen
588 891 687 954 omnia
709 889 808 956 lectori
831 890 990 972 invideam,
1013 891 1143 975 amplum
1163 891 1279 957 initium
1298 892 1424 972 retineo,
1446 901 1477 957 et
1497 890 1614 973 insigne
1627 890 1741 974 excipio
1757 891 1839 956 testi-

296 997 427 1061 monium
447 997 485 1062 de
505 1000 633 1081 primatu
654 998 684 1062 S.
708 997 800 1077 Petri,
822 1017 918 1083 neque
938 998 1069 1064 omittam
1090 999 1212 1064 selectas
1233 1000 1348 1065 Armeni
1364 999 1529 1083 interpretis
1543 999 1713 1080 varietates,
1729 999 1838 1083 quibus

295 1103 467 1190 plerumque
486 1106 698 1171 confirmantur
716 1105 821 1190 optimi
843 1107 958 1170 codices
979 1107 1087 1190 greci,
1111 1107 1287 1172 Bodleianus
1307 1106 1418 1171 scilicet
1437 1115 1469 1170 et
1488 1106 1643 1185 Vaticani;
1659 1106 1730 1190 quin
1751 1107 1841 1171 immo

299 1211 387 1277 facile
407 1223 583 1278 amoventur
603 1213 756 1294 molestiae,
779 1213 887 1296 quihus
907 1213 1030 1296 vulgata
1050 1213 1193 1279 hactenus
1213 1214 1356 1297 scriptura
1377 1212 1464 1296 hujus
1485 1212 1553 1278 libri
1574 1222 1711 1279 vexatur.

336 1320 380 1386 lin
402 1339 481 1386 nova
501 1330 532 1388 44
551 1321 648 1404 opima
668 1320 820 1404 Hippolyti
841 1321 945 1405 spolia,
961 1321 1000 1386 414
1014 1323 1148 1388 Armenia
1162 1323 1200 1388 ad
1215 1341 1268 1387 nos
1281 1340 1375 1404 usque
1395 1321 1487 1387 441444
1509 1320 1637 1402 tandem,
1661 1319 1767 1404 quibus
1778 1321 1841 1404 jam

296 1429 395 1496 monui
416 1429 583 1495 addendum
604 1448 668 1494 esse
689 1429 894 1511 fragmentum,
917 1429 994 1494 inter
1013 1430 1111 1509 Papiae
1131 1429 1280 1513 reliquias,
1302 1428 1444 1512 superiori
1465 1448 1496 1511 p.
1519 1429 1578 1493 tot
1600 1428 1752 1494 insertum.

336 1539 427 1605 111444
441 1538 522 1622 apud
538 1538 628 1622 Syrus
642 1547 701 1602 tam
715 1555 808 1621 pauca
822 1539 996 1621 apparuisse
1009 1537 1151 1603 haetenus
1165 1536 1316 1619 exegetica
1329 1544 1382 1599 aut
1395 1535 1559 1618 theologica
1570 1535 1722 1618 Hippolyti
1732 1551 1840 1618 opere:

297 1647 351 1713 sed
371 1647 509 1711 44444144
530 1647 555 1710 41
577 1645 730 1730 respicias,
752 1663 811 1711 non
831 1653 946 1709 tontum
968 1644 1151 1727 spicilegium
1172 1643 1238 1723 41141,
1261 1643 1312 1707 sed
1334 1643 1438 1706 messis
1451 1651 1481 1706 et
1493 1642 1579 1725 sylva
1595 1641 1755 1721 frutieabit,
1771 1657 1843 1724 quae

297 1752 530 1836 frequentabitur
544 1751 622 1835 apud
638 1752 739 1836 Syros,
762 1752 881 1835 Coptos,
897 1753 1009 1816 4441444
1023 1760 1054 1816 44
1066 1750 1229 1836 AEthiopes.
1251 1751 1401 1816 Innumeri
1415 1750 1493 1815 enim
1507 1748 1694 1815 sunthorum
1708 1748 1839 1814 omnium

298 1859 430 1925 canonici
451 1859 577 1940 codices,
598 1859 708 1942 quibus
726 1858 881 1941 Hippolyti
903 1869 954 1923 aut
975 1857 1107 1924 dbulidis
1127 1876 1235 1924 nomen
1249 1857 1395 1924 inseritur.
1412 1859 1590 1925 Nobiliorem
1605 1859 1729 1924 fortasse
1744 1858 1840 1922 locum

297 1975 442 2050 occupant
458 1967 589 2032 0444444
605 1967 639 2031 S.
657 1965 818 2050 Hippolyti,
842 1983 916 2048 quos
937 1965 1052 2032 arabice
1066 1985 1083 2030 e
1096 1965 1196 2030 codice
1210 1965 1276 2032 1144.
1299 1965 1337 2029 cl.
1352 1973 1382 2030 et
1394 1964 1497 2028 doetus
1510 1964 1558 2030 vir
1571 1964 1738 2029 Bonilaoius
1761 1964 1843 2028 Han-

296 2072 417 2155 neberg,
432 2092 526 2157 nuper
538 2072 661 2138 antistes
683 2071 841 2156 Spirensis,
859 2073 970 2153 edidit;
987 2075 1008 2155 1)
1030 2074 1219 2158 graviterque
1233 2081 1262 2137 et
1281 2072 1431 2154 eleganter
1451 2070 1625 2153 disputavit,
1649 2070 1767 2135 omnino
1789 2089 1841 2136 444

295 2197 360 2246 esse
380 2179 430 2246 vel
451 2180 489 2244 ab
510 2181 575 2264 ipso
594 2179 765 2262 Hippolyto,
788 2180 835 2244 vel
857 2179 895 2244 ab
915 2191 1034 2247 auctore
1053 2182 1135 2246 etati
1151 2179 1302 2264 Hippolyti
1317 2179 1457 2261 proximo,
1474 2187 1552 2244 oerto
1567 2188 1636 2244 ante
1651 2177 1840 2243 Constantini
1873 2231 1879 2238 .

296 2305 405 2368 aevum,
427 2290 622 2370 compositos3
639 2285 746 2369 quibus
759 2286 835 2351 adde
850 2286 1040 2353 didascalieum
1059 2287 1246 2372 aethiopicam
1259 2297 1290 2352 44
1309 2288 1452 2370 coptioam
1466 2289 1611 2352 aTattam
1632 2296 1663 2352 et
1673 2286 1733 2353 Pell
1748 2287 1840 2368 Platt,

295 2409 423 2475 graecam
442 2403 473 2458 et
493 2393 637 2473 syriacam
664 2409 681 2456 4
710 2393 854 2475 Lagardio
873 2395 993 2460 editam.
1020 2398 1153 2478 Quorum
1176 2399 1304 2460 omnium
1325 2395 1390 2478 ipse
1409 2413 1465 2477 ego
1487 2395 1594 2460 fontem
1621 2395 1652 2458 iu
1674 2394 1771 2459 medio
1792 2413 1844 2476 po·

295 2500 391 2567 suisee
411 2499 528 2579 videor,
548 2521 637 2585 quum
656 2511 770 2566 veteres
789 2519 857 2584 quae
877 2502 1133 2584 circumferuntur,
1155 2503 1350 2587 apostolorum
1370 2501 1545 2567 didasmlias
1565 2511 1596 2569 et
1616 2501 1843 2567 constitutiones

297 2607 494 2674 monumentis
514 2607 593 2672 duris
613 2607 803 2672 ecclesiastici
825 2607 994 2674 Graecorum
1016 2610 1174 2693 preposui.

334 2714 409 2780 11444
428 2723 539 2796 eutem,
561 2717 632 2780 dum
652 2724 768 2781 veteres
783 2715 897 2781 itineris
911 2717 968 2781 mei
990 2717 1137 2799 anglicani
1152 2715 1313 2780 sarcinulas
1333 2715 1460 2796 excutio,
1476 2717 1568 2782 semel
1585 2725 1617 2782 et
1637 2718 1741 2782 iterum
1762 2735 1838 2781 oon-

296 2823 777 2902 44444444.1811144181111,4444
800 2825 887 2889 simul
908 2826 946 2889 ad
966 2843 1014 2889 me
1034 2824 1162 2890 defertur
1182 2824 1304 2907 epistola
1324 2823 1383 2888 viri
1400 2842 1498 2889 rerum
1517 2824 1704 2890 orientalium
1719 2826 1844 2909 peritis·

295 2930 373 3012 simi,
395 2930 517 2996 414141).
537 2930 570 2995 P.
587 2931 712 2998 Martio:
730 2931 837 3014 quihus
850 2933 928 2998 inter
941 2951 973 2996 se
987 2933 1112 3012 collatis,
1128 2934 1234 2999 certior
1251 2934 1300 3016 fio,
1318 2954 1377 3002 non
1392 2938 1486 3002 solum
1499 2938 1624 3021 plurima
1644 2939 1742 3003 adduc
1762 2957 1843 3005 nova

295 3047 413 3105 exstare
434 3038 466 3104 in
486 3038 664 3104 Britannicis
685 3040 824 3126 Syrorum
844 3039 929 3104 codd.
953 3040 1005 3104 sed
1026 3040 1173 3123 speranda
1187 3038 1262 3105 milri
1276 3060 1340 3108 esse
1357 3062 1549 3127 quaecumque
1568 3045 1710 3110 anecdota
1731 3064 1840 3129 super-

294 3153 375 3225 sunt,
396 3155 429 3212 ut
449 3145 570 3229 hujusce
590 3147 660 3212 44441
683 3149 720 3212 ad
742 3135 851 3214 calcem
872 3147 952 3213 haud
973 3147 1170 3232 inopportune
1191 3149 1379 3230 adjiciantur.
1395 3151 1456 3216 Neo
1475 3169 1581 3232 moror,
1601 3153 1673 3235 quin
1695 3150 1742 3216 1414
1762 3170 1844 3234 prae-

294 3253 410 3321 mittam
431 3255 593 3322 indiculum
615 3275 711 3322 rerum
732 3273 798 3339 quae
818 3254 897 3321 haud
920 3255 1037 3336 frustra,
1059 3254 1084 3320 si
1104 3255 1184 3321 Deus
1206 3255 1324 3338 faverit,
1347 3255 1494 3340 polliceor.

296 3465 326 3518 in
348 3465 463 3519 Cantica
480 3469 583 3518 cantio.
604 3465 666 3533 Syr.
686 3463 765 3518 codd.
790 3461 886 3531 12144,
911 3462 1006 3519 lateo.
1099 3467 1140 3520 114
1164 3467 1354 3536 Theophanis,
1378 3463 1474 3520 12165.

298 3554 326 3605 ln
347 3553 505 3620 Danielm,
528 3551 624 3619 12144,
647 3549 744 3608 12154.
985 3599 989 3606 .
1098 3554 1139 3606 De
1157 3555 1383 3622 Resurrectione,
1400 3552 1496 3622 14532,
1518 3553 1841 3624 14538,17191,17214.

1040 3878 1102 3975 ΙΙ.

338 4115 433 4182 Prono
455 4114 523 4181 inde
541 4132 628 4180 amne
647 4115 685 4179 ad
706 4115 901 4199 Hippolytum
922 4134 1050 4199 gracum
1074 4133 1169 4180 sermo
1190 4114 1266 4180 fluit.
1289 4113 1393 4179 Graeoe
1412 4123 1557 4197 quotquot
1576 4115 1709 4194 invenit,
1731 4115 1842 4198 primus

298 4222 421 4307 collegit
440 4222 609 4303 Fabricius,
632 4232 699 4306 post
717 4241 784 4289 eum
805 4222 997 4304 Gallaudiua,
1019 4223 1127 4307 quibus
1147 4230 1194 4288 444
1214 4239 1308 4305 pauca
1328 4222 1413 4287 14444
1433 4222 1511 4302 frugi
1536 4221 1650 4288 addidit
1671 4223 1788 4288 Simeon
1807 4224 1845 4291 de

299 4331 462 4414 Magistris,
484 4349 623 4414 oppressa
645 4332 703 4396 fere
717 4341 748 4396 et
760 4331 876 4415 sepulta
892 4330 1090 4396 inambitiosa
1104 4331 1337 4412 conjecturarum
1349 4347 1466 4395 acervo.
1483 4329 1578 4409 Quem
1592 4329 1680 4412 longe
1693 4331 1846 4416 superavit

299 4439 432 4522 Angelus
452 4439 566 4504 Maius:
589 4438 646 4521 ipsi
669 4439 747 4503 enim
768 4439 892 4503 (14144444
912 4437 1053 4504 sincerior
1075 4437 1105 4501 in
1125 4436 1278 4502 Danielem
1294 4437 1447 4520 expositio,
1470 4448 1531 4502 tum
1552 4457 1621 4521 para
1635 4456 1745 4519 magna
1765 4457 1843 4504 com-

300 4546 435 4612 mentarii
457 4545 488 4610 in
508 4545 680 4627 Proverbia,
696 4562 732 4610 ac
745 4545 862 4612 demum
883 4543 962 4610 haud
979 4543 1136 4611 temnenda
1153 4544 1183 4607 in
1197 4545 1304 4609 Lucam
1317 4523 1427 4611 sch'olia
1441 4565 1477 4611 ex
1492 4545 1721 4629 locupletissima
1736 4546 1846 4612 Niceten

300 4655 450 4719 Serrarum
472 4661 589 4734 catena,
611 4669 674 4736 prae
694 4653 807 4720 caeteris
827 4662 858 4718 ct
878 4653 992 4720 delectu
1013 4664 1130 4737 patrum
1149 4662 1180 4719 et
1200 4653 1368 4719 sinceritate
1385 4653 1617 4721 testimoniorum
1631 4653 1844 4721 commendata.

340 4762 472 4827 Arduum
492 4759 584 4843 igitur
604 4770 668 4827 erat
688 4779 724 4826 ex
746 4761 850 4827 iisdem
871 4760 955 4827 codd.
978 4761 1149 4840 Vaticanis,
1171 4763 1256 4826 toties
1276 4760 1446 4842 ventilatis,
1468 4780 1547 4828 nova
1568 4762 1674 4828 iterum
1695 4760 1843 4826 decutere.

303 4869 389 4936 iliam
411 4879 509 4936 tamen
529 4869 692 4954 exploravi,
709 4887 744 4933 44
757 4869 894 4953 primum,
910 4870 947 4936 ab
959 4869 1079 4936 exordio
1093 4887 1190 4934 rerum
1204 4867 1384 4952 auspicatus,
1401 4869 1439 4934 ad
1454 4869 1594 4936 Genesim
1607 4867 1730 4939 4444441.
1745 4867 1849 4952 Neque

301 4977 431 5042 abstinui
456 4997 502 5045 me
522 4979 616 5045 414114
636 4978 831 5059 resumendis,
853 4997 921 5062 444
943 4977 972 5042 14
993 4977 1147 5063 Nicephori
1170 4987 1275 5043 eatena
1295 4973 1455 5058 Lipsiensi,
1470 4975 1651 5057 4444444114,
1668 4983 1721 5042 aut
1739 4974 1848 5058 anepi-

302 5082 414 5168 grapha
436 5085 531 5152 minus
552 5087 629 5153 bone
641 5087 835 5171 prodierant:
855 5103 923 5170 quae
944 5104 1021 5151 nunc
1041 5103 1078 5151 ex
1091 5084 1176 5150 oodd.
1194 5083 1343 5152 Vaticanis
1358 5091 1460 5164 aucta,
1475 5084 1630 5151 emendata
1650 5100 1686 5148 ao
1706 5082 1846 5149 restituta

340 5283 364 5358 ¹)
375 5287 503 5344 0444444444
516 5292 544 5345 S.
560 5291 736 5361 Hippolyti...
749 5289 791 5344 ed.
805 5288 838 5341 B.
851 5287 884 5342 de
898 5288 1054 5358 Haneberg,
1067 5286 1208 5342 ilionachii
1224 5284 1302 5352 1870,
1314 5287 1360 5340 ubi
1373 5287 1519 5357 sequentia
1532 5285 1593 5341 fuse
1607 5286 1734 5357 exposita
1747 5285 1842 5338 1441444.
