3998 6080
792 545 1034 614 APPENlllCES
1633 553 1688 616 ll'l

232 703 282 764 97.
299 698 503 783 lmpaesibilis.
1017 702 1055 766 Ut
1075 702 1115 766 sit
1128 721 1241 768 mecum
1255 703 1406 780 bunione,
1428 701 1458 766 in
1481 701 1617 766 omnibus
1637 703 1688 767 nd·

232 809 284 872 98.
302 808 415 891 (Solum
431 818 691 892 tetragrammaton
705 809 882 891 unccphoni·
974 810 1121 891 jutoribus
1135 810 1208 876 mele
1227 809 1372 897 propitius
1393 811 1435 874 sis
1457 809 1527 873 milii
1550 811 1688 876 famulum

170 927 232 982 turn
254 915 372 1000 signum
392 935 501 982 voce...
519 918 540 997 ¹)
978 926 1060 981 tuum
1081 916 1238 996 Joenucin,
1261 917 1291 982 in
1312 917 1448 982 omnibus
1468 917 1583 983 cotibus
1604 919 1686 984 meis.

231 1024 283 1088 99.
298 1025 431 1090 Verrcht.
976 1024 1113 1107 Alleluia.
1134 1027 1238 1090 Arnen.
1261 1026 1302 1109 ᾖ

208 1134 281 1198 100.
297 1133 406 1200 Tibois.
424 1137 445 1215 ⁵)
772 1137 776 1146 ’

584 1239 595 1270 l

164 1350 191 1420 ⁴)
207 1350 238 1402 in
251 1364 352 1420 apogr.
368 1350 590 1421 Ginnumrorel
603 1350 641 1406 cs.
656 1349 881 1422 Evagriannsln-
974 1347 1026 1413 Qui
1047 1348 1115 1401 intua
1137 1351 1248 1400 eenctca
1274 1347 1458 1412 invocaverit,
1480 1351 1529 1401 aut
1551 1348 1618 1401 latae
1638 1347 1688 1400 lit-

129 1453 176 1490 cua
193 1454 285 1508 cupre
302 1457 331 1509 p.
356 1437 412 1495 142.
431 1471 465 1481 -
485 1443 509 1504 ⁵)
529 1441 593 1494 lnde
611 1441 740 1507 barbara,
762 1439 881 1493 fortusse
937 1447 1012 1491 terea
1030 1454 1116 1508 nuper
1141 1453 1171 1490 ee
1197 1437 1366 1507 portaverit,
1387 1438 1415 1490 in
1441 1439 1552 1492 nomine
1578 1439 1687 1491 Domini

128 1524 882 1602 cabalisticaaequuntur.Turnduplcxquoddamphy·
937 1526 1029 1581 selvua
1046 1529 1277 1583 eril.-Precor
1290 1546 1337 1581 voe
1350 1545 1445 1582 ornnes
1458 1527 1563 1596 augeli,
1578 1532 1610 1582 ut
1621 1545 1686 1582 ore-
1761 1593 1767 1604 Ι

129 1611 289 1683 lactentum,
306 1615 432 1670 nonnihil
452 1617 688 1687 superstitiosum,
707 1616 834 1670 subditur
852 1617 881 1668 in
937 1619 974 1671 tie
999 1635 1049 1690 pro
1075 1635 1119 1672 me
1143 1623 1307 1689 peccatore,
1329 1616 1462 1672 famulum
1487 1617 1553 1683 llai,
1577 1618 1687 1671 nornine

128 1699 200 1754 hunc
223 1703 336 1757 modum
356 1703 418 1775 plue
438 1705 529 1758 minue
548 1706 736 1777 incomptum:
935 1708 1068 1762 loannem
1090 1704 1201 1778 (Supra
1220 1705 1327 1761 lineam
1340 1705 1383 1759 vel
1404 1706 1564 1778 Gererdua).
1580 1734 1615 1746 -
1631 1707 1688 1760 Nec
1798 1759 1801 1770 ,

163 1789 193 1844 ln
214 1793 329 1845 nomine
349 1793 442 1847 Patris
461 1796 489 1847 et
508 1793 574 1847 Filii
594 1798 623 1847 et
641 1795 764 1865 Spiritus
778 1793 879 1848 sancti.
937 1792 1085 1863 Diabolue,
1105 1810 1156 1849 nec
1176 1792 1266 1852 melna
1286 1793 1384 1854 homo,
1403 1810 1454 1848 nec
1474 1793 1548 1848 male
1567 1792 1686 1860 semina,

127 1909 161 1922 —
179 1879 211 1932 ln
231 1881 344 1933 nomine
365 1883 477 1935 Domini
497 1883 584 1937 noetri
604 1883 670 1937 Jeeu
691 1883 805 1950 Christi,
823 1883 880 1936 Na·
937 1898 986 1936 nec
1001 1880 1079 1936 nulla
1093 1882 1233 1936 fantasma
1247 1886 1374 1950 (sicllnec
1394 1897 1505 1952 nocere,
1519 1899 1609 1953 neque
1622 1899 1689 1936 con-

127 1968 239 2034 aaroni,
260 1969 353 2024 Breve
370 1971 483 2026 salutis.
502 1997 537 2010 -
556 1971 671 2026 Domine
690 1973 764 2027 Deus
787 1975 880 2026 omni·
935 1971 1066 2026 ‹lemnare
1085 1973 1175 2043 poscit
1193 1973 1224 2024 in'
1242 1969 1319 2025 nullo
1338 1970 1415 2026 loco:
1437 1989 1490 2028 non
1510 1973 1539 2024 in
1551 1973 1690 2058 convivio,

127 2061 244 2127 potens,
260 2060 400 2130 propitius
419 2065 478 2114 esto
491 2061 559 2114 mihi
571 2063 724 2133 peccatori,
745 2059 880 2115 famulum
936 2077 990 2115 non
1010 2061 1038 2113 ln
1057 2060 1142 2128 malo,
1160 2078 1216 2116 non
1236 2062 1264 2113 in
1284 2058 1387 2131 platee,
1402 2078 1456 2115 non
1475 2061 1504 2114 in
1524 2061 1579 2128 via,
1592 2079 1646 2118 non
1660 2065 1688 2116 in

18 2203 19 2206 ,
128 2149 223 2201 tuum.
243 2176 279 2188 -
298 2149 621 2218 DeueAbraham,Dcua
639 2150 813 2218 leeac,Deus
831 2151 880 2202 Ja-
936 2147 1047 2221 preelin,
1068 2150 1170 2203 nonin
1191 2148 1282 2222 sylva,
1302 2165 1357 2203 non
1377 2152 1405 2202 in
1426 2150 1530 2218 ignem,
1550 2157 1688 2204 nonanto

126 2237 189 2303 cub,
203 2238 280 2291 lteua
299 2237 406 2312 Moysi,
420 2239 493 2292 Deua
506 2241 608 2305 Aaron,
622 2239 694 2292 Deus
707 2239 793 2305 Enoc,
808 2239 880 2293 Deus
935 2239 1084 2306 seniorem,
1106 2255 1156 2292 uec
1176 2237 1249 2309 legia
1265 2236 1449 2308 judicatores,
1466 2255 1521 2294 non
1540 2240 1569 2291 iu
1589 2238 1689 2310 praelio

127 2325 204 2393 Heli,
221 2325 295 2380 Daue
313 2327 382 2394 Noe,
397 2329 469 2381 lleue
482 2325 577 2395 quue,
591 2331 678 2398 etqui
692 2343 798 2380 mecum
814 2332 881 2380 aunt
936 2329 1159 2382 Chriatieuorum
1177 2346 1265 2399 neque
1287 2329 1472 2397 paganorum.
1487 2329 1547 2382 Non
1561 2333 1624 2382 ente
1643 2327 1688 2383 lu·

126 2413 250 2486 angelus
270 2413 402 2481 Michacl,
415 2415 532 2486 angelus
551 2415 674 2484 Gabriel,
687 2414 805 2487 angelus
824 2417 880 2472 Ra·
935 2417 1066 2482 xurioeie,
1086 2435 1140 2472 non
1161 2419 1188 2472 in
1209 2434 1294 2488 agro,
1316 2433 1369 2470 non
1389 2419 1417 2468 in
1438 2416 1564 2485 flumine,
1585 2433 1639 2471 non
1659 2420 1687 2471 in

127 2503 224 2576 phuni,
245 2503 365 2576 angelus
383 2504 473 2560 Uriel.
935 2523 1024 2560 nasae.
1046 2507 1100 2562 Hic
1119 2508 1225 2563 desinit
1244 2509 1347 2579 sottum
1365 2505 1383 2559 5
1401 2507 1463 2561 cod.
1485 2507 1663 2577 Montispess.

851 3001 960 3096 VH.

428 3231 721 3340 OLAVIS
768 3233 1389 3340 MuuerNIANAu

226 3481 963 3563 1nuuxnnruneurrcus
1007 3483 1083 3561 ur
1125 3482 1591 3562 nnuuuonrous.

773 3703 1038 3714 ..----

259 3903 452 3986 Sinnificctur
471 3903 582 3985 pucina
594 3903 694 3980 primo
714 3921 841 3980 numne,
864 3904 982 3966 caeteris
1002 3922 1067 3968 oerc
1088 3902 1212 3966 numeris
1232 3900 1376 3983 tumulae
1395 3900 1566 3984 ulleyou'ccw

538 4001 569 4064 ir
589 4001 654 4066 ean.
677 4019 746 4084 paq.
770 4001 811 4066 ne
828 4001 942 4084 cinnatu
962 4002 1079 4065 nominc
1097 3999 1275 4082 resernedue.

165 4195 263 4261 Abies,
281 4191 327 4261 44,
345 4191 391 4246 20.
970 4193 1036 4262 Aer,
1060 4189 1101 4260 15,
1120 4188 1165 4244 46.

165 4283 341 4350 Ablactatua,
360 4279 407 4350 48,
427 4278 472 4352 32,
491 4279 536 4337 33.
970 4283 1089 4351 AErugo,
1106 4277 1153 4345 78,
1172 4275 1218 4331 27.

166 4376 343 4438 nostraene,
361 4369 409 4437 74,
428 4370 474 4425 44.
970 4374 1033 4440 AEr,
1051 4370 1097 4439 79,
1116 4367 1153 4423 32
1171 4369 1205 4422 ad
1223 4365 1267 4439 36,
1286 4365 1332 4420 40.

166 4463 302 4534 Abyaene‚
323 4456 383 4528 106,
406 4456 437 4512 18
455 4459 489 4512 ad
507 4457 552 4513 23.
973 4463 1076 4530 ΛΕιιεε,
1093 4457 1138 4526 21,
1156 4455 1201 4526 62,
1219 4455 1266 4511 63.

167 4551 321 4622 Accipiter,
339 4549 387 4620 87,
406 4547 452 4617 30,
471 4547 516 4605 31.
971 4547 1097 4614 Africus,
1123 4547 1162 4609 14,
1180 4546 1225 4602 62.

166 4642 302 4707 Accaus,
322 4635 366 4708 32,
384 4637 431 4708 62,
450 4637 495 4694 63.
515 4637 675 4708 -·313‚92.
970 4642 1057 4709 Ager,
1077 4637 1122 4704 32,
1140 4636 1186 4702 68,
1206 4636 1240 4688 ad
1257 4633 1305 4691 71.

166 4733 296 4799 Acetum,
314 4728 361 4796 37,
381 4729 426 4786 30.
973 4730 1077 4798 Agger,
1096 4725 1141 4794 82,
1161 4725 1204 4782 47.

167 4821 271 4892 Adepa,
289 4819 334 4890 71,
354 4819 397 4877 39.
416 4851 450 4864 -
470 4821 514 4878 99.
534 4819 565 4873 31
588 4821 621 4874 ed
641 4821 683 4878 37.
972 4823 1078 4889 Agnus,
1096 4814 1142 4884 71,
1162 4817 1207 4871 44.
1229 4847 1261 4858 -
1279 4815 1326 4882 95,
1346 4813 1381 4866 88
1400 4813 1433 4866 ed
1452 4810 1498 4866 92.

166 4909 376 4978 Adolescens,
395 4910 441 4972 49,
460 4909 505 4974 38,
523 4909 568 4964 39.
971 4902 1115 4977 Agricola,
1134 4903 1180 4973 32,
1198 4903 1247 4968 76,
1265 4903 1311 4957 77.

166 5000 403 5068 Adolescentulce,
422 4999 468 5067 60,
486 4999 515 5057 6.
971 4995 1035 5063 Ala,
1052 4993 1081 5062 7,
1103 4993 1145 5048 14.
1165 5021 1200 5036 ·-
1218 4992 1265 5060 86,
1289 4989 1315 5044 11
1339 4991 1372 5044 ad
1396 4990 1436 5047 14.

166 5088 297 5157 Adulter,
317 5087 362 5159 49,
381 5087 428 5144 52.
448 5118 483 5131 -
501 5089 545 5156 63,
563 5089 609 5143 72.
971 5085 1074 5150 Alieni,
1093 5083 1139 5150 60,
1158 5083 1202 5136 21.

84 5204 90 5216 ·
167 5178 363 5241 Adversarius,
382 5177 426 5245 60,
449 5175 491 5242 18,
514 5176 554 5232 19.
972 5175 1076 5245 Altero,
1093 5172 1139 5240 70,
1159 5173 1194 5226 28
1213 5173 1247 5227 nd
1266 5169 1313 5224 34.

167 5267 331 5336 sudlucere,
349 5267 393 5338 68,
409 5266 455 5336 71,
472 5267 519 5324 72.
971 5263 1132 5336 Ambulare,
1151 5260 1314 5332 ambulatio,
1337 5260 1380 5332 10,
1400 5261 1445 5322 42.
1465 5291 1500 5302 -
1517 5258 1564 5334 53,
1582 5257 1627 5317 52.
