4064 6108
681 536 1019 611 chrodouusruus
1039 541 1131 608 SAEC.
1155 535 1197 608 iii
1656 535 1715 608 h'ih

206 711 330 786 Χοῦς...
348 699 437 784 οὗτος
460 705 476 770 ὁ
493 697 602 794 Αἰθίοψ
618 703 763 798 ἐγέννησε
779 703 834 768 τὸν
850 707 909 767 Ne·
964 701 1056 774 λησιν
1073 697 1251 789 τιμωμένην
1268 697 1358 786 πόλιν
1375 692 1435 770 τὴν
1447 691 1643 784 καλουμένην
1660 692 1715 762 Ἀ·

160 810 246 909 Ερδδ,
270 817 324 883 τδν
348 817 486 908 γίγαντα
509 814 562 878 καί
585 812 730 904 κυνηγὸν.
754 809 857 874 Anasi.
956 807 1067 884 ,θήνας
1084 807 1132 873 ἔτι
1155 798 1189 873 δὲ
1212 806 1266 870 καί
1284 804 1341 881 τὰς
1358 805 1478 890 Θήβας,
1496 806 1546 870 ὅτι
1563 796 1710 870 Σιδονίων

203 925 242 989 B'.
258 925 324 991 Υίοὶ
336 923 450 1013 Ἰάρετ
462 922 576 1013 Γάμερ,
590 915 623 999 ἐξ
639 915 673 986 οὗ
688 909 907 993 Καππάδοκες.
963 916 1038 980 εἰσίν
1055 913 1179 980 ἄποικοι
1194 918 1265 979 κτλ.
1284 911 1415 975 tironio.
1430 909 1532 973 Porci.
1546 917 1577 974 et
1589 907 1711 992 Spiret.

158 1032 289 1124 Μαγὼγ,
313 1025 346 1110 ἐξ
369 1025 405 1096 οὗ
428 1031 543 1095 Κέλτοι
566 1035 595 1094 oi
609 1028 663 1093 καί
678 1027 829 1092 Γαλάται.
845 1032 910 1089 Μα-
1008 1029 1041 1086 Δ.
1058 1023 1143 1087 Εἰσὶν
1165 1021 1208 1088 τὰ
1223 1032 1279 1087 τοῦ
1297 1020 1402 1112 Ἰάρετ
1417 1019 1488 1093 ἔθνη
1508 1021 1569 1085 ἀπὸ
1592 1011 1713 1095 Μηδίας

160 1130 224 1216 δαί,
249 1132 282 1216 ἐξ
305 1133 341 1203 οἷν
365 1129 474 1212 Μῆδοι.
499 1135 623 1225 Ἰωυάμ,
648 1129 680 1214 ἐξ
704 1128 738 1199 oi
758 1133 909 1207 Ἕλληνες
963 1127 1017 1203 ἕως
1039 1138 1096 1193 τοῦ
1118 1130 1259 1217 ἑσπερίου
1286 1127 1529 1216 κατεσπαρμένα
1551 1121 1710 1203 Ὠκεανοῦ,

159 1251 188 1311 οἱ
210 1245 264 1310 καί
280 1245 390 1321 Ἴωνες.
414 1236 535 1322 Θωῧέλ,
553 1236 585 1320 ἐξ
602 1236 636 1306 οὗ
659 1240 825 1331 Θερταλοί·
849 1244 910 1302 Μο·
965 1233 1123 1319 βλέποντα
1146 1233 1189 1298 τὰ
1211 1234 1285 1324 πρὸς
1309 1236 1432 1323 Βορρᾶν.
1458 1231 1527 1294 cir.
1553 1229 1657 1294 Porci.

160 1353 229 1442 σδχ,
250 1345 283 1429 ἐξ
300 1346 335 1416 οὗ
360 1349 509 1441 Ἱλλὺριοι.
534 1347 650 1440 Θηρὰς,
674 1341 758 1426 &ioh
781 1352 909 1437 Θρᾷκες.
1008 1340 1112 1432 Ἰάρετ
1124 1332 1211 1425 δέτῷ
1224 1342 1321 1432 τρίτῳ
1333 1331 1441 1416 παῖδες
1449 1337 1503 1404 καί
1514 1330 1633 1404 παίδων
1642 1349 1714 1403 παῖ-

205 1461 243 1521 θί
266 1456 326 1521 υίοί
345 1455 457 1547 Γάμερ·
474 1448 642 1543 Ἀσχανάζ,
658 1446 691 1530 ἐξ
710 1446 745 1517 οὗ
762 1451 909 1543 Ῥηγϊνες.
964 1439 1014 1525 δες
1039 1439 1219 1513 δεκαπέντε.
1237 1437 1347 1524 Μῆδοι,
1366 1439 1523 1524 ’Athernei
1548 1445 1712 1538 Γαργανοί,

160 1563 278 1654 Ῥιχὰθ,
296 1559 329 1643 ἐξ
353 1560 387 1630 οὗ
412 1561 623 1653 Σαυρομάται.
646 1559 810 1652 Θοργαμὰ,
827 1552 859 1637 ἐξ
876 1553 910 1624 oh
964 1552 1128 1645 Ἀρμένιοι,
1151 1553 1297 1644 Ἀρραϊοι,
1315 1547 1493 1642 Ἀμαζόνες,
1511 1552 1617 1626 Κολοὶ,
1633 1558 1714 1642 Κορ-

161 1671 323 1762 Ἀρμένιοι.
349 1670 471 1754 synodi.
964 1651 1061 1738 ζηνοί,
1075 1660 1289 1752 Βεννεαγηνοί,
1302 1650 1520 1736 Καππάδοκες,
1537 1658 1715 1751 [Παρλάγο-

205 1784 244 1844 Οἱ
266 1779 326 1844 uici
348 1777 464 1843 Ἰωυάν·
488 1776 624 1854 ’Eureeis
649 1755 681 1853 ἐξ
713 1769 747 1840 οὗ
778 1774 909 1838 Σικελοί,
964 1758 1713 1858 νες],Χάλυῧες,Γαλάται,Μαριανδηνοί,Κολχοὶ,

160 1891 301 1976 Θαρσεῖς,
314 1877 347 1962 ἐξ
363 1878 398 1948 oh
407 1883 538 1973 Ἴβηρες.
555 1884 667 1960 Κίτιοι,
684 1874 717 1958 ἐξ
734 1875 769 1945 οὗ
784 1887 910 1944 Λατῖνοι
965 1875 1175 1966 Σαυρομάται,
1199 1876 1360 1967 Γερμανοί,
1381 1866 1566 1962 Μακεδόνες,
1582 1872 1714 1964 Φρίιγες,

161 1997 190 2056 oi
213 1992 267 2056 καί
288 1991 442 2080 Ῥωμαῖοι.
467 1979 593 2066 Ῥόδιος,
610 1980 642 2065 ἐξ
659 1981 694 2052 οὗ
717 1977 838 2052 Ῥόδιοι.
860 1981 907 2046 id.
963 1985 1102 2062 Μαίονες,
1127 1981 1253 2062 Σκύθαι,
1278 1990 1401 2074 Ταῦροι,
1424 1987 1557 2074 Θρᾷκες,
1573 1987 1715 2072 Βαστρα-

206 2099 259 2164 Ἐκ
282 2098 403 2164 τούτων
427 2094 645 2187 ἀφωρίσθησαν
661 2105 751 2171 νῆσοι
776 2102 839 2159 τῶν
864 2091 911 2157 ih·
963 2092 1019 2170 νοὶ,
1044 2091 1196 2183 ’[λλίιριοι,
1216 2090 1379 2169 Ἕλληνες,
1402 2084 1521 2170 situas,
1543 2089 1713 2167 Παννόνιοι,

162 2217 232 2274 νῶν.
258 2203 383 2289 Syneeli.
966 2199 1106 2290 Σεστροί,
1124 2199 1295 2292 Ὀγγεννοί,
1309 2209 1431 2278 Δαῦνοι,
1442 2198 1593 2291 Ἰάπυγες,
1606 2203 1715 2263 Καλα-

207 2315 249 2381 Γ.
268 2315 375 2380 Ἔστιν
399 2304 432 2378 δέ
447 2313 502 2378 καί
524 2311 566 2378 τὰ
588 2322 647 2387 τῆς
670 2301 821 2387 Ἑλλάδος
837 2307 908 2382 ίθνη
964 2299 1041 2398 ὅροί,
1059 2307 1201 2386 Ἱππικοί,
1214 2316 1340 2374 Λατῖνοι
1352 2313 1381 2373 oi
1392 2308 1446 2373 καί
1458 2307 1615 2396 Ῥωμαῖοι,
1626 2311 1715 2395 Καμ-

160 2423 266 2489 πάντα
289 2415 322 2500 ἐξ
345 2426 448 2487 αὐτῶν
472 2431 535 2486 τῶν
561 2418 794 2508 μετῳκηκότων
817 2417 911 2482 riene-
964 2416 1066 2494 πανοί,
1090 2410 1292 2506 Κελτιῧῆρες,
1318 2415 1524 2493 Ἀκουιτανοί,
1550 2412 1712 2505 Τυρρηνοί,

164 2555 213 2620 ρον
237 2534 383 2597 iustoci...
397 2533 425 2594 oi
447 2525 638 2613 κατῴκησαν
662 2524 722 2600 τλν
746 2522 819 2616 παρ’
838 2522 912 2588 Ἔλ-
965 2526 1092 2603 Γάλλοι,
1116 2524 1242 2604 Κελτοί,
1266 2518 1454 2602 Atheos-saci,
1471 2521 1644 2614 Ἰλλυρικοί,
1660 2521 1715 2586 Βέ-

163 2729 302 2801 phratesn.
318 2727 404 2781 (iham
423 2743 488 2781 sero
502 2724 608 2795 Gehon,
621 2724 670 2797 qui
689 2725 804 2777 vocatus·
816 2719 908 2776 Nilus.
964 2722 994 2778 si
1015 2720 1127 2793 quidem
1146 2721 1302 2775 invenimus
1321 2736 1369 2775 sos
1387 2720 1434 2792 qui
1453 2723 1521 2774 sunt
1544 2717 1579 2772 sd
1597 2717 1714 2772 Bonnam

199 2815 329 2872 Consusae
343 2818 409 2869 sunt
420 2812 526 2885 linques
539 2818 603 2884 post
611 2810 757 2879 diluvium,
771 2810 909 2881 factaeque
966 2828 1001 2866 ex
1020 2813 1091 2883 ipsis
1109 2810 1143 2864 de
1162 2810 1236 2864 trihu
1253 2810 1428 2866 citiensium.

162 2910 228 2960 sunt
247 2903 354 2976 linguae
373 2918 461 2972 mn,
483 2906 617 2972 erantque
638 2905 746 2971 gentes,
765 2915 828 2971 quse
852 2900 912 2953 tur·
1003 2899 1076 2958 Sunt
1093 2903 1184 2954 autem
1203 2914 1238 2953 ex
1257 2897 1328 2970 ipsis
1347 2899 1431 2954 etiarn
1450 2901 1549 2970 gentes
1567 2912 1630 2968 quea
1649 2898 1715 2950 sunt

164 3009 233 3060 reni,
242 2993 406 3065 priusquam
416 2989 616 3058 dividerentur,
626 2988 814 3055 aedificabant,
824 3001 912 3050 unu,
967 2989 995 3043 in
1015 2987 1144 3057 Heliads,
1169 2993 1274 3061 praeter
1301 2987 1415 3060 eosqui
1434 2985 1609 3059 postmodum
1628 2984 1714 3040 sdve-

165 3099 228 3155 qnse
247 3083 332 3136 etiam
346 3081 375 3136 in
388 3079 495 3152 linguis
513 3095 598 3151 super
609 3077 710 3133 faciem
729 3077 815 3132 totius
828 3079 912 3130 terrae
967 3082 1070 3134 nerunt
1088 3078 1138 3147 ihi,
1150 3083 1179 3132 et
1196 3077 1392 3134 habitaverunt
1409 3075 1552 3132 civitatem
1564 3090 1628 3147 quae
1640 3073 1713 3146 apud

165 3171 264 3226 divisse
283 3175 359 3226 sunt.
967 3169 1083 3224 urceos
1096 3168 1259 3236 honoratur,
1271 3167 1406 3235 Athenas,
1417 3170 1446 3222 et
1454 3165 1650 3232 Thebaeorum,
1662 3167 1711 3236 qui

199 3259 324 3314 Nebroth
342 3261 435 3312 autern
447 3257 540 3328 giges,
563 3253 640 3310 dlius
659 3254 751 3323 (ihus,
769 3252 913 3325 AEthiops,
967 3256 1145 3312 Sidoniorum
1157 3261 1224 3310 sunt
1234 3255 1417 3324 habitatores,
1430 3254 1633 3328 etquicunque
1646 3254 1712 3306 suni

165 3345 289 3400 venando
307 3343 537 3400 subministrabat
554 3342 659 3396 bestias
678 3341 708 3394 in
725 3342 829 3396 cibum.
967 3342 1033 3412 alii,
1053 3343 1185 3398 similiter
1202 3347 1265 3416 post
1285 3343 1345 3398 haec
1361 3343 1397 3397 sd
1416 3340 1560 3398 Helladern
1579 3340 1713 3396 transmi-

203 3431 303 3490 'Purris
315 3435 407 3487 autem
425 3429 541 3485 dimissa
553 3433 598 3484 est
614 3427 719 3484 hahens
737 3426 914 3483 altitudinem
968 3437 1127 3503 praeerunt.
1144 3431 1342 3504 Cognoscimus
1356 3436 1449 3488 autem
1466 3431 1518 3486 hoc
1538 3446 1573 3485 ex
1594 3429 1668 3501 Lege
1685 3433 1715 3484 et

167 3535 267 3594 passus
287 3521 410 3595 quinque
428 3517 529 3574 millis.
967 3521 1128 3593 Prophetis.

204 3611 237 3667 li.
251 3609 395 3668 vocabule
407 3613 499 3665 sutem
512 3623 600 3678 nxxss,
615 3607 644 3663 hi
658 3611 724 3662 sunt
735 3602 788 3662 iiiii
800 3604 914 3677 Jsphet:
1002 3612 1091 3667 Erant
1108 3629 1178 3683 orgo
1196 3611 1230 3666 ιο
1248 3611 1349 3684 Jsphet
1366 3611 1400 3666 sd
1419 3611 1633 3668 „afflationem
1652 3614 1715 3665 tur·-

170 3701 271 3757 Gesner
283 3716 318 3754 ex
332 3715 387 3770 quo
406 3696 592 3770 Cappadoces,
606 3695 712 3766 Magog
730 3711 766 3749 ex
783 3709 838 3766 quo
850 3691 914 3749 001-
967 3703 1018 3770 ris,
1037 3717 1124 3774 quum
1142 3699 1217 3756 saeta
1230 3705 1273 3756 est
1286 3701 1415 3757 confusio
1433 3699 1605 3772 linguarum,
1625 3699 1715 3755 trihus

168 3793 205 3846 tra
220 3795 249 3844 et
260 3788 380 3859 Galatae,
394 3787 488 3843 Mndsi
500 3786 533 3840 de
546 3803 601 3859 quo
615 3785 702 3854 Medi,
715 3785 802 3840 Javan
812 3783 846 3837 de
859 3799 914 3854 quo
967 3789 1137 3861 quindecim.

168 3881 265 3936 Graeci
281 3885 310 3934 et
326 3880 422 3947 iones,
436 3876 524 3932 Tuhal
537 3876 608 3931 unde
621 3873 841 3941 Thessaiienses,
853 3872 914 3927 Me·
1002 3879 1050 3935 lv,
1070 3879 1106 3933 Et
1123 3879 1167 3934 ιω
1189 3883 1287 3951 gente.
1304 3879 1406 3952 Japhot
1423 3894 1441 3932 ι
1458 3877 1552 3934 Media
1570 3895 1660 3950 usque
1679 3877 1714 3933 sd

172 3969 238 4024 sech
258 3968 331 4023 unde
349 3966 468 4039 lllyrici,
488 3965 590 4020 Thiras
608 3964 680 4019 unde
699 3968 728 4019 et
744 3963 878 4019 Thraces.
967 3985 1110 4040 vesperam
1121 3968 1223 4028 Oceani
1234 3967 1343 4023 diffusae
1355 3972 1431 4036 sunt,
1442 3967 1615 4022 attendentes
1627 3981 1715 4038 usque

204 4056 271 4112 Filii
289 4058 401 4112 Gener:
421 4053 565 4110 uscham
583 4053 617 4109 de
636 4071 690 4126 quo
708 4053 853 4118 sirmate,
866 4049 914 4106 iii·
966 4057 1090 4113 Romo:
1110 4057 1197 4126 Medi,
1212 4057 1323 4125 Αιιιιιι,
1337 4057 1573 4129 ιιιιςιιι,κιιιι,
1587 4055 1714 4126 Armeni,

168 4149 243 4222 phsn
256 4148 290 4203 de
303 4164 358 4220 quo
376 4148 559 4216 Sauromatae,
578 4143 721 4216 Togorma
738 4145 772 4198 de
789 4161 845 4216 qno
857 4145 913 4198 Ar·
967 4150 1131 4217 Amasones,
1151 4147 1221 4217 coli,
1242 4148 1371 4214 Gorseni,
1390 4148 1542 4217 Benageni,
1562 4144 1711 4217 (isppado-

168 4240 256 4294 rneni.
966 4253 1024 4306 ces,
1037 4236 1243 4308 Paphlagonas,
1257 4234 1427 4304 Mariandse,
1440 4234 1625 4303 Tibaresises,
1638 4233 1711 4290 0111-

201 4326 269 4382 Fiiii
295 4327 394 4383 lasau:
420 4325 517 4380 Elisun
536 4323 609 4380 unde
631 4321 738 4392 Siculi,
757 4324 855 4378 Tarsis
878 4337 914 4375 εἰ
967 4326 1050 4398 libes,
1070 4327 1245 4397 Oxosinnoti,
1264 4324 1372 4394 choici,
1389 4321 1548 4394 Meiaoleni,
1567 4324 1714 4392 Sarmatae,

1 4433 2 4448 ¹
53 4443 56 4447 ·
166 4435 222 4490 quo
242 4418 353 4473 Hehraei
372 4421 402 4472 et
418 4415 568 4489 Tyrrheni,
588 4414 656 4472 Kith
674 4429 709 4468 es
726 4429 781 4485 quo
796 4411 914 4467 Romani
967 4419 1151 4483 saur-omaso,
1176 4416 1296 4487 Mootos,
1320 4414 1441 4483 Saitica,
1460 4413 1557 4482 Tauri,
1578 4412 1712 4484 Thraces,

166 4504 259 4575 quiet
277 4501 404 4560 bitini...
417 4506 445 4557 et
457 4501 490 4556 de
503 4517 558 4574 quo
571 4499 697 4554 Erihodi·
712 4498 815 4552 Ome!
831 4501 914 4569 quin·
967 4507 1123 4572 Bastarani,
1141 4504 1241 4578 illyrii,
1260 4503 1438 4572 Macedones,
1458 4501 1589 4560 Hellenas
1607 4498 1712 4568 (ir-reci,

165 4591 266 4647 decim:
286 4592 320 4645 de
338 4590 383 4646 his
401 4591 555 4645 extiterunt
573 4586 673 4644 insulse
693 4588 835 4643 Gentium.
967 4597 1077 4670 Lybies,
1096 4596 1204 4670 Hyetri,
1217 4595 1309 4666 vieni,
1323 4595 1422 4662 Dauni,
1440 4594 1577 4665 dapnes,
1590 4587 1712 4659 Galtbri,

202 4681 248 4736 111.
266 4682 338 4738 Sunt
350 4683 442 4735 autern
456 4678 545 4752 Cypri
558 4681 586 4732 et
599 4676 743 4749 Cytienses
755 4676 789 4729 de
801 4673 913 4748 iaphet.
967 4685 1057 4758 opici,
1081 4684 1173 4740 utini
1192 4685 1240 4756 qui
1260 4687 1288 4738 et
1305 4683 1439 4752 Romani,
1459 4679 1615 4753 Tyn-honi,
1636 4675 1711 4734 Galli

165 4879 216 4936 lat.
230 4884 251 4936 t.
265 4892 307 4948 ιιι,
319 4876 372 4934 col.
383 4875 438 4947 659
450 4893 513 4949 sqq.
524 4904 558 4920 -
571 4874 710 4931 Videntur
721 4871 821 4930 ultima
833 4877 915 4929 extra
964 4868 1114 4934 conantio,
1135 4863 1189 4919 nisi
1207 4861 1312 4935 γιννητλ
1333 4858 1447 4917 orontii
1459 4857 1524 4931 qnid
1536 4857 1713 4914 inhabitato·

165 4967 258 5023 sedenr
276 4969 373 5040 vagari
392 4972 422 5021 et
440 4965 586 5020 referende
604 4963 638 5019 sd
657 4963 769 5018 initium
789 4980 817 5016 n.
837 4961 886 5017 VI.
967 4971 1034 5010 rum
1043 4952 1423 5024 temporariispmasiooee,
1434 4949 1488 5002 nisi
1500 4947 1611 5001 ιιιιοίκον
1622 4946 1717 5016 sippi-

202 5059 339 5114 Sexcents
367 5060 449 5124 sunt,
468 5069 530 5127 quse
559 5057 603 5107 sat
629 5049 774 5107 declarant
801 5065 913 5123 graeca,
967 5065 1011 5114 ιιι,
1025 5047 1051 5098 ιιι
1064 5041 1220 5114 ιιιιονομίιιιι
1238 5041 1303 5115 quid
1322 5039 1717 5108 iactaverherumostssssio·

165 5145 211 5201 vel
229 5162 246 5200 a
264 5145 400 5220 prooemio
420 5143 518 5214 iatine,
538 5141 610 5215 quod
630 5158 721 5213 graece
741 5140 829 5196 deest.
842 5140 913 5206 Quid
967 5153 1043 5205 nens,
1063 5135 1118 5188 nisi
1137 5137 1204 5186 κατὰ
1221 5131 1266 5189 τιν
1285 5133 1334 5184 τῶν
1352 5130 1434 5205 λόγον
1453 5126 1589 5196 ἀπόδειξιν,
1609 5124 1652 5181 vei
1671 5125 1715 5184 dsi-

165 5237 314 5292 suntenim
327 5237 657 5306 ibiinquisitaeos'rtutee
668 5235 806 5299 σετίιαιιι,
819 5231 872 5284 nisi
886 5233 913 5282 αι
966 5225 1058 5279 teoni
1077 5225 1144 5280 Huc
1161 5222 1259 5295 paucis
1276 5223 1306 5278 in
1325 5220 1481 5289 sersiouiis,
1494 5235 1529 5273 ne
1549 5216 1639 5290 plura.

166 5329 313 5399 ζητούμενοι
332 5329 447 5396 δυνάμεις
470 5329 513 5386 τῆς
538 5321 671 5384 diuisisti
689 5322 754 5394 quid
778 5331 914 5393 pennata
