4038 6088
301 499 359 566 lte

300 661 389 722 λοντι
412 657 449 721 τό
474 648 622 746 φρικῶδες
654 660 750 722 αὑτοῦ
775 649 868 735 δείξει
890 655 1047 748 κριτήριον

288 751 391 828 Ιπιῒισιν
404 763 584 858 ἀνθρώποις,
599 757 742 852 δικάζων,
754 766 808 832 καί
820 764 862 831 τά
873 766 947 857 πρὸς
961 758 1047 844 ἀξίαν

300 870 460 960 ἀπονέμων
485 873 616 957 ἑκάστῳ.

342 997 374 1042 v.
398 979 427 1042 9.
452 981 513 1045 Καί
536 981 629 1058 αὺτδς
659 993 759 1071 κρινεῖ
779 981 839 1056 τήν
864 981 1047 1072 οἰκουμένην

976 499 1168 567 oltltlortas

1105 651 1234 718 tribunal
1255 669 1340 718 suum
1361 652 1498 719 omuibus
1515 652 1683 720 bominibus
1704 655 1851 738 ostendet,

1103 769 1137 826 ut
1154 759 1256 844 judex,
1278 768 1309 825 et
1330 758 1455 854 singulis
1475 779 1510 826 ea
1531 781 1597 846 que
1622 771 1770 830 merentur
1800 783 1854 832 re-

1105 868 1247 932 tribuens.

1141 994 1174 1041 v.
1197 975 1227 1040 9.
1250 974 1293 1039 Bt
1309 976 1370 1061 ipss
1383 977 1529 1060 judicabit
1545 978 1640 1044 orbem
1661 986 1804 1044 terromot
1824 980 1855 1044 ιἰι

298 1089 328 1152 ἐν
355 1079 544 1177 δικαιοσύνῃ,
568 1101 666 1179 κρινεῖ
686 1089 779 1166 λαοθς
803 1093 834 1156 ἐν
859 1087 1016 1164 εθθότητι.
1097 1085 1229 1166 jutitia,
1247 1084 1391 1168 incitabit
1407 1086 1532 1170 populos
1552 1089 1583 1152 t'tt
1603 1089 1752 1172 aoqttt'tott.

344 1194 535 1283 Οἰκουμένην
560 1195 614 1286 μὲν
639 1198 760 1274 νοήσεις
782 1197 842 1272 τὴν
867 1199 1046 1274 ἐκκλησίαν,

298 1303 483 1392 οἰκουμένην
507 1305 566 1371 ὑπό
590 1329 627 1370 τε
650 1307 772 1395 Πατρός
794 1305 848 1371 καί
864 1311 946 1384 Υίοῢ,
964 1304 1048 1371 κατά

299 1409 345 1475 τό·
369 1409 450 1504 Ἐγὼ
471 1412 525 1476 καί
540 1416 556 1476 6
572 1411 683 1504 Πατήρ
701 1437 760 1504 μου
777 1413 977 1503 ἐλευσόμεθα,
994 1413 1048 1479 καί

301 1519 399 1608 μονήν
411 1522 483 1612 παρ’
498 1527 584 1606 αὐτῷ
595 1524 801 1614 ποιησόμεθα·
814 1523 907 1601 λαοθς
920 1516 963 1603 δὲ,
975 1523 1046 1600 τοὺς

299 1626 424 1703 λοιποὺς
440 1628 526 1719 παρά
540 1628 600 1703 τήν
617 1632 797 1710 ἐκκλησίαν,
813 1630 832 1704 si
852 1631 923 1706 τοὺς
939 1635 974 1696 ἐκ
989 1655 1046 1697 πε-

302 1745 438 1823 ριτομῆς.
457 1733 549 1800 Ὅσοι
573 1735 631 1828 γάρ
656 1740 686 1802 ἐν
710 1738 794 1827 νόμῳ
818 1740 969 1828 ἥμαρτον,
995 1729 1046 1804 διά

300 1841 396 1931 νόμου
421 1841 634 1934 κριθήσονται,
657 1856 720 1910 τῶν
745 1846 867 1935 ἀνόμων
892 1847 1047 1938 ἁμαρτόν-

299 1969 373 2027 των,
397 1949 517 2038 ἀνόμως
538 1952 770 2041 άπολλυμένων.
795 1947 958 2027 Φοόητέον
986 1953 1045 2046 ἄρα

299 2055 354 2121 τόν
377 2067 520 2123 τοιοῦτον
538 2059 648 2149 κριτήν
672 2060 744 2136 τοὺς
767 2059 884 2150 ψεκτός
906 2085 944 2127 τε
966 2062 1046 2152 πρά-

300 2155 360 2241 ξεις
383 2164 437 2229 καί
460 2159 567 2242 ἀσεόὲς
591 2166 723 2256 ἔχοντας
747 2169 899 2260 φρόνημα.

345 2394 376 2441 v.
401 2378 450 2442 13.
475 2385 540 2447 Οὐκ
563 2381 736 2448 ἐπελάθετο
752 2394 810 2460 τῆς
828 2375 962 2464 δεήσεως
982 2397 1063 2452 τῶν·

270 2499 274 2506 ’
299 2485 453 2560 πενήτων.

344 2594 482 2669 Τοιαότη
508 2598 554 2673 τίς
578 2594 633 2677 ήν;
651 2600 685 2663 ’11
701 2590 752 2665 διά
767 2609 830 2665 τῶν
854 2601 1046 2694 όλοφόρσεων

300 2703 427 2768 καὶτῶν
441 2701 559 2795 θρήνων
576 2707 740 2799 γενομένη,
755 2705 818 2774 οἷόν
834 2735 905 2774 τινα
921 2713 1045 2786 αἴτησιν

300 2811 416 2901 ἔχουσα
439 2811 509 2903 περὶ
531 2823 594 2878 τῶν
620 2815 821 2906 κατεχόντων
845 2807 961 2882 δεινῶν.

342 2933 374 2979 v.
398 2916 447 2979 11.
472 2919 506 2984 ‘0
530 2918 613 3009 ὑψῶν
642 2945 682 3010 με
706 2926 740 2988 ἐκ
764 2933 826 2988 τῶν
858 2929 963 2990 πυλῶν
991 2936 1047 2991 τοῦ

300 3024 447 3091 θανάτου.

338 3132 405 3200 Ἵνα
421 3135 463 3224 μή
479 3135 533 3201 καί
544 3135 641 3202 πόλαι
654 3149 710 3203 τοῦ
723 3129 800 3223 ᾅδου
817 3139 1046 3231 κατισχόσωσιν

300 3246 404 3330 αὺτοῦ,
430 3243 543 3320 αἵτινές
568 3250 643 3309 εἰσιν
667 3251 700 3309 αἱ
723 3247 830 3311 κακίαι
850 3247 1047 3340 κατάγουσαι

300 3356 341 3427 είς
364 3349 506 3440 πυθμένα
530 3343 615 3436 ᾅδου.

342 3476 374 3521 v.
399 3459 447 3521 16.
471 3457 688 3551 Ἐνεπάγησαν
711 3457 783 3533 ἔθνη
801 3464 832 3526 ἐν
857 3453 1044 3554 διαφθορᾷῇ

299 3568 457 3638 ἐποίησαν·
482 3569 512 3630 ἐν
535 3558 646 3658 παγίδι
666 3567 768 3654 ταύτῃ
787 3563 806 3654 ᾗ
824 3564 967 3658 ἔκρυψαν,
993 3573 1065 3632 συ-“

299 3670 437 3762 νελήφθη
464 3676 480 3736 6
504 3672 578 3748 ποὺς
603 3677 714 3737 αὐτῶν.

342 3777 403 3842 Καί
426 3778 488 3867 μὴν
519 3777 604 3844 κατά
634 3790 692 3855 τῆς
726 3783 848 3868 άρετής,
875 3780 1045 3873 ἀφθαρσίας

298 3887 481 3982 λεγομένης,
505 3891 545 3963 ὡς
569 3891 600 3952 ἐν
624 3897 679 3970 τῷ·
705 3889 739 3952 ‘ll
761 3888 849 3980 χάρις
878 3889 961 3979 μετά
983 3899 1045 3954 τῶν

298 3995 492 4090 ἀγαπώντων
516 3997 571 4063 τὸν
595 3997 704 4088 Κόριον
721 4004 809 4088 ἡμῶν
826 4003 856 4063 ἐν
882 3997 1045 4091 ἀφθαρσίᾳ·

298 4108 317 4176 ri
344 4104 489 4180 ἐναντίως
505 4104 621 4194 ἔχουσα
638 4106 743 4182 κακία,
760 4104 886 4198 λέγοιτο
903 4106 939 4172 ἂν
962 4107 1046 4172 εἰκό-

298 4234 358 4287 τως
383 4203 534 4304 διαφθορά
556 4215 609 4277 καί
633 4212 739 4304 φθορά.
764 4216 894 4307 Εἴρηται
911 4226 994 4308 γοῦν·
1010 4217 1049 4279 Ei

298 4338 345 4390 τις
361 4313 485 4405 φθείρει,
499 4314 604 4406 φθερεῖ
615 4327 726 4381 τοῦτον
744 4322 760 4381 6
778 4318 864 4394 Θεός.
883 4318 945 4382 Καί
961 4317 1046 4408 παρά

297 4431 343 4506 τῷ
366 4424 524 4513 προφήτῃ·
543 4422 671 4488 Ἕνεκεν
702 4422 892 4515 ἀκαθαρσίας
917 4417 1045 4518 διεφθά-

300 4549 393 4616 ρηται
417 4524 522 4616 φθορᾷ.
926 4611 933 4625 ¹

333 4685 361 4723 ο.
381 4665 409 4721 9.
430 4667 495 4723 Vnt.
518 4665 560 4736 10,
588 4665 630 4723 13.
652 4667 762 4724 Habent
779 4683 868 4740 pauca
887 4669 943 4741 BB,
963 4635 1051 4744 plura

184 4776 190 4788 ·
300 4756 348 4810 sed
362 4757 497 4811 subversa
510 4754 684 4825 Gallandius,
699 4757 758 4811 iere
773 4762 875 4813 cunels
888 4760 1046 4830 Corderins,

299 4862 361 4917 quae
378 4845 489 4901 tandem
503 4847 593 4900 nostri
605 4845 684 4900 codd.
699 4845 900 4918 redintegrant.
915 4849 957 4904 ab
969 4849 1046 4904 bisce

298 4935 447 4991 ordiuntur
458 4935 606 5006 posthume
623 4935 658 4988 td
679 4936 831 5006 Origenem
852 4935 1044 4994 Gallandiana.

299 5021 336 5077 ci.
349 5022 450 5078 Matth.
463 5039 523 5091 xlx,
542 5021 587 5079 29.
607 5023 687 5079 Rom.
709 5038 740 5092 ιι,
756 5021 797 5079 19.
813 5024 931 5080 Videtur
943 5027 1047 5098 Orige-

300 5127 350 5165 nes
369 5113 441 5167 viem
461 5114 569 5185 aperire
590 5113 768 5186 Hieronymo,
788 5115 999 5187 chrysostomo,
1019 5120 1048 5170 et

300 5201 412 5255 caeteris
431 5203 559 5272 patribus
578 5203 624 5273 qul
639 5218 700 5257 oum
715 5203 854 5273 Aquinate
867 5201 958 5256 locum
972 5204 1047 5274 Apo·

300 5289 366 5348 stoli
385 5291 502 5349 audiunt
519 5293 553 5348 de
573 5293 703 5366 gentibus
723 5293 842 5350 nondum
862 5293 1010 5348 conversis.

1142 1191 1251 1258 Orbem
1266 1201 1407 1259 terrarum
1427 1194 1587 1261 Ecclesiam
1607 1197 1770 1280 intelliges,
1784 1215 1854 1282 qum

1102 1299 1253 1368 habitatur
1266 1322 1283 1368 a
1298 1302 1383 1368 Patre
1396 1313 1428 1370 et
1447 1304 1534 1384 Filio,
1547 1306 1632 1390 juxta
1653 1305 1742 1372 illud:
1759 1307 1852 1391 «Ego

1100 1418 1131 1475 et
1150 1409 1239 1476 Pater
1251 1429 1333 1477 mens
1347 1413 1508 1494 veniemus,
1525 1424 1555 1480 et
1567 1416 1751 1482 mansionem
1769 1417 1851 1500 apud

1099 1533 1166 1582 eum
1187 1517 1366 1584 iaciemus.»
1389 1519 1520 1604 Ρορυίοε
1544 1540 1616 1588 vero
1644 1523 1780 1606 intellige
1798 1542 1850 1590 eos

1100 1624 1151 1705 qui
1171 1634 1242 1690 sont
1261 1634 1345 1690 extra
1365 1626 1537 1708 Ecclesiam,
1553 1628 1601 1694 rel
1623 1627 1689 1694 illos
1709 1628 1759 1710 qui
1780 1638 1851 1695 sunt

1099 1751 1136 1796 ex
1156 1732 1384 1798 circumcisione.
1410 1734 1622 1818 «Quicumque
1642 1736 1722 1802 enim
1735 1736 1766 1801 in
1783 1736 1851 1819 lege

1099 1851 1307 1923 peecaverunt,
1330 1859 1382 1925 per
1402 1841 1498 1924 legem
1507 1843 1728 1927 judicabuntur,
1742 1843 1776 1907 ils
1796 1843 1848 1926 qui

1102 1945 1166 2010 sine
1180 1945 1244 2028 lege
1265 1957 1434 2029 peccarunt,
1457 1948 1520 2013 sine
1541 1949 1606 2030 lege
1627 1948 1847 2031 pereuntibus.»

1099 2053 1277 2120 Metueudus
1292 2054 1393 2137 itaque
1407 2053 1475 2120 talis
1487 2055 1578 2139 juder
1593 2056 1630 2121 iis
1646 2057 1697 2140 qni
1711 2075 1850 2124 execran-

1099 2161 1146 2226 dis
1165 2162 1345 2229 facinoribus
1365 2173 1395 2229 et
1417 2163 1515 2248 impiis
1541 2164 1772 2248 cogitationibus
1790 2166 1850 2234 ad-

1100 2269 1169 2335 dicti
1191 2279 1271 2336 sunt.

1140 2398 1170 2447 v.
1194 2379 1243 2444 13.
1264 2378 1333 2448 Νοιι
1346 2384 1387 2444 est
1403 2379 1509 2446 obiitus
1528 2379 1665 2447 clamoris
1675 2400 1847 2468 properem.

1141 2593 1247 2672 Qualis
1265 2593 1398 2660 clamori
1419 2593 1473 2661 llle
1493 2595 1544 2679 qui
1564 2595 1659 2661 oritur
1672 2595 1711 2661 ab
1731 2597 1847 2680 eiulati-

1100 2701 1157 2766 bus
1177 2710 1207 2766 et
1227 2700 1372 2782 lamentis,
1389 2701 1543 2768 continens
1554 2700 1685 2786 aliquam
1703 2701 1849 2787 depreca-

1103 2808 1210 2874 tionem
1229 2807 1266 2873 de
1286 2806 1489 2889 ingruentibus
1510 2808 1605 2873 malis.

1140 2933 1173 2980 r.
1196 2915 1247 2979 ii.
1270 2915 1326 2993 Qui
1343 2915 1456 2980 ecstor
1475 2935 1519 2981 ιιιι
1538 2920 1575 2981 de
1593 2917 1688 3000 portis
1707 2919 1846 2984 interitus.

1141 3129 1185 3194 Ne
1199 3129 1254 3213 ipsi
1269 3139 1361 3214 porte
1380 3129 1466 3196 interl
1488 3133 1681 3214 praevaleam,
1699 3151 1766 3217 qua
1778 3145 1850 3200 suut

1103 3237 1287 3321 iniquitates,
1308 3237 1448 3321 pellentes
1468 3239 1506 3306 ad
1527 3249 1649 3323 puteum
1669 3241 1742 3307 orci.

1141 3467 1174 3515 v.
1197 3449 1246 3514 lt.
1269 3449 1385 3533 Ιιηίαιε
1405 3457 1474 3515 cort
1484 3456 1580 3534 pentes
1592 3453 1623 3515 ιἰι
1636 3452 1751 3516 interitu
1771 3472 1851 3536 quem

1101 3560 1236 3642 [ιιιιιιιιι.
1252 3557 1290 3621 In
1312 3557 1412 3643 ioqtco
1435 3578 1517 3642 qoem
1538 3558 1755 3642 absconderunt,
1777 3579 1851 3625 com

1100 3667 1256 3750 preteriens
1277 3672 1319 3730 est
1334 3686 1388 3751 pes
1407 3686 1514 3731 ιοιιιοι.

1141 3775 1255 3840 Etenim
1277 3785 1378 3842 contra
1399 3777 1550 3854 virtutem,
1570 3794 1638 3861 quae
1658 3785 1782 3844 vocatur
1802 3779 1852 3842 ιἰι-

1100 3883 1254 3966 corroptic,
1277 3891 1311 3947 nt
1330 3885 1361 3948 in
1381 3881 1533 3948 hocloco:
1557 3883 1687 3950 «Gratia
1707 3902 1774 3950 com
1788 3884 1850 3950 illis

1098 3987 1150 4070 qui
1170 3995 1272 4053 amant
1285 3987 1442 4054 Dominum
1463 3999 1595 4055 nostrum
1610 3990 1641 4055 in
1655 3991 1850 4070 incorruptio·

1099 4115 1147 4176 ne,
1162 4119 1175 4156 ι
1192 4097 1326 4182 opposita
1347 4107 1393 4164 est
1413 4117 1480 4182 qnae
1493 4099 1603 4164 dicitur
1616 4099 1743 4180 malitia,
1760 4117 1850 4184 quam

1098 4206 1207 4271 dixeris
1227 4205 1329 4272 merito
1343 4206 1558 4290 corruptionem
1571 4216 1603 4273 et
1617 4207 1780 4274 interitum.
1797 4209 1852 4274 Di·

1099 4313 1174 4379 citur
1197 4331 1285 4394 ergo:
1308 4315 1368 4380 «si
1390 4315 1456 4398 quis
1484 4316 1664 4398 corrumpit,
1685 4327 1854 4401 corrumpet

1100 4440 1168 4487 eum
1182 4423 1302 4505 neue»
1325 4432 1356 4490 et
1377 4424 1455 4506 opud
1477 4423 1668 4508 prophetam:
1693 4424 1777 4490 «Pro
1798 4426 1854 4490 im-

1100 4529 1244 4595 munditia
1264 4539 1419 4612 corruptus
1439 4537 1485 4594 est
1505 4531 1734 4614 corruptione.»

1135 4684 1163 4722 o·
1181 4663 1223 4732 13,
1237 4665 1301 4719 Vnt.
1315 4662 1343 4730 5,
1357 4665 1404 4719 nbi
1417 4661 1489 4719 male
1502 4665 1591 4717 ιιίνεσιν
1611 4665 1683 4737 qnod
1703 4681 1738 4719 ex
1758 4663 1851 4720 Thoo-

1100 4755 1196 4811 doreto
1215 4755 1368 4812 emendari.

1135 4865 1162 4901 ο.
1186 4843 1228 4898 ll.
1248 4846 1313 4902 Vnt.
1332 4844 1359 4902 5.
1378 4844 1416 4902 σί.
1437 4845 1536 4900 matth.
1558 4861 1616 4914 ιιι,
1639 4843 1682 4902 lo.

1136 4955 1163 4991 ο.
1186 4933 1228 4988 ίθ.
1243 4935 1304 4991 Vnt.
1326 4932 1358 4989 lo
1375 4933 1414 4988 οί.
1434 4933 1503 5006 pr.
1525 4932 1567 5002 17,
1587 4931 1633 4990 24.
1654 4933 1738 4990 Micb.
1755 4950 1785 5003 ιι,
1804 4932 1846 4991 10.

1100 5022 1275 5080 Penultlmus
1300 5021 1377 5078 locus
1403 5039 1446 5077 me
1467 5023 1560 5093 sugit,
1579 5022 1739 5095 apocrypha
1763 5024 1845 5094 sapit.

1099 5113 1235 5170 Ultimum
1254 5110 1336 5165 aliter
1355 5111 1454 5166 babent
1468 5129 1524 5167 sax
1536 5111 1661 5182 vulgati:
1676 5111 1729 5164 Οιύι
1743 5111 1793 5164 ism
1809 5129 1845 5164 οιι

1100 5205 1161 5260 αὕτη
1182 5205 1316 5262 ἀνάπαυσις
1336 5201 1412 5254 istaes
1426 5204 1585 5273 ἀκαθαρσίας·
1597 5205 1743 5273 διεφθάρατο
1761 5205 1844 5273 φθιρμ

1099 5291 1130 5346 ln
1149 5290 1235 5364 Vulg.
1248 5290 1315 5350 Non
1333 5294 1439 5350 bebetis
1452 5296 1496 5353 hic
1510 5298 1647 5366 requiem:
1658 5303 1773 5365 propter
1793 5295 1842 5347 im·
