4038 6088
263 511 321 574 186
865 505 999 572 saltem
1019 505 1199 571 adcubuit

259 668 307 722 sat
322 657 440 735 infelici,
451 657 576 722 maxime
592 657 621 720 in
636 656 783 723 nonnullis
797 657 983 740 capitalibus,
1000 673 1066 742 quae
1080 657 1181 722 rudem
1195 665 1331 735 aetatem,
1345 658 1394 722 vel
1407 668 1492 723 extra
1506 659 1606 724 666611
1620 659 1805 735 111166616-

258 765 502 831 61166661166116
523 775 691 846 arguerent.
714 762 819 827 Omnia
842 761 920 827 enim
940 763 1071 846 ejusdem
1092 763 1152 826 661
1174 771 1254 840 sunt,
1277 779 1331 826 noc
1351 779 1422 828 saue
1435 762 1625 845 excipiendus
1639 774 1684 830 est
1699 765 1803 847 pictor,

259 871 308 954 qui
330 871 467 954 apposuit
486 871 524 934 ab
546 869 631 934 initio
651 869 857 953 capitulorum,
879 888 931 950 pro
953 868 1132 952 majusculis,
1153 868 1356 950 imagunculas
1375 868 1498 934 classico
1518 870 1725 954 propemodum
1749 889 1805 954 pe-

263 975 362 1041 nicillo
382 975 461 1040 baud
483 975 632 1057 indignas.
655 967 758 1040 Statim
780 974 956 1040 ab-cxordio
978 975 1055 1054 iibri,
1077 983 1111 1039 ut
1130 974 1227 1040 littera
1250 975 1275 1040 1)
1296 977 1372 1040 6616
1394 965 1533 1059 linga'tur,
1554 977 1694 1042 muliebre
1708 979 1807 1061 6666-

259 1084 326 1148 666
350 1092 523 1162 6166611661,
548 1083 661 1148 Sirenae
682 1093 838 1164 cognatum
857 1083 998 1164 61611166,
1014 1084 1347 1150 616666616611161661
1368 1084 1467 1150 166166
1489 1085 1667 1165 1661611616,
1689 1086 1805 1152 6661616

261 1209 350 1254 6666
369 1199 421 1255 661
440 1190 534 1255 66666
558 1183 730 1282 1666666166,
753 1189 884 1254 16166161
905 1190 997 1256 lasces
1018 1190 1050 1254 in
1072 1190 1175 1274 triplex
1197 1190 1298 1256 lolium
1318 1199 1371 1256 aut
1389 1191 1494 1256 trinam
1515 1192 1668 1276 cuspidem
1688 1194 1805 1257 acumi-

261 1305 364 1362 natos:
381 1315 447 1380 quae
461 1297 486 1363 si
503 1297 601 1362 minus
614 1297 757 1363 violasset
776 1315 885 1379 61666,
908 1297 1098 1388 redhiberent
1118 1297 1189 1363 illud
1210 1299 1392 1365 venusinum
1414 1300 1443 1364 in
1464 1300 1581 1366 exordio
1602 1300 1640 1365 66
1661 1299 1806 1368 Pisones:

910 1572 1035 1587 .....
1056 1532 1190 1602 Turpiter
1208 1535 1299 1586 atrum

692 1620 803 1674 Desinit
821 1621 848 1673 16
868 1621 974 1692 piscem
994 1619 1095 1674 mulier
1113 1618 1236 1674 formosa
1254 1636 1382 1691 superne.

301 1831 448 1896 Praeterea
462 1830 575 1895 6111666
592 1831 728 1914 variique
743 1831 842 1915 pittaci
859 1833 938 1898 baud
960 1833 1143 1917 inelegantes
1156 1833 1283 1900 volitant
1299 1833 1330 1898 in
1346 1832 1394 1899 161.
1411 1835 1461 1916 11,
1478 1835 1527 1915 81,
1550 1835 1600 1914 93,
1617 1835 1672 1912 91;
1694 1834 1752 1900 666
1766 1839 1809 1919 61-

263 1937 584 2004 6666666666661666
604 1950 818 2006 connectuntur
839 1938 859 2002 1.
877 1939 926 2018 11;
942 1938 1038 2004 Draco
1053 1938 1151 2005 horret
1172 1939 1193 2003 1.
1216 1939 1271 2016 11;
1294 1949 1359 2004 1616
1379 1957 1493 2018 661166,
1514 1939 1553 2003 66
1568 1939 1681 2004 anseris
1695 1956 1807 2018 morsu,

262 2046 347 2127 quasi
369 2064 482 2111 remora
503 2056 618 2112 tenetur
639 2048 658 2111 1.
682 2049 733 2127 93;
756 2049 840 2115 orbes
868 2049 916 2114 661
938 2050 1010 2116 6661
1031 2049 1153 2114 orbiculi
1180 2048 1344 2115 volvuntur
1368 2048 1417 2115 lol.
1442 2050 1472 2129 1,
1495 2051 1525 2127 6,
1548 2050 1597 2130 69,
1620 2050 1670 2126 19,
1694 2050 1743 2114 81.
1768 2051 1807 2116 In

262 2153 445 2233 marginibus
459 2153 564 2219 1111616
578 2154 703 2237 majores
717 2155 824 2236 rubrae,
839 2153 937 2236 6666,
959 2141 1083 2234 6111666,
1104 2154 1237 2220 vicissim
1256 2164 1286 2221 et
1307 2155 1451 2221 inordina
1465 2155 1555 2236 trino,
1570 2165 1737 2221 constanter
1752 2155 1809 2220 sibi

262 2258 432 2324 succedunt.

304 2365 392 2431 161116
413 2366 470 2432 666
491 2366 561 2432 11166
582 2367 713 2452 16666166
735 2369 802 2451 6166
821 2369 919 2434 minus
940 2370 1061 2453 pinguia
1082 2370 1271 2451 lineamenta,
1294 2380 1467 2454 properante
1488 2388 1576 2435 manu
1597 2369 1808 2453 merovingica,

263 2481 297 2537 ut
314 2473 334 2536 1.
350 2475 399 2550 16,
424 2476 473 2552 16,
496 2476 545 2554 19,
569 2477 619 2552 61,
642 2475 692 2550 13,
715 2475 839 2553 1616,
862 2476 913 2552 19,
936 2476 985 2552 31,
1009 2476 1058 2555 66,
1081 2477 1132 2555 61,
1154 2478 1204 2553 61,
1227 2479 1278 2556 63,
1301 2479 1351 2556 66,
1374 2477 1637 2555 taratara,
1660 2477 1709 2540 96.
1727 2475 1808 2554 Quin

265 2581 404 2645 nonnulla
426 2581 463 2646 66
484 2600 551 2646 saec.
574 2582 600 2646 X
620 2593 652 2647 et
670 2581 710 2646 Xl
730 2581 904 2665 pertingunt
918 2583 938 2648 1.
955 2583 1006 2659 31,
1022 2584 1071 2662 66,
1094 2583 1143 2663 66,
1166 2585 1388 2665 96,163,166,
1409 2603 1476 2670 quae
1496 2584 1525 2649 id
1546 2583 1651 2647 saltem
1673 2592 1807 2660 monent,
1907 2619 1910 2624 -

267 2690 426 2757 uncialium
447 2709 554 2773 nempe
573 2692 730 2774 scriptores
751 2691 831 2756 bisce
850 2690 1005 2755 neotericis
1024 2706 1089 2756 csse
1110 2692 1203 2756 multo
1222 2691 1414 2775 antiquiores.

305 2800 382 2878 Qua
405 2797 525 2881 quidem
546 2799 705 2864 6661611661
727 2799 875 2864 annositas
896 2798 995 2864 661616
1014 2796 1134 2879 effulget
1153 2799 1184 2862 16
1205 2799 1325 2882 6616616
1345 2806 1375 2864 61
1396 2807 1536 2882 perpetuo
1556 2799 1628 2863 orbe
1649 2795 1812 2862 litterarum

266 2909 302 2986 Ο,
325 2906 364 2985 D,
386 2908 420 2984 C,
443 2908 480 2983 li,
501 2909 539 2986 G,
562 2909 596 2983 ll,
618 2910 662 2984 61,
683 2909 715 2984 Ρ,
737 2909 775 2986 Q,
797 2908 833 2972 U.
855 2907 952 2970 Etiam
973 2908 1011 2972 ad
1032 2906 1192 2972 orbiculum
1213 2914 1346 2988 vergunt
1365 2907 1398 2982 13,
1420 2907 1457 2982 11,
1478 2907 1508 2970 S.
1535 2905 1618 2968 —N
1639 2922 1813 2988 semperca.

265 3012 348 3096 pituli
364 3022 394 3077 et
407 3030 569 3078 marmorea
586 3013 674 3078 161166
694 3012 812 3077 insidet.
829 3011 1021 3076 Proeminetl
1042 3011 1211 3095 aliquando;
1234 3012 1255 3075 L
1278 3020 1375 3076 autem
1396 3029 1512 3096 6616661
1532 3012 1646 3077 hastam
1660 3010 1757 3092 erigit,
1773 3027 1809 3074 er

265 3118 364 3202 ampla
380 3119 444 3184 basi
460 3119 557 3184 levem
580 3119 610 3182 16
632 3119 780 3199 virgulam
800 3127 935 3184 exeunte.
961 3119 987 3182 G
1008 3118 1107 3184 subtili
1129 3128 1160 3186 61
1181 3119 1304 3202 longiori
1325 3121 1408 3205 apice
1429 3121 1549 3204 obliquo
1570 3120 1726 3185 clauditur.
1742 3117 1768 3183 ll
1783 3119 1813 3181 in

265 3224 354 3290 alacri
376 3233 407 3290 et
427 3227 491 3291 1666
511 3226 660 3292 66166166
681 3225 784 3308 serpit.
807 3227 831 3289 1
854 3224 913 3289 1616
934 3227 1040 3290 transit
1059 3225 1098 3289 66
1120 3225 1266 3289 66616166
1289 3227 1456 3292 inclinatum
1479 3246 1544 3292 cunr
1562 3227 1689 3311 pendulo
1701 3225 1809 3307 exiguo

266 3333 388 3413 circino,
404 3332 503 3397 minus
517 3343 615 3399 tamen
628 3331 696 3398 erili
713 3340 809 3397 tractu
822 3349 909 3414 quam
925 3332 955 3395 16
977 3321 1175 3397 Pentateucho
1189 3333 1387 3414 lugdunensi,
1407 3335 1504 3399 minus
1517 3336 1607 3401 etiam
1622 3335 1708 3418 pleno
1722 3348 1811 3416 quam

268 3438 297 3502 in
320 3439 461 3520 psalterio
482 3438 618 3520 superius
639 3446 751 3516 notato;
772 3436 849 3501 6666
871 3435 987 3500 666166
1008 3435 1083 3500 16161
1103 3446 1259 3520 61166666
1279 3439 1479 3505 Eucherianus
1500 3441 1644 3506 consistit.

305 3545 494 3630 interpuncta
515 3546 573 3611 duo
594 3555 708 3611 tantuna
732 3556 812 3625 sunt,
834 3545 899 3611 6166
924 3547 1037 3627 juncta,
1060 3546 1124 3612 6166
1144 3546 1316 3629 singularia,
1339 3571 1452 3616 comma
1472 3552 1662 3617 6166616161
1682 3549 1812 3632 virgula.

266 3653 399 3732 Comma,
415 3672 469 3719 ceu
485 3664 626 3736 punctum
642 3655 761 3738 triplex,
783 3654 930 3738 superius·
953 3655 1083 3735 16161166,
1105 3665 1135 3721 61
1155 3657 1295 3737 medium,
1317 3662 1587 3743 frequentissimum
1602 3669 1658 3739 est,
1674 3670 1705 3724 et
1718 3673 1811 3740 usque

265 3760 304 3824 ad
326 3759 475 3824 1661161661
496 3761 526 3823 16
548 3759 664 3824 666666
686 3761 819 3825 11166666
839 3759 916 3824 loliis
936 3760 1082 3843 prioribus
1096 3763 1266 3828 crebrescit.
1283 3765 1415 3848 virgula,
1437 3777 1544 3850 puncto
1564 3767 1708 3848 subjecta,
1729 3762 1815 3829 166116

266 3869 324 3932 6111
344 3867 495 3934 6161166116
517 3871 624 3951 major3
647 3868 752 3948 minor,
781 3878 923 3952 puuctum
944 3868 1072 3933 medium
1099 3868 1148 3936 vel
1178 3869 1313 3948 inlerius3
1344 3871 1478 3952 minima,
1501 3881 1641 3955 punctum
1662 3869 1811 3951 superius.

266 3977 382 4041 Sensim
398 3976 595 4061 interpunctio
610 3979 703 4044 rarior
717 3979 761 4060 61,
777 3987 926 4044 crescente
946 3978 1107 4058 volumine,
1123 3978 1179 4042 nisi
1195 3979 1274 4062 quod
1290 3978 1425 4061 subinde,
1443 3981 1472 4045 in
1493 3979 1653 4063 majoribus
1674 3975 1770 4042 titulis
1784 3983 1816 4039 et

265 4084 369 4149 vacuis
383 4085 500 4168 spatiis,
515 4085 599 4168 quasi
613 4085 756 4166 ludendo,
773 4094 880 4170 666616
901 4086 1049 4170 stipantur
1064 4085 1150 4166 trina,
1167 4094 1319 4170 quaterna,
1335 4107 1431 4170 usque
1451 4089 1490 4152 ad
1509 4096 1630 4173 septena
1651 4092 1811 4150 61661666.

306 4192 479 4275 Plerumque
492 4194 530 4259 ad
545 4195 645 4260 obelos
661 4214 749 4277 super
762 4194 933 4278 compendia
949 4195 1122 4276 signandos,
1143 4193 1295 4276 sagittula,
1318 4213 1383 4277 666
1397 4212 1455 4259 666
1468 4194 1557 4260 66616
1570 4193 1720 4277 superiore
1733 4191 1814 4256 acui·

268 4308 324 4374 tur,
347 4298 385 4363 ad
406 4298 557 4362 sinistram
579 4301 656 4364 inter
677 4298 735 4365 666
756 4309 863 4383 666616
885 4298 969 4381 fugit.
994 4297 1098 4363 blenda
1119 4317 1192 4363 6616
1210 4293 1812 4383 66661661666611116666666161666-

266 4404 332 4483 ctis,
358 4404 416 4469 nisi
441 4405 701 4472 1666161611611661
724 4407 829 4472 litterae
849 4406 940 4472 altera
960 4405 1074 4487 justior,
1098 4414 1148 4470 aut
1170 4406 1297 4472 insideat
1317 4408 1444 4472 circinus
1463 4426 1516 4473 ceu
1537 4424 1611 4490 aper
1632 4413 1751 4482 acutus,
1773 4403 1812 4466 ad

266 4509 505 4591 interrogandum
520 4519 574 4575 aut
587 4513 763 4578 monendum
778 4512 914 4576 lectorem
930 4511 1025 4575 minus
1039 4509 1224 4592 diligentem.
1242 4509 1317 4578 11616
1332 4522 1403 4578 6661
1416 4513 1478 4578 666
1493 4508 1601 4576 1661616
1615 4508 1812 4588 correctionis,

264 4617 353 4683 etiam
377 4617 406 4682 in
427 4617 587 4685 emendatis
608 4618 767 4684 codicibus.

307 4728 365 4794 Sed
386 4729 557 4812 compendia
574 4739 696 4812 praestat
708 4728 887 4811 vigilantius
901 4725 1018 4806 intueri,
1035 4726 1142 4807 quibus
1163 4726 1325 4807 prasertim
1337 4735 1455 4793 6616166
1469 4727 1621 4810 scripturae
1641 4723 1818 4804 intelligun-

267 4847 323 4902 tur.
340 4835 458 4901 Litteris
472 4845 519 4901 sat
531 4837 631 4919 paucis
645 4853 738 4919 pauca
751 4834 844 4901 66166
859 4842 970 4911 661661,
987 4833 1087 4898 666616
1103 4833 1162 4898 1616
1181 4850 1199 4897 6
1220 4833 1316 4913 666116
1330 4833 1367 4898 66
1384 4834 1493 4899 calcem
1514 4831 1633 4912 codicis,
1650 4847 1745 4914 neque
1758 4829 1817 4893 alia

265 4963 354 5030 quam
368 4953 510 5028 6661661
531 4962 625 5027 nuper
645 4943 747 5008 notari
764 4942 795 5006 in
810 4939 1002 5006 Pentateuebi
1024 4939 1187 5022 fragmento
1201 4940 1482 5006 llshburnhamiensi
1499 4941 1534 5020 ¹),
1555 4949 1616 5004 tum
1638 4937 1729 5004 etiam
1750 4936 1818 5002 olim

265 5052 392 5117 6666111
406 5052 436 5115 16
457 5049 557 5115 codice
571 5049 799 5130 Evangeliorum
820 5057 851 5114 61
871 5049 996 5110 actuum
1010 5047 1259 5130 cantabrigiensi:
1275 5059 1433 5133 utrumque
1446 5047 1575 5112 codicem
1588 5063 1699 5113 novere
1712 5061 1816 5111 omnes

349 5245 420 5303 Vide
436 5244 511 5300 16116
530 5245 558 5298 16
578 5206 611 5307 ἓ.Ι
627 5260 655 5311 v,
675 5261 704 5315 p.
725 5243 788 5317 495,
808 5245 894 5304 6161.
915 5247 1051 5302 Bibliotlt.
1072 5247 1106 5300 66
1125 5235 1232 5305 t’dcote
1250 5249 1298 5304 666
1320 5249 1430 5304 Charta.
1453 5251 1472 5300 1.
1493 5260 1591 5312 xxxix,
1611 5258 1637 5298 a.
1661 5241 1742 5296 1879.
