4044 6098
835 452 876 517 lN
898 453 1053 520 biterbii
1075 457 1141 522 tou
1705 466 1762 532 317

215 601 282 678 νὴν,
307 600 360 666 κιιί
384 603 577 692 εὑρίσκοντος
599 603 659 677 τὴν
683 600 786 694 ψυχὴν
811 607 917 695 αὑτοῦ,
940 612 960 680 ἡ
1016 605 1128 689 aliquid
1139 624 1276 691 magnum
1288 618 1341 676 est.
1354 611 1392 676 lii
1405 611 1462 677 erit
1475 612 1582 696 aliquis
1593 614 1670 681 inter
1684 627 1765 684 recte

217 707 292 797 εὐχὴ
318 708 372 772 καὶ
391 716 410 783 ἡ
432 712 559 801 εὐλογία
575 710 699 803 μεγάλη
725 714 773 788 τίς
797 715 893 802 ἐστιν,
910 713 963 777 καί
1015 713 1176 796 sapientes,
1198 716 1248 797 qui
1269 725 1352 799 pomo
1377 727 1410 781 ut
1427 737 1516 802 super
1536 739 1568 784 se
1588 718 1651 784 hmo
1670 722 1764 788 oratio

215 816 336 890 ταύτην
361 811 485 896 εὔξαιτο
509 817 545 882 άν
569 842 616 894 τις
646 829 711 884 τῶν
736 820 961 911 εὺρρονούντων
1015 820 1277 906 νοοίοί,οῑοιιοοιι
1291 822 1483 889 animodioat
1499 825 1587 892 iliud:
1602 825 1764 894 benedicito

214 920 354 988 ἐπελθεῖν
378 927 473 1006 αὐτῷ,
498 922 551 987 καί
573 924 728 1014 ἐμφρόνως
752 928 815 1016 ἐρεῖ
835 925 881 992 τύ·
906 931 963 992 Ei-
1015 930 1157 1010 μαευιιίίι
1176 948 1262 1013 seps
1281 931 1462 1011 movemini]
1546 1001 1551 1011 ,

215 1029 309 1119 λογία
334 1034 404 1094 κτλ.

258 1134 301 1201 ιε’·
316 1135 594 1227 Ὀρθαλμδςῆμην
610 1138 835 1228 τυρλῶν,ποὺς
851 1129 885 1206 δὲ
900 1163 963 1229 χω·
1054 1142 1131 1208 ibid.
1153 1162 1185 1209 v.
1210 1146 1259 1210 16.
1284 1144 1390 1210 θεοίιισ
1416 1147 1463 1230 fui
1488 1165 1636 1212 οοιοοιυιιι
1663 1155 1690 1213 σί
1714 1168 1764 1232 pes

210 1246 282 1306 λῶν.
314 1239 375 1306 l'at.
399 1241 469 1320 191,
489 1244 519 1304 9.
1014 1250 1192 1316 claudorum.
1816 1247 1818 1252 ¹

256 1350 335 1440 Πρὸς
360 1341 394 1416 δέ
417 1359 496 1428 νοῦν,
522 1351 640 1441 τυρλάς
657 1343 793 1430 διανοίας
813 1346 962 1448 διήνοιγε,
1054 1361 1199 1445 Respecto
1219 1362 1258 1427 ad
1271 1370 1410 1444 mentem,
1426 1379 1518 1428 cecos
1532 1365 1675 1445 cogitatus
1696 1383 1765 1448 ape-

209 1458 263 1523 καί
286 1461 412 1549 ὡρειλει
428 1460 500 1536 τοὺς
516 1459 758 1551 πεπηρωμένους
773 1461 833 1534 τὴν
857 1461 960 1552 ψυχὴν
1014 1469 1084 1549 ruit,
1100 1478 1131 1534 et
1142 1468 1257 1554 adjuvit
1269 1488 1320 1535 eos
1335 1470 1386 1553 qui
1399 1472 1498 1534 anima
1516 1473 1719 1553 caecutiebant,
1735 1483 1765 1538 et

210 1567 264 1631 καί
286 1568 379 1644 αὐτὸς
403 1572 507 1634 αὐτῶν
530 1570 651 1660 ἐγίνετο
675 1569 843 1661 ὀφθαλμός·
864 1563 962 1648 πόδας
1014 1576 1074 1641 illis
1093 1576 1195 1641 oculus
1209 1576 1272 1660 ipse
1286 1576 1381 1641 lactus
1394 1587 1448 1642 est.
1465 1578 1559 1644 Pedes
1573 1597 1645 1646 vero
1657 1579 1764 1662 largie-

212 1666 246 1740 δὲ
261 1669 424 1766 ἐχαρίζετο
440 1687 506 1753 τοῖς
522 1677 766 1767 κεχωλευμένοις
781 1678 839 1756 τάς
857 1681 961 1764 βάσεις
1015 1685 1102 1749 betur
1123 1683 1169 1748 bis
1189 1683 1296 1766 quibus
1310 1683 1495 1750 claudicabat
1514 1685 1545 1749 in
1565 1686 1686 1752 basibus
1700 1687 1763 1751 ani·

212 1792 270 1857 τῆς
283 1778 395 1870 ύυχῆς,
404 1784 458 1847 καί
469 1792 515 1867 τῷ
527 1785 614 1877 λόγῳ
627 1787 747 1876 ἐγίνετο
759 1789 860 1850 αὐτῶν
875 1784 960 1862 πούς,
1015 1809 1075 1872 mo,
1098 1809 1134 1856 oo
1152 1790 1246 1856 verbo
1266 1809 1320 1856 suo
1341 1792 1435 1856 rectus
1455 1801 1503 1856 est
1522 1809 1575 1875 pes
1595 1812 1708 1874 eorum,
1729 1812 1766 1860 ιο

212 1889 266 1956 καί
289 1889 493 1984 ἐχειραγώγει
516 1890 689 1984 ἑκατέρους·
713 1894 865 1966 εἴληπται
888 1884 961 1959 δὲὸ
1015 1899 1149 1982 singulos
1160 1897 1355 1963 manuduxit.
1371 1896 1550 1983 intelligitur
1564 1901 1682 1984 quidem
1697 1920 1765 1968 ocu·

211 1996 266 2086 μὲν
290 1994 449 2086 ὀφθαλμὸς
471 1997 522 2062 ἐπὶ
537 2009 596 2075 τῆς
617 2011 765 2078 νοητικῆς
788 1992 960 2092 limitari
1016 2009 1061 2074 tus
1074 2007 1112 2073 de
1127 2007 1273 2090 spirituali
1293 2006 1530 2089 manuductione,
1548 2026 1600 2090 pes
1613 2018 1713 2076 auten
1727 2011 1764 2076 de

212 2095 246 2172 δέ
269 2103 344 2180 ποὺς
368 2103 419 2170 ἐπὶ
441 2115 499 2180 τῆς
523 2103 635 2182 ἐθικῆς.
1014 2107 1117 2172 morali
1133 2107 1233 2173 ductu.

255 2209 295 2286 ις’.
318 2208 399 2302 Ἐγὼ
422 2209 509 2299 ἤμην
532 2211 633 2302 πάτερ
659 2204 831 2280 ἀδυνάτων.
857 2212 933 2278 ibid.
1053 2214 1131 2279 ibid.
1154 2234 1185 2278 ν.
1209 2215 1259 2278 16.
1282 2214 1346 2297 dyo
1367 2214 1414 2296 sui
1430 2220 1514 2297 paler
1532 2215 1733 2294 impotentium.

252 2318 302 2383 Ἐν
325 2319 447 2397 τούτοις
470 2321 569 2412 φωναί
598 2313 769 2396 δηλοῦνται
798 2332 855 2388 τοῦ
878 2327 959 2414 ‹tos-
1053 2320 1133 2387 Inter
1147 2320 1510 2388 naeodeotmommvooos
1525 2322 1762 2404 adjuvantisim-

207 2431 335 2502 λοῦντος
348 2427 419 2504 τοὺς
436 2420 617 2506 ἀδυνάτους,
634 2431 706 2507 τοὺς
723 2429 868 2508 ἀσθενεῖς.
1013 2427 1133 2495 becilles
1147 2447 1181 2494 ee
1196 2428 1320 2494 debiles.
1391 2491 1394 2498 .

256 2526 295 2614 ις’.
320 2537 417 2610 Δίκην
441 2527 475 2601 δὲ
498 2537 536 2610 ἣν
561 2542 617 2603 οὑκ
639 2530 737 2624 ᾔδειν,
762 2530 933 2628 ἐξιχνίοισοι.
1051 2538 1128 2603 ibid.
1152 2536 1349 2621 dijudicium
1369 2536 1446 2620 quod
1462 2554 1521 2601 κοιλ
1539 2555 1688 2615 noveram,
1706 2555 1761 2602 ee-

1013 2645 1132 2728 quisivi.

248 2751 341 2839 Ὀρᾶς
364 2749 424 2824 τὴν
448 2753 650 2842 προστασίαν·
674 2753 818 2845 ούμέχρι
833 2753 960 2843 χρημά-
1053 2753 1142 2820 Vides
1164 2751 1262 2817 tutelae
1281 2751 1427 2818 studium:
1442 2770 1501 2816 nun
1523 2759 1635 2816 tantum
1653 2751 1691 2816 ed
1712 2770 1762 2834 pe·

208 2881 281 2936 των,
294 2849 365 2924 oute
377 2857 469 2948 μέχρι
481 2870 597 2950 τροφῆς
609 2860 663 2924 καί
675 2853 865 2950 ἐνδυμάτων,
876 2865 959 2930 ἀλλὰ
1012 2857 1114 2926 eunies
1127 2877 1220 2942 usque
1235 2860 1410 2941 erogandas,
1419 2853 1479 2924 ‘uut
1492 2859 1606 2924 victum
1625 2877 1718 2944 usque
1731 2868 1762 2924 et

208 2965 261 3030 καί
286 2965 377 3058 μέχρι
399 2957 547 3032 κινδύνων
572 2970 738 3059 ἀλλοτρίας
758 2971 957 3062 προϊστάμην
1012 2969 1169 3045 vestitum,
1185 2965 1239 3032 sed
1260 2985 1354 3050 usque
1374 2965 1413 3030 ad
1434 2965 1574 3048 periculo,
1596 2965 1693 3032 alieno
1715 2983 1761 3032 me

213 3072 328 3163 μάχης.
1013 3074 1172 3141 certamini
1195 3074 1317 3140 inserui.

254 3175 299 3260 ιζ’.
326 3177 498 3270 Συνέτριψα
522 3173 556 3246 δὲ
580 3181 677 3270 μύλας
701 3175 824 3249 ἀδίκων.
1052 3183 1469 3267 11ιίι1.ν.11.ύοιι[ιιμι“ουίιιιι
1478 3183 1571 3248 notos
1584 3183 1759 3267 iniquorum.

247 3286 331 3377 Ὅροι
343 3285 404 3360 τὴν
418 3277 588 3376 δυσχολίαν
602 3299 656 3352 τοῦ
669 3289 864 3383 πράγματος·
876 3291 958 3360 καθά
1051 3290 1128 3357 llide
1141 3307 1230 3373 quam
1243 3290 1368 3356 arduum
1381 3308 1454 3373 opus
1468 3291 1522 3370 sit;
1538 3295 1693 3374 quomodo,
1705 3311 1761 3360 un-

208 3394 314 3471 πύθευ,
328 3393 431 3483 φησίν,
444 3385 507 3467 ἤδη
522 3393 576 3458 καί
587 3395 765 3486 προληρθὲν
778 3399 815 3464 τὸ
827 3409 959 3490 πρᾶγμα
1011 3394 1127 3476 denam,
1140 3396 1249 3478 inquit,
1262 3396 1324 3481 jam
1338 3396 1497 3480 inemptum
1511 3397 1662 3480 negotium
1682 3406 1762 3465 recte

206 3497 705 3593 ἀνώρθωσαἈληθωςὸΧριστὸς
717 3502 889 3582 etiem&
903 3507 959 3596 με
1011 3501 1200 3568 restituerim.
1222 3503 1267 3568 iio
1287 3503 1351 3588 ipso
1372 3503 1505 3570 Christus
1525 3504 1648 3571 veniens
1667 3505 1761 3570 molus

206 3610 266 3684 λας
286 3616 349 3672 τῶν
366 3607 586 3698 ἀντικειμένων
604 3613 763 3702 ἐνεργειῶν
780 3611 956 3678 ουνέθλασε·
1011 3611 1202 3677 adversarum
1216 3621 1394 3696 potestatum
1409 3613 1570 3696 confregit;
1585 3613 1679 3678 moles
1692 3612 1761 3677 leo-

207 3713 263 3792 τάς
288 3716 387 3806 μύλας
410 3726 472 3782 τῶν
495 3717 632 3783 λεόντων
656 3718 833 3809 συνέτριψεν
858 3725 874 3785 ὁ
895 3720 957 3785 Κύ-
1011 3736 1082 3784 num
1103 3720 1248 3802 confregit
1262 3720 1415 3802 Dominus,
1432 3730 1462 3786 et
1475 3721 1506 3786 in
1525 3720 1668 3804 propheto
1689 3720 1760 3784 sori·

212 3845 282 3912 ριος,
295 3823 349 3888 καί
365 3826 396 3888 ἐν
411 3833 458 3907 τῷ
470 3825 615 3914 προφήτῃ
630 3825 817 3916 γέγραπται·
831 3827 884 3894 Ἐκ
902 3830 957 3918 με’-
1011 3837 1093 3910 ptum
1113 3837 1176 3894 est:
1201 3827 1273 3893 otte
1292 3828 1387 3894 medio
1407 3827 1539 3894 dentium
1560 3845 1660 3894 eorum
1681 3825 1760 3908 rapl-

210 3952 265 3996 σου
291 3921 426 3995 ὀδόντων
451 3935 553 3996 αὐτῶν
576 3932 728 4024 ἅρπαγμα
752 3927 922 4026 ἐξήρπασα.
1009 3953 1078 4000 nam
1098 3935 1225 4020 eripui.»

251 4051 300 4110 ιη’.
325 4032 407 4102 Εἶτα
423 4029 466 4104 δέ·
478 4041 515 4102 ‘ii
531 4040 641 4112 ἡλικία
657 4063 717 4128 μου
737 4039 879 4132 γηράσει,
897 4044 957 4108 ὥσ·
1049 4040 1125 4105 ibid.
1147 4059 1179 4105 ν.
1203 4042 1253 4104 18.
1276 4042 1351 4106 Diei
1369 4049 1482 4106 auem:
1503 4043 1589 4108 Aetas
1602 4058 1667 4106 mea
1682 4057 1760 4104 σιτισ-

205 4164 263 4231 περ
288 4141 437 4232 στέλεχος
462 4145 604 4233 φοίνικος.
909 4201 912 4208 .
1008 4154 1075 4228 sest,
1097 4149 1171 4212 είοιιί
1189 4153 1303 4211 trum
1321 4147 1448 4231 palmae.

247 4245 330 4339 Ὅρα
353 4239 388 4314 δέ
404 4249 487 4339 μετά
502 4249 598 4316 πόσον
613 4251 723 4342 χρόνον
739 4263 843 4320 ταῦτα
858 4255 954 4348 λέγει,
1048 4253 1123 4321 Vide
1132 4262 1275 4337 quantum
1287 4265 1353 4338 post
1363 4263 1479 4338 tempus
1489 4255 1533 4320 sie
1547 4254 1691 4337 loquatur,
1705 4271 1761 4320 neo

207 4354 278 4444 οὺχί
297 4354 510 4445 καυχώμενος,
526 4349 598 4424 οὐδὲ
614 4365 865 4452 μεγαλοφρονῶν,
883 4365 952 4430 ἀλλ’
1008 4358 1165 4440 gloriosus,
1182 4378 1237 4426 neo
1251 4377 1356 4442 magno
1370 4379 1436 4426 oum
1451 4362 1619 4446 supercilio,
1634 4361 1687 4426 sed
1708 4380 1760 4428 ne·

199 4456 455 4553 ·ἀνοιγκαζάμενος
479 4469 577 4530 εἰπεῖν
599 4477 656 4532 τοῦ
686 4473 767 4534 Θεοῦ
790 4468 850 4543 τὴν
878 4469 955 4562 πρά·
1007 4468 1145 4534 oessime
1163 4478 1281 4534 coaetus
1298 4469 1396 4534 dicere
1410 4470 1464 4535 Dei
1480 4469 1711 4552 providentiam,
1727 4477 1758 4535 et

202 4589 302 4645 νοιοιν,
327 4569 381 4632 καί
403 4568 455 4634 ἐπὶ
477 4571 558 4634 τίσιν
584 4572 739 4638 ἀπέλαυεν
763 4579 877 4655 αὺτοῦ,
901 4579 954 4644 καί
1008 4576 1116 4659 quibus
1137 4576 1221 4642 bonis
1235 4576 1313 4642 illius
1327 4577 1479 4660 gauderet,
1493 4587 1523 4643 et
1543 4577 1574 4644 in
1596 4595 1654 4661 quo
1675 4584 1757 4642 stetu

197 4677 235 4738 ἐν
259 4675 340 4740 τίσιν
365 4675 432 4742 ἐστί
455 4687 514 4742 νῦν.
889 4725 897 4744 .
1007 4700 1087 4746 nunc
1107 4681 1156 4747 sit.

244 4783 318 4870 Κερ.
342 4780 386 4857 A‘,
411 4776 448 4846 α’.
479 4783 553 4848 Νυνί
576 4775 610 4849 δὲ
641 4787 858 4877 κατεγέλασάν
892 4813 952 4880 μου
1047 4788 1119 4872 Cep.
1141 4789 1230 4870 XXX,
1254 4789 1610 4858 1.Νιιιισιίοτίεοιιιιιίικο
1629 4793 1753 4873 minimi,

236 4977 264 5013 o.
287 4957 329 5012 15.
349 4960 414 5016 Vei.
435 4975 464 5016 ιν
484 4959 506 5015 i.
527 4960 592 5031 342,
612 4979 639 5018 vr
659 4963 678 5018 f.
698 4962 759 5021 378.
780 4965 878 5022 Latino
898 4968 952 5023 Co·
1007 4970 1071 5026 Juu.
1089 4970 1286 5043 chrysostomo
1309 4972 1426 5027 ascribit
1443 4991 1471 5045 p.
1491 4971 1554 5028 447.
1574 5003 1610 5016 -
1629 4973 1672 5029 Gi.
1700 4978 1755 5031 Ζιι-

201 5047 291 5105 mitol.
309 5067 336 5119 p.
352 5047 415 5101 403.
1007 5057 1083 5113 ohan.
1105 5074 1144 5126 ιι,
1163 5057 1181 5110 7

237 5158 263 5192 ιι.
288 5137 330 5194 16.
350 5143 414 5197 Vei.
436 5157 445 5196 ι
465 5141 486 5196 f.
511 5140 571 5211 118,
590 5159 610 5202 ιι
630 5144 652 5201 1.
672 5141 733 5214 169,
753 5161 795 5215 ιιι,
815 5147 837 5203 f.
856 5147 920 5203 217.
1042 5167 1069 5205 ο.
1093 5147 1135 5205 18.
1155 5151 1198 5204 Ex
1217 5150 1279 5206 eod.
1298 5153 1365 5207 Vst.
1385 5151 1453 5205 ibid.

241 5249 266 5285 ο.
292 5229 331 5287 17.
354 5234 417 5288 Vei.
439 5250 447 5288 ι
468 5233 489 5294 s,
508 5231 569 5302 188,
588 5251 609 5289 ιι
629 5235 648 5290 i.
670 5234 729 5294 169.
752 5239 851 5294 Priore
869 5244 953 5297 sorba
1045 5238 1655 5318 cop.XXX,1.vstnr.171,toousproph.
1668 5243 1753 5314 rugit.
