4044 6098
809 504 850 572 IN
873 504 1030 574 desueti
1051 505 1119 573 tou

230 663 412 722 Γεννῶνται
428 647 462 722 δέ
477 661 574 744 αὐτῷ,
587 657 690 747 φησὶν,
707 657 767 724 eloi
786 657 868 724 ἑπτά
885 659 940 724 καὶ

181 759 358 856 θυγατέρες
366 774 447 855 τρεῖς
450 821 461 857 ,
471 765 536 830 ὅσοι
549 760 629 842 ἦσαν
642 763 696 830 καὶ
708 764 868 856 πρότερον·
877 755 940 831 ἔδει

180 859 220 936 δὲ
245 867 319 946 τοὺς
342 868 397 960 μέν
420 861 650 961 δεκατέσσαρας
666 865 753 949 εἶναι,
769 869 826 948 τάς
847 863 881 938 δέ
897 864 939 950 ἒξ,

180 973 239 1036 ἵνα
254 968 314 1040 εἷεν
329 965 436 1041 διπλοῖ
444 985 507 1041 τῶν
521 977 732 1044 ἀπολωλότων
744 969 874 1044 παίδων.
887 977 942 1042 Λέ-

179 1104 286 1172 γσμεν
311 1076 376 1173 οὖν,
393 1083 443 1150 ὅτι
466 1083 508 1150 τά
526 1083 580 1174 μὲν
597 1079 743 1176 πρόόατα
758 1085 942 1152 άπσλώλσν-

178 1210 251 1266 ται,
269 1187 323 1254 καὶ
346 1188 388 1255 τά
410 1191 524 1266 κτήνη·
540 1197 569 1256 ol
593 1182 626 1256 δὲ
643 1192 703 1257 υἱοὶ
719 1192 773 1258 καὶ
788 1199 821 1256 αἱ
844 1193 943 1285 θυγα-

179 1293 274 1386 τέρες
297 1295 503 1376 τεθνήκασιν,
528 1302 584 1364 οὐκ
607 1300 783 1366 ἀπώλοντο.
802 1291 941 1366 Ἔδωκεν

181 1396 241 1468 οὖν
267 1407 352 1488 αότῷ
369 1409 385 1469 ό
402 1407 478 1483 Θεὸς
495 1407 549 1472 καὶ
568 1407 660 1498 ἔτερα
679 1419 817 1474 τοσοῢτα
835 1408 941 1488 τέκνα,

181 1509 272 1578 ὥστε
295 1515 326 1578 ἐν
350 1524 391 1599 τῇ
417 1513 588 1590 ἀναστάσει
619 1507 715 1580 διπλᾶ
737 1517 821 1606 ἔχειν
849 1515 941 1597 αιίτά,

185 1617 275 1684 ὥστε
298 1620 354 1684 καὶ
376 1620 499 1712 πατέρα
515 1612 686 1688 διπλασίων
702 1615 823 1691 παίδων
846 1625 941 1690 αὐτὸν

181 1725 360 1797 πεποίηκεν
383 1732 400 1791 ό
424 1728 512 1806 θεδς,
529 1723 571 1794 ὧν
596 1725 634 1805 ἦν
657 1731 807 1822 πρότερον
824 1731 941 1822 πατήρ.

181 1837 224 1896 Et
242 1823 276 1897 δέ
298 1839 318 1908 η
344 1830 428 1924 ψυχὴ
446 1828 610 1902 έσόέννυτσ
627 1836 711 1927 μετὰ
726 1838 871 1915 θάνατον,
888 1838 943 1902 καλ

178 1938 312 2018 τάπης
336 1943 535 2020 ἀναστάσεως
560 1948 615 2009 odat
648 1942 686 2021 ἧν
711 1943 854 2036 άληθῶς,
878 1937 942 2012 ἔδει

180 2046 270 2124 υἱοὺς
294 2039 425 2123 δοθῆναι
449 2042 679 2143 δεκατέσσαρας
700 2039 753 2116 καὶ
770 2050 941 2144 θυγατέρας

183 2147 231 2232 ἕξ.
256 2154 309 2219 Διό
335 2161 420 2246 ἱερῶς
442 2163 462 2230 η
488 2157 591 2250 γραφὴ
616 2159 776 2247 τετήρηκε
799 2160 941 2250 περὶτοῦ

186 2262 242 2325 ὅτι
263 2255 375 2328 ἔλαθεν
399 2263 481 2340 υἱοὺς
497 2259 532 2344 ζ’·
549 2271 577 2332 εἱ
592 2256 626 2331 δέ
642 2264 839 2357 ἐγεγόνεισαν
857 2269 942 2349 αὐτῷ

186 2361 266 2435 δέκα
287 2370 435 2462 τέσσαρες
459 2371 596 2438 uiolaturi
619 2353 785 2465 θυγατέρες
808 2367 856 2452 έξ,
881 2398 943 2438 σω-

187 2473 318 2566 ζομένου
342 2489 397 2543 τοῦ
420 2479 491 2571 περὶ
520 2492 579 2556 τῆς
611 2480 810 2558 ἀναστάσεως
833 2480 940 2573 λόγου,

188 2586 246 2648 οὐκ
271 2585 345 2650 εἰσὶν
370 2589 454 2670 αὐτῷ
478 2578 575 2652 διπλᾶ
599 2579 750 2677 δεδομένα
773 2586 816 2653 τά
834 2589 941 2668 τέκνα,

1686 509 1744 576 δθθ

1032 655 1102 722 Nati
1117 663 1212 724 αιιιιπι
1231 659 1276 722 titt
1295 659 1423 739 suerum,
1447 658 1554 742 iuquit,
1570 665 1677 742 repleor
1690 657 1746 742 filii

992 769 1019 827 ct
1032 768 1088 828 troo
1102 763 1193 846 filiae,
1209 773 1282 847 quot
1296 782 1414 848 quoque
1428 764 1466 830 ab
1482 765 1566 830 initio
1579 774 1673 834 erant
1688 765 1747 832 Ne·

993 888 1076 937 cesse
1089 880 1198 950 autem,
1216 871 1291 938 liant
1309 870 1340 935 hi
1361 871 1481 956 quidem
1496 881 1621 956 quatuor
1635 873 1745 954 decern,

994 977 1054 1042 illae
1074 996 1148 1044 uero
1168 996 1230 1059 εει,
1254 987 1288 1042 ut
1308 979 1431 1062 duplum
1454 979 1507 1045 liat
1528 980 1746 1048 interfectorum

994 1084 1163 1152 liberorum.
1188 1083 1319 1148 Dicimus
1339 1103 1410 1167 ergo
1431 1085 1511 1168 quod
1530 1103 1604 1152 oves
1623 1085 1745 1169 quidem

994 1201 1025 1257 et
1041 1192 1178 1274 jumenta
1198 1191 1348 1258 destructa
1368 1202 1451 1270 sunt,
1474 1192 1526 1258 sed
1547 1192 1601 1256 lilii
1622 1203 1655 1258 et
1676 1192 1747 1257 fitia

994 1299 1081 1364 morti
1095 1296 1157 1365 dati
1172 1296 1302 1379 luerunt,
1316 1316 1376 1364 non
1394 1297 1565 1382 perditioni.
1581 1297 1662 1362 Deus
1675 1314 1746 1379 ergo

995 1402 1037 1467 illi
1059 1404 1188 1470 reddidit
1208 1403 1282 1469 alios
1304 1403 1427 1470 totidem
1448 1404 1576 1483 liberos,
1601 1405 1643 1472 ita
1661 1415 1695 1470 ut
1715 1405 1746 1468 in

993 1512 1206 1578 resurrectione
1220 1512 1310 1596 duplo
1325 1530 1376 1578 eos
1397 1512 1516 1594 habeat,
1532 1522 1562 1578 et
1578 1512 1659 1578 Deus
1679 1530 1745 1578 eum

993 1617 1096 1684 lecerit
1109 1627 1223 1702 patrem
1237 1618 1352 1684 numeri
1369 1618 1495 1685 illiorum
1509 1618 1599 1704 duplo
1614 1619 1744 1702 majoris,

994 1743 1083 1808 quam
1097 1736 1182 1808 pater
1195 1733 1284 1790 antea
1299 1725 1404 1790 luerat.
1420 1723 1546 1803 Quodsi
1561 1723 1660 1790 anima
1681 1732 1748 1809 post

995 1841 1117 1898 mortem
1137 1830 1271 1910 evanuit,
1288 1849 1384 1916 neque
1404 1851 1476 1898 vera
1496 1832 1559 1897 sint
1579 1849 1614 1898 ea
1629 1831 1746 1914 quaeda

993 1939 1209 2006 resurrectione
1223 1939 1392 2020 creduntur,
1408 1949 1578 2023 oportuerat
1590 1940 1653 2005 dari
1669 1939 1746 2005 lilios

994 2046 1225 2130 quatuordecim,
1237 2065 1348 2131 sexque
1359 2046 1445 2113 filias.
1462 2047 1573 2112 ldoirro
1588 2046 1668 2112 haud
1682 2046 1747 2112 sine

993 2163 1178 2220 sacramento
1198 2153 1349 2238 Scriptura
1374 2155 1509 2221 servarit
1527 2153 1618 2237 illud,
1641 2171 1747 2237 nempe

994 2259 1109 2342 accepit
1125 2260 1201 2325 lilios
1213 2270 1338 2344 septem.
1354 2261 1441 2341 Quod
1462 2261 1487 2324 si
1509 2270 1606 2326 autem
1620 2261 1747 2326 luissent

994 2363 1022 2428 ei
1041 2364 1263 2448 quatuordecim
1284 2365 1336 2428 lilii
1356 2382 1392 2429 ao
1404 2383 1454 2431 serr
1477 2365 1558 2446 lilia,
1576 2366 1661 2430 salvo
1681 2384 1748 2448 pro·

995 2472 1064 2536 inde
1078 2471 1297 2537 resurrectionis
1311 2472 1461 2554 dogmate,
1476 2471 1532 2555 ipsi
1549 2469 1669 2536 minime
1683 2469 1745 2536 dati

994 2579 1089 2646 forent
1104 2581 1136 2645 in
1149 2581 1239 2664 duplo
1252 2599 1373 2646 numero
1388 2581 1453 2662 lilii,
1471 2580 1559 2644 immo
1580 2578 1746 2662 triplicatus

188 2691 273 2757 ἀλλά
294 2696 422 2784 τριπλᾶ,
444 2691 464 2766 δ
489 2690 568 2768 ἦσαν
594 2686 628 2759 δὲ
650 2703 783 2785 πρῶτον.
995 2686 1097 2753 luisset
1116 2705 1216 2752 eorum
1236 2707 1392 2772 uumerus,
1415 2697 1487 2772 quot
1507 2687 1589 2771 prius
1615 2687 1743 2753 luerent.

236 2795 277 2874 ις’.
292 2793 409 2878 Ἔζησε
426 2791 461 2864 δὲ
476 2794 544 2865 Ἰὠό
562 2799 644 2890 μετά
659 2801 719 2876 τὴν
737 2800 864 2893 πληγὴν
883 2802 939 2874 ἔτη
1034 2795 1110 2860 leid.
1133 2815 1165 2862 v.
1189 2797 1239 2861 16.
1255 2796 1298 2860 dr
1318 2798 1393 2862 eicit
1409 2796 1464 2862 dod
1477 2803 1545 2881 peel
1554 2793 1677 2880 plepem
1692 2807 1746 2861 tm·

189 2903 301 2970 ἑκατόν
311 2897 541 2995 ἑόδσμήκσντα,
550 2906 593 2974 τά
606 2899 639 2973 δὲ
648 2908 753 2972 πάντα
765 2908 820 2979 ἔτη
832 2903 942 2987 ἔζησεν
994 2921 1047 2966 tter
1067 2907 1175 2966 eentum
1194 2905 1377 2987 septuaginta
1384 2951 1393 2982 ,
1414 2922 1509 2968 omncs
1533 2909 1629 2969 autem
1654 2919 1746 2967 aneos

192 3001 336 3078 διακόσια
351 3013 589 3105 τεσσαράκοντα
609 3013 704 3098 [Alea.
728 3015 820 3078 aridii.
835 3012 941 3100 darell.
994 3010 1068 3075 eicit
1086 3010 1217 3075 ammos
1238 3011 1434 3095 quadraginin
1454 3017 1526 3082 ecio,

198 3115 261 3180 Vnt.
286 3117 356 3192 8⁰8,
380 3122 410 3182 i.

190 3259 192 3264 .
235 3232 303 3302 Πῶς
319 3237 437 3290 νοεῖται
453 3231 469 3290 ὁ
486 3221 555 3293 ἰὼό
571 3221 669 3307 ζήσας
686 3226 769 3316 μετὰ
784 3228 844 3304 τὴν
861 3235 944 3304 πλη·
1035 3227 1188 3305 Qnomodo
1203 3228 1382 3310 intelligitur
1395 3229 1450 3294 Jolr
1464 3228 1588 3306 vixisse,
1604 3236 1670 3312 post
1683 3228 1746 3311 pla·
1764 3295 1771 3308 ,

189 3331 262 3426 γὴν,
279 3333 335 3406 ἔτη
357 3330 407 3422 ρο’,
424 3342 487 3398 τῶν
511 3335 637 3399 πάντων
661 3336 759 3400 ὄντων
780 3346 838 3413 της
862 3331 943 3417 ζωῆς
996 3353 1075 3417 garn,
1091 3353 1184 3401 annos
1197 3335 1385 3418 septuaginta
1399 3353 1488 3416 supra
1502 3345 1630 3415 centum,
1643 3343 1746 3400 etom-

190 3442 285 3503 αὐτοῦ
309 3441 387 3502 ἑτῶν
417 3438 492 3528 σμη’
500 3465 508 3518 ;
533 3440 642 3530 Φαμὲν
665 3443 768 3507 τοίνυν
792 3447 945 3510 λεπτολυ-
996 3461 1049 3509 nee
1071 3443 1143 3510 rita
1162 3459 1256 3508 annos
1278 3442 1368 3508 tuisse
1385 3441 1527 3508 ducentes
1548 3441 1746 3526 quadraginta

189 3557 326 3640 γοῦντες,
344 3548 394 3613 ὅτι
418 3548 524 3614 πάντα
547 3549 589 3616 τά
613 3549 718 3644 ἀγαθά
741 3543 839 3617 διπλᾶ
863 3556 943 3619 ἀπο·
995 3548 1086 3614 octo‘l
1101 3548 1232 3614 Dicimus
1246 3548 1348 3631 igitur,
1364 3547 1476 3615 calculo
1491 3547 1657 3613 minutatim
1677 3565 1746 3615 exa-

190 3647 305 3733 λαόών,
323 3653 376 3720 ἐάν
400 3655 454 3720 καὶ
476 3654 518 3722 τά
534 3667 591 3733 της
607 3659 758 3750 προτέρας
779 3661 943 3751 εὐημερίας
995 3665 1054 3738 oto,
1070 3656 1151 3741 quod
1171 3674 1236 3723 curu
1258 3656 1348 3739 dupla
1361 3654 1534 3724 resumserit
1546 3654 1744 3732 ennianum,

191 3762 246 3834 ἔτη
262 3753 359 3828 διπλᾶ
371 3763 577 3843 άπιίληπται,
587 3765 684 3842 οὕτως
693 3763 862 3857 ἀριθμῆσαι
871 3789 945 3855 προ·
995 3766 1020 3830 si
1041 3782 1113 3847 erge
1133 3763 1202 3828 enni
1217 3764 1289 3830 viiie
1309 3763 1391 3846 prius
1410 3772 1487 3828 delae
1506 3762 1629 3830 feliciter
1648 3761 1746 3847 dupli·

191 3869 290 3946 σήκει.
311 3865 444 3952 Ἕζησεν
468 3877 500 3938 ἐν
524 3884 564 3960 τῇ
582 3873 720 3966 προτέρᾳ
736 3873 862 3960 εὐθηνία
884 3875 940 3948 ἔτη
995 3879 1109 3951 eantur,
1122 3872 1166 3937 sie
1180 3881 1352 3954 computare
1368 3889 1530 3954 congruum
1544 3881 1599 3937 est.
1617 3870 1699 3939 llicit
1714 3871 1745 3934 in

191 3970 245 4057 οζ’,
258 3978 313 4042 και
329 3977 378 4070 ἀρ’
393 3974 427 4046 οὗ
443 3978 503 4054 τὴν
519 3979 648 4072 πληγὴν
665 3973 804 4059 ἐδέξατο,
821 3980 942 4070 ἔμεινεν
995 3980 1051 4046 hac
1073 3979 1172 4063 priore
1190 3978 1331 4045 ielioitate
1351 3997 1444 4047 annos
1469 3977 1659 4062 septuaginta
1679 3996 1746 4062 sep·

190 4091 220 4152 ὲν
244 4097 285 4174 τη
311 4085 507 4172 κακοπαθείᾳ
529 4088 585 4162 ἔτη
613 4079 658 4152 ιδ’.
684 4089 790 4165 Οὕτως
813 4089 941 4164 νοητέον
998 4097 1066 4167 tem,
1086 4096 1117 4152 et
1135 4087 1172 4152 alr
1193 4084 1250 4151 hoc
1270 4096 1400 4168 ternpore
1420 4105 1478 4169 quo
1499 4087 1617 4169 plagam
1637 4085 1742 4168 subiit,

190 4196 227 4262 τό
245 4194 328 4285 μετά
349 4193 410 4270 τὴν
430 4193 570 4288 πληγὴν,
595 4199 650 4262 οὐκ
666 4194 716 4285 ἀρ’
734 4191 768 4260 οὔ
791 4201 811 4270 ἡ
829 4195 938 4288 πληγὴ
994 4199 1104 4262 mansit
1119 4194 1149 4260 in
1163 4195 1332 4260 calamitate
1345 4211 1438 4260 annos
1452 4193 1683 4276 quatuordeeim.
1698 4194 1744 4259 lta

190 4301 360 4380 deoderico,
385 4301 454 4368 ἀλλ’
473 4302 523 4393 ἀρ’
541 4298 575 4368 οὗ
591 4295 720 4393 ἤρξατο·
744 4302 827 4392 μετά
851 4295 884 4368 δὲ
899 4302 941 4369 τά
994 4303 1217 4384 intelligendum
1242 4309 1287 4366 est
1311 4311 1427 4384 tempus
1454 4301 1552 4386 plagae
1578 4300 1743 4384 posteriue,

190 4408 327 4500 τέσσαρα
350 4409 405 4474 καὶ
427 4401 504 4474 δέκα
526 4409 596 4488 ἔτη,
623 4409 734 4500 χρόνον
756 4420 815 4485 τῆς
838 4408 940 4486 νόσου,
995 4408 1074 4473 haud
1088 4407 1206 4491 quidem
1227 4426 1245 4472 a
1263 4408 1425 4474 cesmdme
1439 4407 1546 4490 plage,
1561 4407 1615 4472 sed
1629 4406 1667 4470 ab
1681 4406 1745 4489 ejus

226 4570 254 4607 ε.
277 4549 319 4608 16.
334 4554 399 4609 Vei.
413 4567 441 4608 vl
455 4551 476 4606 i.
500 4550 561 4607 ΙθΙ.
581 4551 728 4608 cumulate
741 4552 786 4606 hio
804 4567 939 4608 annorum
992 4553 1081 4615 Ἔζησε
1101 4553 1126 4604 δέ
1145 4557 1200 4622 πρὶν
1214 4555 1258 4614 τῆς
1271 4555 1371 4624 πληγῆς
1385 4550 1426 4607 ian
1441 4550 1491 4619 πά,
1504 4557 1568 4622 μετὰ
1580 4553 1606 4603 el
1622 4550 1666 4607 τδν
1679 4556 1745 4606 πλη-

190 4643 352 4714 supputatio
371 4646 431 4697 ium
449 4660 465 4698 a
484 4641 607 4714 Vulgata
626 4642 733 4698 recedit
750 4659 833 4715 quarn
852 4659 869 4697 a
889 4661 939 4718 sy·
992 4642 1048 4714 γὴν,
1060 4637 1146 4694 λαθὼν
1165 4643 1249 4694 πάντα
1262 4644 1347 4709 διπλᾶ,
1360 4639 1484 4694 τουτέστιν
1504 4639 1546 4710 ρο’.
1560 4644 1600 4692 Τὰ
1617 4643 1643 4692 δέ
1661 4643 1745 4693 πάντα

191 4735 272 4804 nopai
290 4733 490 4789 Athenaaiana.
505 4733 579 4797 Ques
592 4731 809 4804 triennalem,
822 4731 939 4807 longum
992 4731 1035 4788 ἔτι
1054 4735 1098 4792 τῆς
1119 4733 1181 4792 ζωῆς
1200 4731 1274 4784 αὐτοῦ
1294 4731 1364 4801 opo'·
1384 4735 1434 4784 Kal
1454 4731 1502 4784 ἴδιν
1527 4733 1591 4792 υἱοὺς
1610 4731 1658 4782 τῶν
1685 4731 1743 4784 υἱῶν

190 4827 242 4889 θεέ,
256 4822 285 4875 in
298 4823 400 4894 quibua
413 4841 502 4894 gnava
515 4822 757 4879 insudaviibonu!
776 4821 939 4892 comitiolus,
993 4823 1067 4875 αὑτοῦ
1086 4822 1129 4882 ἕως
1148 4824 1267 4892 τετάρτης
1286 4826 1378 4894 γενεᾶς.
1398 4822 1539 4894 Γέγραπται
1563 4825 1589 4874 δέ
1608 4824 1746 4884 ἀναστῆναι

186 4915 283 4984 praef.
297 4929 325 4984 p.
339 4910 438 4967 29-34.
454 4914 609 4969 Rarissime
620 4917 687 4967 sunt
699 4917 823 4968 veterum
841 4915 875 4968 de
887 4914 940 4970 hoo
993 4912 1080 4978 αὐτὸν,
1102 4917 1156 4966 eto.
1176 4917 1208 4964 ut
1224 4911 1276 4965 Job
1303 4927 1377 4987 ruri,
1397 4931 1424 4966 v.
1448 4911 1492 4966 17.
1521 4911 1657 4966 Caeterum
1678 4928 1740 4964 mox

191 5006 357 5072 argumento
377 5003 544 5059 testimonia.
563 5001 727 5058 Undehand
741 5003 867 5073 ineptum
886 5003 942 5056 erit
992 5001 1074 5075 plura
1092 5003 1134 5057 De
1158 5002 1332 5057 Testamenta
1351 5005 1460 5072 atejus
1479 5001 1573 5056 codice
1593 5002 1741 5057 Vaticano.

191 5089 245 5143 huc
264 5107 394 5146 revocare
413 5091 606 5166 apocryphum
618 5089 747 5145 libellum
771 5091 941 5148 Testamenti
994 5090 1103 5146 Pluriea
1121 5094 1214 5146 entem
1238 5091 1654 5163 Testamentipseudepigraphi
1674 5092 1743 5146 sori-

191 5179 251 5248 Jod,
270 5195 304 5235 ex
322 5179 383 5234 cod.
404 5182 495 5238 Vatia.
512 5177 591 5248 1238,
610 5197 692 5253 qoem
711 5181 818 5235 detexit
836 5181 940 5250 Maius,
993 5185 1059 5252 ptor
1074 5182 1176 5236 asserit
1193 5182 1293 5238 Jobum
1305 5182 1334 5236 in
1347 5180 1441 5238 ulcere
1452 5197 1503 5238 sno
1517 5181 1620 5237 vixisse
1635 5185 1743 5253 septem

190 5268 346 5343 ediditque;
361 5271 389 5325 in
404 5275 485 5343 cujus
498 5270 628 5326 coronide
641 5273 683 5326 aie
696 5271 730 5325 nd
743 5287 803 5326 rem
816 5269 937 5344 legitur:
993 5289 1092 5330 annos.

1491 5373 1512 5408 υ
