4038 6088
831 531 957 599 CODEX
979 531 1068 597 SAEC.
1093 532 1130 600 tl
1698 530 1754 595 let

208 691 363 775 episcopus
376 685 671 772 Gestello7flipensis,
687 687 738 770 qni
752 686 854 752 ederat
868 682 1015 749 collationi
1037 681 1264 766 Carthaginensi
1279 699 1308 747 6.
1329 683 1398 747 let.
1414 682 1520 749 Exstat
1532 682 1649 749 libellus
1664 681 1693 747 in
1707 683 1753 746 lli·

209 792 577 862 ultramuraneum.
601 790 718 856 Putrot.
742 789 844 868 Lvlll,
867 807 897 872 p.
922 788 991 852 768.

809 980 935 1032 urerer
958 979 1044 1030 nvo
1069 945 1206 1033 66666

763 1099 920 1152 6666666
937 1097 985 1148 un
1004 1097 1198 1150 6666666666

763 1222 816 1271 66
833 1218 1017 1272 6666666
1034 1219 1161 1272 666666

250 1385 337 1451 Nulla
358 1403 425 1460 cum
446 1385 485 1447 sit
505 1381 665 1463 distinctio,
688 1381 754 1448 sire
779 1389 848 1446 ante
868 1381 935 1447 sire
956 1388 1022 1463 post
1041 1379 1132 1444 verbu
1153 1393 1267 1444 66666
1290 1392 1381 1457 nvo,
1403 1383 1512 1466 ambigi
1536 1394 1634 1467 potest
1659 1395 1756 1452 utrum

209 1493 264 1556 duo
280 1491 345 1556 libri
359 1490 526 1556 tribuantur
540 1487 663 1567 Cereali,
679 1504 717 1551 en
729 1487 868 1570 Agnello.
884 1487 927 1552 Ex
946 1487 1086 1553 alterutra
1100 1497 1199 1555 autem
1218 1490 1342 1556 lectione
1356 1509 1466 1557 norum
1484 1492 1596 1575 aliquid
1610 1496 1755 1577 exsurgit,

210 1616 300 1680 quum
323 1613 409 1663 neme
430 1597 572 1660 hactenus
593 1593 712 1659 noverit
731 1593 806 1658 duos
826 1592 954 1658 Cerealis
969 1591 1093 1671 tibullus,
1105 1611 1190 1659 nemo
1211 1593 1285 1660 duos
1306 1595 1395 1661 libros
1415 1597 1605 1679 epistolarum
1626 1599 1756 1682 lgnelli.

209 1706 272 1770 Una
286 1706 366 1770 enim
380 1702 508 1770 Cerealis
522 1710 614 1780 extat,
635 1701 679 1764 uti
701 1702 912 1785 supradictum,
933 1710 1168 1785 memoraturque
1182 1702 1354 1770 breuissima
1370 1705 1465 1788 opella
1481 1706 1559 1789 apud
1573 1706 1758 1774 Gennadium

212 1831 279 1899 rep.
302 1816 354 1892 96,
376 1813 578 1879 Hildeionsum
600 1828 665 1893 cap.
693 1811 744 1890 10,
766 1809 927 1874 Honorium
949 1808 1000 1873 lib.
1016 1807 1055 1889 11,
1078 1809 1128 1887 96,
1152 1807 1347 1874 Trithemium
1366 1829 1431 1894 cap.
1455 1812 1525 1876 183.
1548 1810 1623 1877 ltem
1643 1813 1759 1896 llgnclli

210 1941 269 1989 nna
291 1932 405 1988 tanturn
423 1927 446 2000 ¹)
467 1928 613 2004 superest,
634 1936 752 1999 unaque
774 1926 950 1984 memoratur
971 1915 1095 2000 epistole
1109 1915 1147 1981 ad
1162 1916 1341 1996 llrmcnium,
1363 1917 1415 1983 sed
1433 1933 1519 1983 nemo
1537 1905 1656 1984 audivit
1676 1920 1759 2003 quid·

210 2049 299 2116 quem
320 2030 358 2096 de
379 2029 495 2094 duobus
516 2027 600 2092 libris
619 2025 756 2110 ejusdem'
772 2023 973 2108 epistolarum,
996 2040 1052 2086 nec
1072 2021 1155 2087 deest
1175 2023 1308 2104 dubium,
1325 2024 1397 2106 quin
1418 2025 1602 2090 oberraverit
1624 2025 1760 2091 incautus

210 2138 380 2225 epigraphe
401 2138 594 2219 conscriptor,
608 2145 660 2200 eut
673 2152 727 2218 pro
741 2152 793 2198 sua
808 2130 938 2197 ruditate
951 2130 1023 2195 duos
1037 2128 1123 2195 libror
1137 2129 1314 2196 intellexerit
1327 2131 1365 2197 de
1380 2140 1502 2216 utraque
1516 2133 1611 2216 opella
1632 2133 1760 2199 Cerealis

210 2257 240 2314 et
253 2247 382 2331 lgnelli.
400 2247 477 2311 Sane
490 2244 598 2327 legitur
611 2243 697 2307 unica
711 2241 829 2323 llgnelli
843 2238 966 2324 epistola
981 2239 1019 2304 od
1040 2238 1210 2304 Armenium
1231 2237 1361 2315 (Pclrol.
1378 2240 1505 2322 uxvlll,
1521 2242 1577 2307 col.
1594 2243 1677 2321 382),
1693 2259 1760 2324 que

210 2356 298 2423 scribi
314 2355 410 2439 potuit
426 2353 498 2420 inlra
513 2369 606 2419 annos
623 2352 680 2418 tel
695 2360 725 2416 et
739 2349 808 2428 666,
824 2347 863 2412 ab
880 2346 1012 2430 ingressu
1032 2345 1147 2429 llgnelli
1164 2346 1239 2411 inter
1253 2345 1391 2428 clericos;
1408 2348 1461 2413 sed
1481 2347 1663 2433 probabilius
1684 2347 1759 2413 inire

209 2481 238 2528 a.
256 2463 407 2540 666-666,
423 2460 461 2527 ab
475 2460 605 2544 ejusdem
620 2475 724 2540 nempe
744 2455 963 2522 consecratione
979 2455 1009 2520 in
1030 2457 1200 2539 episcopum
1221 2455 1477 2540 Rauennatensem
1498 2458 1536 2522 ad
1556 2465 1667 2523 certum
1688 2458 1759 2524 ritas

209 2588 271 2636 sose
290 2569 413 2650 obitum,
433 2567 515 2651 juxta
536 2563 754 2646 chronologiam
774 2564 813 2626 ab
834 2562 926 2628 altero
946 2562 1070 2645 dgnello
1090 2581 1158 2628 srec.
1181 2563 1222 2628 lx
1242 2563 1316 2629 scite
1333 2572 1542 2648 computatam.
1566 2565 1634 2630 llaec
1656 2562 1759 2630 sedulo

210 2675 350 2754 notanda,
372 2692 425 2759 pro
446 2672 555 2740 codicis
574 2680 675 2750 etate,
695 2682 725 2737 et
745 2679 880 2754 prompto
903 2671 977 2737 inter
998 2680 1115 2738 ueteres
1135 2670 1288 2756 episcopos
1309 2674 1481 2741 commercio
1502 2674 1675 2741 libellorum.

715 2877 922 2929 blemmnvna
943 2874 1256 2938 unvsulconnms

715 3001 844 3053 sotus

212 3173 265 3240 Vix
281 3172 418 3250 dubium,
430 3172 502 3251 quin
516 3172 565 3237 bic
579 3181 684 3254 agatur
698 3171 735 3236 de
748 3171 853 3237 Fausto
868 3171 1014 3236 lirinensi
1030 3169 1146 3248 abbate,
1154 3170 1231 3236 -dein
1252 3172 1389 3257 episcopo
1403 3173 1544 3256 Regensi,
1562 3191 1590 3238 6.
1616 3177 1758 3242 lle-lae.

211 3279 267 3345 Sed
288 3297 347 3364 quo
367 3279 403 3344 de
425 3278 525 3344 libello
545 3277 745 3359 cogitandum,
769 3295 825 3342 non
846 3276 952 3361 liquet.
977 3277 1007 3342 Si
1027 3277 1243 3361 respiciendum
1264 3279 1304 3342 sit
1325 3279 1363 3343 od
1384 3281 1510 3363 primum
1532 3281 1610 3346 inter
1627 3282 1762 3366 [ejusdem

137 3365 146 3374 ⁶
211 3403 299 3470 opero
319 3396 512 3454 memoratum
533 3386 612 3470 6666
633 3385 809 3466 Fabricium,
827 3383 932 3448 tibrum
951 3384 984 3447 dr
1006 3384 1118 3468 Spiritu
1140 3383 1265 3466 Scorto,
1288 3386 1331 3450 uti
1353 3387 1507 3469 sequentia
1528 3388 1653 3455 suadent
1672 3389 1759 3471 satis,

210 3501 245 3565 eo
266 3498 363 3582 magis
382 3496 552 3576 dolendum,
575 3496 626 3562 illo
647 3495 678 3559 in
700 3493 799 3560 codice
819 3491 991 3572 desiderari,
1014 3491 1093 3575 quod
1109 3489 1188 3557 liber
1208 3493 1327 3575 penitus
1346 3493 1476 3561 creditur
1495 3494 1659 3563 excidisse:

758 3689 917 3742 66666
962 3688 1129 3740 norun
1173 3652 1257 3741 scr

713 3825 909 3878 uunnosrr
932 3791 1000 3874 n'131
1023 3823 1075 3874 66
1095 3791 1259 3878 seusu—o

716 3921 787 4009 666
817 3919 975 4009 narsum
1003 3921 1265 4011 66666666661

716 4093 763 4140 66
785 4091 903 4142 runnu
932 4091 978 4140 uu
999 4089 1093 4142 66666
1118 4091 1163 4141 nr
1189 4053 1260 4142 spu

717 4187 811 4277 scor

211 4387 284 4465 Quae
304 4396 421 4452 exstare
442 4387 584 4454 ridentur
611 4386 688 4452 inter
715 4405 785 4472 opp.
814 4389 1019 4469 umbrosiane,
1042 4406 1146 4472 nempe
1175 4387 1219 4451 Dr
1241 4384 1356 4469 Spiritu
1377 4386 1487 4452 sucu
1509 4385 1574 4450 libri
1594 4391 1653 4450 trec
1674 4385 1760 4464 (Pa-

212 4492 277 4556 trol.
300 4492 377 4573 lllll,
401 4512 431 4570 p.
455 4493 542 4572 7⁰3),
566 4502 597 4557 et
616 4494 707 4558 etiarn
729 4510 822 4575 graece
841 4492 920 4574 6666
943 4492 1158 4558 Theodorctum
1179 4487 1389 4559 serreto'sunt
1409 4493 1589 4574 fragmenta,
1617 4510 1683 4575 quse
1705 4511 1762 4575 po-

211 4599 318 4664 sterius
341 4599 541 4666 testiinonium
562 4601 637 4666 satis
657 4600 788 4666 referunt
809 4599 863 4680 (ib.
885 4619 914 4685 6.
939 4601 1011 4678 etr)

764 4807 947 4858 Rmavnn
977 4807 1118 4858 elbum

718 4932 916 4985 GA'I'HOLICE
940 4932 1058 4984 FACTA
1077 4935 1102 4984 A
1120 4932 1256 4985 Nlcmun

251 5115 271 5170 ¹)
293 5107 370 5162 Unde
389 5109 433 5163 vir
451 5108 559 5178 doetus,
578 5125 660 5181 quem
678 5111 712 5164 eb
733 5109 814 5166 initio
832 5108 958 5177 laudavi,
1014 5113 1179 5168 Arminium
1197 5112 1231 5167 de
1244 5117 1354 5167 ratione
1367 5113 1433 5175 fidei
1448 5111 1574 5180 (unicum
1588 5111 1720 5165 babemus
1734 5109 1763 5162 in

212 5197 369 5268 promptius
381 5196 454 5252 hunc
469 5196 582 5252 titulum
596 5198 743 5270 rescripsit
760 5201 789 5253 in
808 5199 881 5252 bunc
899 5215 960 5253 mo·
1014 5201 1205 5274 editionibus).
1219 5203 1264 5259 Sic
1284 5201 1343 5272 ille,
1363 5209 1480 5261 unicam
1493 5205 1641 5275 epistolam
1660 5205 1763 5259 rectius

213 5285 292 5340 dum:
313 5288 382 5342 Item
407 5290 521 5360 Apnrlli
541 5291 608 5344 libri
632 5289 689 5358 duo
713 5290 897 5359 epistolarum
921 5289 960 5343 ad
1014 5290 1148 5346 dicturus.
1203 5309 1211 5323 ·
