4044 6098
290 501 349 567 388
371 497 374 504 '
970 488 1163 560 ortonnes

293 651 436 746 πέπηγεν
459 657 499 726 ὡς
522 649 616 726 λίθος,
640 651 772 723 ἕστηκε,
798 641 831 714 δὲ
855 649 957 738 ὥσπερ
981 647 1039 712 ἄχ.
1091 643 1156 723 ejur
1169 639 1337 704 induratum
1350 646 1392 704 eat
1412 646 1444 703 ot
1457 639 1546 724 lapte,
1567 640 1643 703 stetit
1656 647 1751 704 eutem
1770 640 1847 704 root

293 783 359 848 μων
383 759 550 833 ἀνήλατος.
582 755 642 820 Vot.
666 753 737 833 801,
761 756 791 819 1.
1092 750 1172 812 incur
1192 750 1319 812 immoto.

333 862 541 942 Ἀπελιθώθη,
565 863 669 954 puolo,
685 870 706 937 η
724 854 837 952 καρδία
857 865 961 938 αὑτοῦ,
985 861 1039 925 καί
1133 857 1188 921 Cor
1202 857 1276 940 ejuS,
1293 855 1399 938 inquit,
1416 856 1448 920 in
1462 874 1566 920 saxum
1579 873 1701 921 versum
1715 865 1772 933 est,
1786 873 1844 920 nec

289 975 344 1036 οὐκ
360 970 510 1046 ἑλαθηναι
526 962 666 1036 δύναται·
680 970 750 1035 ἀλλ’
765 971 836 1046 ὅλος
847 970 930 1034 ἐστὶν
945 973 1040 1033 &ero—
1093 963 1204 1028 moveri
1227 972 1334 1042 potest.
1353 962 1411 1028 Sed
1425 963 1531 1028 cattum
1545 962 1640 1027 Draco
1655 971 1734 1027 totus
1751 962 1844 1026 obdu·

289 1077 414 1155 κληκὼς
437 1079 492 1144 καί
516 1079 634 1169 ἰταμός·
660 1083 715 1144 οὒκ
738 1078 959 1166 ἐλαυνόμενος,
984 1080 1039 1140 οὐκ
1093 1068 1147 1150 xit,
1166 1079 1197 1135 et
1217 1089 1303 1154 asper
1320 1071 1426 1136 evasit.
1442 1071 1507 1136 Non
1530 1070 1701 1154 impellitur,
1717 1088 1776 1134 non
1797 1087 1847 1133 ra·
1894 1135 1900 1144 ,

290 1184 467 1250 ἀκολουθῶν
491 1186 594 1279 λόγῳ,
620 1187 675 1251 οὐκ
699 1186 784 1250 εἴκει·
807 1189 824 1248 ό
848 1175 882 1250 δὲ
906 1182 1039 1274 σκληρός
1093 1178 1166 1242 tioni
1181 1177 1363 1262 obsequitur,
1386 1179 1460 1244 nulli
1482 1179 1576 1260 cedit,
1598 1180 1689 1245 durus
1708 1187 1767 1258 eet,
1790 1177 1846 1239 im-

289 1297 384 1371 ἑστιν,
410 1294 577 1370 ἀνήλατος,
595 1285 766 1369 ἀνένδοτος.
783 1293 845 1356 Καί
861 1293 891 1356 εί
907 1317 954 1367 τις
978 1291 1039 1355 ἀπὸ
1093 1284 1219 1366 mobilia,
1235 1285 1435 1352 tnoxorabitis.
1452 1288 1527 1351 Etsi
1543 1287 1609 1372 quis
1623 1306 1639 1351 a
1655 1285 1778 1350 Diabolo
1792 1303 1847 1368 po·

289 1413 345 1468 τοῦ
372 1393 519 1468 διαόόλου
545 1401 707 1468 ἀπέσπασε
731 1393 871 1491 δύναμιν,
894 1401 948 1465 καί
970 1399 1041 1466 rot-

290 1534 347 1575 του
371 1502 540 1600 δράκοντος
557 1509 649 1584 αὐτὸς
665 1509 732 1598 ἔχει
744 1508 804 1581 τὴν
821 1500 950 1599 καρδίαν
967 1509 1042 1583 ἀνή-

289 1623 388 1683 λατον
402 1617 456 1682 καί
472 1621 527 1683 οὐκ
543 1615 761 1705 ἐλαυνομένην.
774 1621 809 1679 m
824 1607 857 1680 δέ
869 1639 916 1691 τις
928 1617 1040 1707 χρυσός

291 1729 375 1788 ἐστιν
393 1722 571 1788 ἀκολουθῶν
588 1733 633 1806 τῷ
657 1723 753 1814 λόγῳ,
776 1731 822 1806 τῷ
846 1725 1041 1814 χρυσοχοῖκῷ

292 1827 381 1908 οὗτος
394 1834 469 1897 εἴκει
485 1833 539 1907 ἕως
553 1829 589 1896 ἂν
602 1830 735 1923 γένηται
747 1828 884 1895 πέταλον
898 1843 1040 1922 χρυσοῦν,

291 1937 346 2002 καί
369 1930 499 2016 δέξηται
522 1937 593 2014 τοὺς
617 1937 732 2014 τύπους
754 1947 817 2003 τῶν
846 1939 1041 2032 γραμμάτων

291 2056 347 2112 τοῦ
367 2052 458 2124 Θεοῦ,
475 2049 505 2111 ἑν
523 2051 646 2136 Χριστῷ
669 2045 781 2124 Ἰησοῦ,
805 2039 830 2132 ᾧ
854 2052 874 2121 η
900 2037 977 2126 δόξα
1002 2055 1043 2126 είς

293 2153 365 2231 τοὺς
389 2160 501 2230 αἰῶνας
524 2153 652 2220 αἰώνων.
677 2153 789 2243 Ἀμήν.

337 2269 411 2354 Κερ.
434 2263 506 2340 MB',
526 2263 551 2328 ι’.
565 2256 702 2329 Ἔδωκεν
720 2255 753 2329 δὲ
776 2267 793 2327 ὁ
817 2261 926 2354 Κύριος
947 2253 1044 2329 διπλᾶ

292 2373 350 2437 ὅσα
380 2369 418 2447 ἧν
443 2371 615 2463 ἔμπροσθεν
640 2363 709 2436 ’1ὼο
734 2376 776 2448 εἰς
801 2362 1042 2461 διπλασιασμόν.

299 2477 354 2543 Vua
386 2477 509 2556 808,1.

340 2588 389 2671 ιβ’.
414 2587 450 2653 ‘0
476 2577 509 2652 δὲ
539 2585 647 2678 Κόριος
672 2587 825 2681 εὺλόγηοε
848 2587 891 2654 τοί
922 2589 1044 2678 ἔσχατα

294 2688 374 2772 boob,
399 2693 418 2768 ἣ
444 2693 486 2758 τὰ
507 2693 691 2785 ἔμπροσθεν·
707 2691 746 2770 ἧν
764 2687 798 2760 δὲ
814 2693 856 2760 τὰ
871 2696 972 2770 κτήνη
992 2701 1046 2760 αιί-

294 2791 360 2880 rob,
384 2794 529 2892 πρόόατα
554 2799 646 2892 μόρια
669 2803 922 2892 τετρακισχίλια,
938 2801 1045 2891 κάμη-

294 2912 345 2973 λοι
368 2899 589 2998 ἑξακισχίλιαι,
614 2902 709 3000 ζεύγη
738 2910 818 2993 βοῶν
842 2910 939 2998 χιλια.

341 3119 390 3215 ιγ’.
414 3127 587 3186 Γεννῶνται
603 3112 637 3186 δὲ
653 3126 738 3206 αὐτῷ
755 3122 815 3186 otol
829 3121 912 3187 ἑπτὰ
927 3123 980 3187 καί
995 3121 1047 3188 θυ-

295 3227 425 3320 γατέρες
449 3237 539 3316 τρεῖς.

340 3335 377 3396 m
399 3333 503 3398 πάντα
526 3333 568 3399 τὰ
584 3333 642 3398 ὅσα
658 3330 696 3409 ἧν
712 3335 884 3430 ἔμπροσθεν
905 3347 951 3422 τῷ
967 3330 1046 3417 Ibi,

297 3433 394 3507 διπλᾶ
411 3431 544 3506 δέδωκεν
562 3445 578 3504 ὁ
594 3440 713 3531 Κύριος,
732 3441 814 3531 μετὰ
829 3443 889 3516 τὴν
906 3445 1045 3535 πληγὴν,

297 3546 378 3614 καθὰ
401 3547 439 3612 τό
457 3548 533 3637 ίερόν
550 3570 626 3637 φησι
642 3547 787 3640 γράμμα,
811 3541 874 3615 ἔδει
898 3551 952 3615 καί
974 3553 1046 3630 τοὺς

297 3645 412 3728 παῖδας
436 3644 552 3729 διπλῶς
577 3647 662 3717 ε1ναι.
689 3654 806 3720 Σκόπει
828 3655 888 3748 γὰρ
912 3658 1047 3724 ἐπὶτῶν

297 3769 432 3834 κτηνῶν·
444 3752 598 3849 πρόόατα,
612 3761 714 3850 ρησίν,
731 3759 769 3838 ἦν
787 3767 871 3846 αὐτῷ
889 3765 981 3856 μόρια
997 3791 1049 3832 τε-

298 3869 513 3961 τρακισχίλια,
536 3873 567 3935 ὲν
590 3869 650 3963 γὰρ
673 3881 713 3957 τῇ
741 3875 821 3963 ἀρχῇ
848 3868 930 3964 εἶχεν
954 3879 1050 3941 ἑπτα-

297 3981 448 4069 κισχιλια·
472 3979 624 4068 καμήλων
641 3972 849 4072 ἑξακισχίλια,
867 3985 898 4047 ἐν
922 3983 982 4077 γὰρ
1005 3997 1046 4073 τῇ

298 4090 379 4177 ἀρχῇ
410 4081 491 4177 εἶχεν
515 4089 684 4177 τρισχιλια·
716 4082 812 4182 ζεῢγα
837 4091 917 4176 βοῶν
949 4094 1048 4182 χίλια,

298 4203 420 4284 πρῶτον
437 4191 496 4286 γὰρ
520 4191 600 4271 ἦσαν
617 4196 819 4262 πεντακόσια.
837 4198 881 4264 Tb
898 4201 975 4265 αὐτό
996 4201 1049 4266 καί

298 4299 349 4364 ἐπί
371 4309 435 4365 τῶν
460 4292 603 4390 νομάδων
627 4301 713 4367 όνων.

299 4459 422 4514 bomitiae
441 4459 476 4513 nd
493 4458 636 4532 populum.
652 4461 788 4533 Pleraque
803 4460 1003 4535 Olympiodoro
1022 4479 1050 4516 n-

299 4551 461 4605 eoribuntur
472 4550 545 4620 apud
563 4551 629 4605 Jun.
649 4569 677 4622 p.
690 4549 744 4605 593
758 4557 786 4606 et
799 4551 925 4609 Comilol.
941 4571 969 4626 p.
987 4552 1049 4625 5⁸25,

299 4639 348 4712 qui
367 4643 458 4693 temen
478 4639 507 4692 in
520 4640 646 4709 margine
660 4645 754 4695 monet
765 4657 799 4695 ex
813 4658 867 4696 nno
880 4643 977 4698 oodIoe
989 4644 1050 4698 heac

300 4743 361 4781 esee
380 4725 497 4796 Origeni
517 4726 692 4795 rIndicanda,
712 4727 785 4798 quod
804 4729 924 4782 martine
945 4733 1050 4786 confir-

282 4820 394 4872 matur
412 4833 447 4870 ex
465 4814 616 4887 doxologia
627 4815 699 4869 baud
719 4817 823 4871 omisso
841 4817 913 4888 apud
933 4817 1050 4873 Gatian-

300 4902 377 4960 ‹IIum
387 4922 415 4976 p.
429 4901 490 4972 106,
500 4903 548 4975 qui
558 4909 666 4976 partem
679 4902 779 4958 eobolii
792 4905 915 4976 priorem
929 4910 957 4960 et
970 4907 1053 4979 plura

301 4994 466 5049 intermedia
479 4994 608 5049 nescirit.
621 5023 657 5036 -
670 4994 712 5050 Cf.
729 4997 897 5056 ὰπιοκλκκώς
913 5013 975 5050 eum
988 5013 1049 5068 ουρ.

301 5099 380 5150 xxxi,
394 5103 420 5138 v.
444 5082 469 5151 l,
483 5103 512 5156 p.
527 5083 592 5152 379,
610 5085 655 5138 ubi
676 5089 864 5153 κατιοιιληκὼς,
877 5086 972 5141 eodem
992 5086 1051 5141 fere

302 5189 383 5226 sensu
408 5189 489 5244 quam
509 5173 718 5243 κατικληρυκιίς.
737 5203 773 5215 -
792 5173 835 5226 οόκ
854 5175 914 5226 ιίκιι
932 5177 954 5227 ol
973 5178 999 5226 δί
1022 5175 1051 5228 in

265 5313 269 5322 ,
301 5263 363 5317 eod.
373 5261 443 5316 nibil
453 5268 507 5332 eet,
518 5267 600 5335 pejus
609 5265 696 5317 οῑκιιοῒ
704 5266 730 5315 u
740 5265 811 5334 apud
825 5263 941 5318 Galland
964 5265 1053 5334 conji-

1096 1403 1232 1460 testatem
1253 1395 1404 1476 avulserit,
1421 1394 1469 1458 bio
1488 1394 1579 1460 etiam
1599 1393 1735 1459 draconta
1752 1391 1845 1459 babet

1094 1521 1144 1566 cor
1166 1502 1244 1568 flecti
1265 1501 1394 1584 nescium
1414 1512 1467 1568 aut
1487 1504 1607 1587 impelli.
1633 1503 1662 1567 Si
1684 1503 1752 1586 quie
1772 1523 1846 1570 vero

1092 1629 1198 1676 aurum
1212 1621 1268 1693 est,
1285 1612 1450 1695 obsequens
1463 1611 1567 1690 rerbo,
1581 1612 1659 1696 quod
1679 1622 1727 1678 est
1741 1629 1846 1677 aurum

1095 1729 1258 1799 terrenum,
1281 1720 1329 1784 bio
1349 1722 1404 1786 arti
1428 1722 1545 1786 lusoriae
1565 1722 1658 1800 aedit,
1680 1723 1773 1787 donec
1793 1723 1846 1788 bat

1095 1829 1214 1894 bractea
1235 1845 1341 1907 aurea,
1361 1838 1393 1895 et
1413 1827 1554 1913 susciptat
1576 1839 1661 1894 notas
1682 1830 1844 1896 litterarum

1095 1933 1161 2013 Dei,
1179 1935 1209 1998 in
1224 1931 1338 2000 Christo
1351 1935 1432 2014 lesu,
1448 1933 1494 1999 oui
1515 1934 1607 2016 glorio
1625 1935 1655 1999 in
1669 1937 1776 2001 secuta
1790 1955 1844 2002 αυ-

1096 2041 1239 2107 colorum.
1261 2044 1365 2106 brnen.

1137 2261 1210 2342 Cap.
1232 2257 1321 2338 XLII,
1345 2258 1394 2321 10.
1418 2255 1611 2322 Deditootenr
1633 2257 1774 2324 Dominae
1793 2261 1846 2324 ‹lu-

1096 2367 1150 2452 pto
1171 2385 1360 2452 parcamque
1380 2369 1464 2430 anteo
1484 2372 1568 2429 mont
1584 2365 1650 2449 lob,
1666 2367 1699 2432 ιἰι
1718 2368 1846 2452 duplico·

1099 2475 1209 2539 runem.

1137 2581 1214 2647 Ibid.
1236 2600 1268 2647 v.
1291 2581 1341 2645 It.
1364 2580 1406 2646 m
1425 2579 1565 2644 benedixit
1584 2581 1726 2644 Dominae
1745 2582 1844 2644 ooor'a·

1097 2692 1175 2757 aimo
1193 2691 1258 2772 lob,
1273 2707 1346 2774 prae
1365 2690 1400 2753 tir
1421 2708 1494 2774 quor
1507 2695 1602 2755 anteo.
1616 2687 1657 2754 m
1669 2689 1785 2770 [υιιιοιι
1795 2709 1847 2773 ρι-

1099 2819 1169 2864 coro
1188 2801 1261 2883 ejas,
1283 2819 1348 2863 ooea
1362 2798 1453 2863 darier
1473 2804 1500 2862 et
1519 2803 1621 2884 quater
1641 2797 1727 2862 mitte
1744 2798 1849 2862 romeli

1098 2909 1189 2972 aratra
1208 2904 1296 2986 millo,
1312 2907 1391 2990 jope
1411 2905 1496 2970 boam
1516 2900 1608 2984 millo,
1629 2905 1729 2969 asinae
1754 2904 1848 2988 pobo-

1100 3015 1190 3081 tootea
1211 3013 1297 3078 mito.

1139 3120 1216 3188 Ibid.
1240 3142 1270 3186 ν.
1293 3121 1343 3185 13.
1367 3119 1583 3186 renuuntur
1601 3121 1629 3186 ei
1639 3120 1695 3204 filii
1704 3126 1809 3205 reptem
1822 3127 1851 3185 rt

1099 3231 1177 3315 filiae
1198 3235 1263 3296 bea.

1142 3341 1172 3404 Si
1193 3358 1383 3424 quaecumque
1396 3338 1462 3405 tobi
1475 3346 1561 3405 erant
1575 3347 1674 3421 antea,
1690 3359 1725 3405 ea
1748 3338 1848 3403 Domi·

1101 3470 1156 3516 nus
1177 3449 1265 3532 dupla
1285 3447 1366 3514 dedit
1386 3457 1452 3530 post
1473 3448 1584 3526 ulcera,
1604 3457 1639 3513 ut
1658 3465 1741 3514 soora
1762 3449 1850 3515 babet

1101 3553 1705 3641 littera,oporrnitetiamfitIosdupIoesse
1717 3575 1848 3623 nurnero.

1102 3663 1262 3730 Considera
1283 3663 1363 3730 enim
1382 3663 1525 3746 jumenta.
1548 3663 1641 3729 Ibant
1662 3662 1716 3743 illi,
1740 3662 1847 3747 Inquit,

1102 3790 1175 3838 oreo
1189 3772 1291 3837 decern
1310 3781 1341 3836 et
1362 3781 1486 3856 quatuor
1500 3771 1606 3850 mittia;
1623 3791 1692 3836 narn
1705 3771 1744 3834 ab
1765 3768 1850 3835 initio

1101 3879 1207 3946 habuit
1226 3889 1337 3964 septem
1357 3881 1460 3945 millia.
1484 3880 1666 3946 Cametorunr
1693 3887 1778 3944 eraut
1798 3897 1851 3943 sex

1102 3986 1204 4062 millia,
1223 3987 1261 4052 ab
1277 3985 1361 4051 intuo
1375 3986 1453 4052 enim
1468 3986 1570 4051 babuit
1587 3984 1654 4051 tria.
1671 3985 1747 4064 Juga
1761 3986 1851 4051 boum

1102 4093 1196 4173 mille,
1208 4093 1317 4159 etenim
1331 4093 1457 4177 primum
1468 4092 1574 4159 babuit
1583 4094 1744 4177 quingenta
1754 4110 1762 4157 ι
1774 4092 1852 4157 idern

1103 4199 1210 4266 tactum
1231 4211 1276 4268 est
1295 4201 1333 4266 de
1354 4201 1446 4266 asinis
1466 4218 1574 4285 pesam
1596 4193 1798 4281 sequentibus.
1835 4263 1838 4268 .

1103 4461 1222 4518 cientem
1236 4461 1338 4529 otientur,
1351 4459 1399 4514 καί
1412 4459 1584 4514 retinendum
1605 4461 1672 4528 ιίκιι,
1686 4457 1759 4531 quod
1777 4459 1852 4513 infra

1104 4551 1332 4608 recurrit-An
1352 4548 1410 4620 leg.
1430 4551 1513 4620 χρυσῷ
1533 4551 1622 4620 χοῗκῷ,
1642 4547 1850 4604 revertendum

1103 4659 1209 4697 aureae
1226 4639 1376 4696 concinnit
1394 4637 1522 4710 Respicit
1539 4638 1627 4695 Lerit.
1648 4653 1708 4709 rur,
1729 4637 1757 4692 9.

1143 4729 1209 4800 Gap.
1229 4727 1325 4797 XLII,
1347 4725 1390 4797 10,
1411 4725 1456 4798 12,
1472 4725 1513 4783 13.
1527 4729 1592 4785 Vnt.
1612 4743 1641 4782 νι
1661 4727 1682 4783 f.
1704 4724 1764 4781 160.
1779 4726 1850 4780 Dum

1105 4837 1234 4876 numeros
1252 4836 1361 4874 morose
1380 4820 1500 4873 extricat
1512 4819 1662 4889 interpres,
1677 4817 1855 4888 inexspecta-

1104 4913 1164 4965 tum
1181 4909 1286 4981 Ingerit
1306 4910 1501 4979 argumentum
1514 4907 1547 4961 de
1561 4905 1765 4960 resurreotIone
1778 4919 1857 4957 mor-

1105 5005 1224 5070 tuorum,
1244 4998 1316 5072 quod
1334 4997 1418 5054 reIIm
1437 4996 1595 5070 expendunt
1613 4995 1687 5052 dooti
1701 4994 1856 5050 academici

1106 5090 1153 5160 qui
1172 5105 1262 5160 nuper
1280 5087 1471 5156 Hebraeorum,
1486 5088 1570 5142 immo
1583 5086 1644 5141 Jobi
1665 5084 1749 5138 fidem
1769 5081 1798 5137 in
1812 5083 1858 5137 vi-

1105 5185 1162 5233 tam
1175 5177 1297 5233 futuram
1311 5177 1445 5250 impetere
1457 5193 1513 5231 non
1525 5173 1697 5231 dubitarunt.
1706 5173 1766 5229 Neo
1779 5175 1854 5228 tem-

1106 5267 1212 5322 nendue
1232 5267 1313 5322 teatio
1332 5271 1375 5322 eet
1393 5268 1540 5340 Origenes.
