<?xml version="1.0" encoding="UTF-8"?>
<!DOCTYPE html PUBLIC "-//W3C//DTD XHTML 1.0 Transitional//EN"
    "http://www.w3.org/TR/xhtml1/DTD/xhtml1-transitional.dtd">
<html xmlns="http://www.w3.org/1999/xhtml" xml:lang="en" lang="en">
 <head>
  <title>
</title>
<meta http-equiv="Content-Type" content="text/html;charset=utf-8" />
  <meta name='ocr-system' content='tesseract 3.04.00' />
  <meta name='ocr-capabilities' content='ocr_page ocr_carea ocr_par ocr_line ocrx_word'/>
</head>
<body>
  <div class='ocr_page' id='page_1' title='image "./analectasacrasp01pitrgoog_0020.png"; bbox 0 0 3976 6078; ppageno 0'>
   <div class='ocr_carea' id='block_1_1' title="bbox 967 569 1038 936">
    <p class='ocr_par' dir='ltr' id='par_1_1' title="bbox 967 569 1038 936">
     <span class='ocr_line' id='line_1_1' title="bbox 967 569 1036 638; baseline 0 0"><span class='ocrx_word' id='word_1_1' title='bbox 967 569 1036 638; x_wconf 85' lang='lat' dir='ltr'><strong>XII</strong></span> 
     </span>
     <span class='ocr_line' id='line_1_2' title="bbox 976 875 1038 936; baseline -0.048 -2"><span class='ocrx_word' id='word_1_2' title='bbox 976 875 1038 936; x_wconf 90' lang='lat'><em>111.</em></span> 
     </span>
    </p>
   </div>
   <div class='ocr_carea' id='block_1_2' title="bbox 222 1161 1782 2913">
    <p class='ocr_par' dir='ltr' id='par_1_2' title="bbox 222 1161 1780 1714">
     <span class='ocr_line' id='line_1_3' title="bbox 307 1161 1780 1263; baseline -0.005 -21"><span class='ocrx_word' id='word_1_3' title='bbox 307 1175 453 1244; x_wconf 87' lang='lat' dir='ltr'><strong>Poetica</strong></span> <span class='ocrx_word' id='word_1_4' title='bbox 475 1176 595 1244; x_wconf 90' lang='lat' dir='ltr'><strong>autern</strong></span> <span class='ocrx_word' id='word_1_5' title='bbox 618 1175 656 1241; x_wconf 91' lang='lat' dir='ltr'><strong>et</strong></span> <span class='ocrx_word' id='word_1_6' title='bbox 677 1172 792 1258; x_wconf 90' lang='lat' dir='ltr'><strong>lyrica</strong></span> <span class='ocrx_word' id='word_1_7' title='bbox 814 1161 977 1263; x_wconf 71' lang='grc' dir='ltr'><strong>εὐφημία,</strong></span> <span class='ocrx_word' id='word_1_8' title='bbox 998 1187 1067 1256; x_wconf 94' lang='lat' dir='ltr'><strong>qua</strong></span> <span class='ocrx_word' id='word_1_9' title='bbox 1087 1169 1232 1238; x_wconf 88' lang='lat' dir='ltr'><strong>veteres</strong></span> <span class='ocrx_word' id='word_1_10' title='bbox 1250 1165 1365 1237; x_wconf 87' lang='lat' dir='ltr'><strong>nostri</strong></span> <span class='ocrx_word' id='word_1_11' title='bbox 1390 1165 1485 1235; x_wconf 91' lang='lat' dir='ltr'><strong>haud</strong></span> <span class='ocrx_word' id='word_1_12' title='bbox 1501 1164 1581 1236; x_wconf 90' lang='lat' dir='ltr'><strong>sine</strong></span> <span class='ocrx_word' id='word_1_13' title='bbox 1604 1163 1780 1234; x_wconf 80' lang='lat' dir='ltr'><strong>hieratica</strong></span> 
     </span>
     <span class='ocr_line' id='line_1_4' title="bbox 222 1280 1779 1380; baseline -0.008 -18"><span class='ocrx_word' id='word_1_14' title='bbox 222 1295 409 1380; x_wconf 68' lang='lat' dir='ltr'><strong>maiestate</strong></span> <span class='ocrx_word' id='word_1_15' title='bbox 434 1293 584 1380; x_wconf 81' lang='lat' dir='ltr'><strong>pollent,</strong></span> <span class='ocrx_word' id='word_1_16' title='bbox 609 1290 836 1376; x_wconf 90' lang='lat' dir='ltr'><strong>potissimum</strong></span> <span class='ocrx_word' id='word_1_17' title='bbox 861 1288 959 1372; x_wconf 90' lang='lat' dir='ltr'><strong>oriri,</strong></span> <span class='ocrx_word' id='word_1_18' title='bbox 983 1290 1024 1355; x_wconf 92' lang='lat' dir='ltr'><strong>ut</strong></span> <span class='ocrx_word' id='word_1_19' title='bbox 1045 1286 1131 1372; x_wconf 84' lang='lat' dir='ltr'>dixi,</span> <span class='ocrx_word' id='word_1_20' title='bbox 1149 1286 1295 1355; x_wconf 89' lang='lat' dir='ltr'><strong>videtur</strong></span> <span class='ocrx_word' id='word_1_21' title='bbox 1317 1303 1363 1354; x_wconf 85' lang='lat' dir='ltr'><strong>ex</strong></span> <span class='ocrx_word' id='word_1_22' title='bbox 1387 1285 1659 1372; x_wconf 78' lang='lat' dir='ltr'><strong>perpetuarum</strong></span> <span class='ocrx_word' id='word_1_23' title='bbox 1682 1280 1779 1350; x_wconf 90' lang='lat' dir='ltr'><strong>Sori-</strong></span> 
     </span>
     <span class='ocr_line' id='line_1_5' title="bbox 222 1396 1777 1498; baseline -0.008 -19"><span class='ocrx_word' id='word_1_24' title='bbox 222 1411 340 1498; x_wconf 90' lang='lat' dir='ltr'><strong>pturis</strong></span> <span class='ocrx_word' id='word_1_25' title='bbox 374 1410 486 1478; x_wconf 86' lang='lat' dir='ltr'><strong>saeris</strong></span> <span class='ocrx_word' id='word_1_26' title='bbox 509 1406 781 1477; x_wconf 91' lang='lat' dir='ltr'><strong>cousuetudine.</strong></span> <span class='ocrx_word' id='word_1_27' title='bbox 809 1408 852 1474; x_wconf 83' lang='lat' dir='ltr'><strong>st</strong></span> <span class='ocrx_word' id='word_1_28' title='bbox 886 1422 984 1484; x_wconf 88' lang='lat' dir='ltr'><strong>sane,</strong></span> <span class='ocrx_word' id='word_1_29' title='bbox 1015 1403 1257 1472; x_wconf 87' lang='lat' dir='ltr'><strong>consideranti</strong></span> <span class='ocrx_word' id='word_1_30' title='bbox 1293 1403 1395 1471; x_wconf 89' lang='lat' dir='ltr'><strong>illam</strong></span> <span class='ocrx_word' id='word_1_31' title='bbox 1421 1403 1650 1484; x_wconf 79' lang='lat' dir='ltr'><strong>vetustatem,</strong></span> <span class='ocrx_word' id='word_1_32' title='bbox 1685 1396 1777 1467; x_wconf 82' lang='lat' dir='ltr'>nihil</span> 
     </span>
     <span class='ocr_line' id='line_1_6' title="bbox 223 1514 1780 1613; baseline -0.007 -18"><span class='ocrx_word' id='word_1_33' title='bbox 223 1529 395 1613; x_wconf 82' lang='lat' dir='ltr'><strong>majorem</strong></span> <span class='ocrx_word' id='word_1_34' title='bbox 419 1529 541 1595; x_wconf 91' lang='lat' dir='ltr'><strong>movet</strong></span> <span class='ocrx_word' id='word_1_35' title='bbox 556 1525 830 1595; x_wconf 80' lang='lat' dir='ltr'><strong>admirationem</strong></span> <span class='ocrx_word' id='word_1_36' title='bbox 850 1525 957 1610; x_wconf 89' lang='lat' dir='ltr'><strong>quam</strong></span> <span class='ocrx_word' id='word_1_37' title='bbox 976 1521 1128 1592; x_wconf 87' lang='lat' dir='ltr'><strong>biblicus</strong></span> <span class='ocrx_word' id='word_1_38' title='bbox 1144 1521 1245 1591; x_wconf 88' lang='lat' dir='ltr'><strong>labor</strong></span> <span class='ocrx_word' id='word_1_39' title='bbox 1269 1521 1364 1591; x_wconf 91' lang='lat' dir='ltr'><strong>inter</strong></span> <span class='ocrx_word' id='word_1_40' title='bbox 1386 1519 1593 1590; x_wconf 85' lang='lat' dir='ltr'><strong>carnificum</strong></span> <span class='ocrx_word' id='word_1_41' title='bbox 1621 1514 1780 1602; x_wconf 85' lang='lat' dir='ltr'><strong>ungulas</strong></span> 
     </span>
     <span class='ocr_line' id='line_1_7' title="bbox 224 1643 443 1714; baseline -0.014 -1"><span class='ocrx_word' id='word_1_42' title='bbox 224 1643 443 1714; x_wconf 83' lang='lat' dir='ltr'><strong>exantlatus.</strong></span> 
     </span>
    </p>

    <p class='ocr_par' dir='ltr' id='par_1_3' title="bbox 222 1753 1782 2913">
     <span class='ocr_line' id='line_1_8' title="bbox 313 1753 1781 1849; baseline -0.006 -16"><span class='ocrx_word' id='word_1_43' title='bbox 313 1762 539 1833; x_wconf 89' lang='lat' dir='ltr'><strong>Instituenda</strong></span> <span class='ocrx_word' id='word_1_44' title='bbox 562 1761 715 1849; x_wconf 92' lang='lat' dir='ltr'><strong>primum</strong></span> <span class='ocrx_word' id='word_1_45' title='bbox 742 1764 821 1831; x_wconf 90' lang='lat' dir='ltr'><strong>erat</strong></span> <span class='ocrx_word' id='word_1_46' title='bbox 844 1759 1015 1830; x_wconf 86' lang='lat' dir='ltr'><strong>canonica</strong></span> <span class='ocrx_word' id='word_1_47' title='bbox 1039 1762 1076 1830; x_wconf 92' lang='lat' dir='ltr'><strong>et</strong></span> <span class='ocrx_word' id='word_1_48' title='bbox 1096 1756 1306 1829; x_wconf 87' lang='lat' dir='ltr'><strong>authentica</strong></span> <span class='ocrx_word' id='word_1_49' title='bbox 1329 1755 1443 1825; x_wconf 89' lang='lat' dir='ltr'><strong>series</strong></span> <span class='ocrx_word' id='word_1_50' title='bbox 1460 1771 1644 1826; x_wconf 90' lang='lat' dir='ltr'><strong>sacrorum</strong></span> <span class='ocrx_word' id='word_1_51' title='bbox 1669 1753 1781 1824; x_wconf 88' lang='lat' dir='ltr'><strong>libro-</strong></span> 
     </span>
     <span class='ocr_line' id='line_1_9' title="bbox 222 1874 1776 1965; baseline -0.006 -14"><span class='ocrx_word' id='word_1_52' title='bbox 222 1901 315 1952; x_wconf 90' lang='lat' dir='ltr'><strong>rum:</strong></span> <span class='ocrx_word' id='word_1_53' title='bbox 333 1880 390 1949; x_wconf 90' lang='lat' dir='ltr'><strong>cui</strong></span> <span class='ocrx_word' id='word_1_54' title='bbox 412 1877 550 1946; x_wconf 91' lang='lat' dir='ltr'><strong>muneri</strong></span> <span class='ocrx_word' id='word_1_55' title='bbox 574 1879 699 1947; x_wconf 90' lang='lat' dir='ltr'><strong>schola</strong></span> <span class='ocrx_word' id='word_1_56' title='bbox 716 1878 875 1946; x_wconf 90' lang='lat' dir='ltr'><strong>omnium</strong></span> <span class='ocrx_word' id='word_1_57' title='bbox 893 1878 1080 1965; x_wconf 81' lang='lat' dir='ltr'><strong>antiquior</strong></span> <span class='ocrx_word' id='word_1_58' title='bbox 1096 1877 1278 1964; x_wconf 85' lang='lat' dir='ltr'><strong>Ephesina</strong></span> <span class='ocrx_word' id='word_1_59' title='bbox 1297 1875 1451 1962; x_wconf 87' lang='lat' dir='ltr'><strong>impigre</strong></span> <span class='ocrx_word' id='word_1_60' title='bbox 1476 1874 1648 1955; x_wconf 82' lang='lat' dir='ltr'><strong>incubuit,</strong></span> <span class='ocrx_word' id='word_1_61' title='bbox 1667 1892 1776 1961; x_wconf 92' lang='lat' dir='ltr'><strong>quum</strong></span> 
     </span>
     <span class='ocr_line' id='line_1_10' title="bbox 223 1991 1779 2086; baseline -0.005 -20"><span class='ocrx_word' id='word_1_62' title='bbox 223 2001 280 2066; x_wconf 94' lang='lat' dir='ltr'><strong>vir</strong></span> <span class='ocrx_word' id='word_1_63' title='bbox 302 1998 520 2086; x_wconf 86' lang='lat' dir='ltr'><strong>apostolicus</strong></span> <span class='ocrx_word' id='word_1_64' title='bbox 544 1996 668 2065; x_wconf 89' lang='lat' dir='ltr'><strong>llelito</strong></span> <span class='ocrx_word' id='word_1_65' title='bbox 692 1996 871 2064; x_wconf 80' lang='lat' dir='ltr'><strong>Orientem</strong></span> <span class='ocrx_word' id='word_1_66' title='bbox 897 1994 1117 2082; x_wconf 84' lang='lat' dir='ltr'><strong>peragravit,</strong></span> <span class='ocrx_word' id='word_1_67' title='bbox 1145 1993 1378 2062; x_wconf 89' lang='lat' dir='ltr'><strong>eeclesiarum</strong></span> <span class='ocrx_word' id='word_1_68' title='bbox 1405 1992 1470 2061; x_wconf 86' lang='lat' dir='ltr'><strong>hae</strong></span> <span class='ocrx_word' id='word_1_69' title='bbox 1488 1994 1531 2060; x_wconf 93' lang='lat' dir='ltr'><strong>de</strong></span> <span class='ocrx_word' id='word_1_70' title='bbox 1555 2010 1594 2061; x_wconf 93' lang='lat' dir='ltr'><strong>re</strong></span> <span class='ocrx_word' id='word_1_71' title='bbox 1612 1991 1779 2060; x_wconf 89' lang='lat' dir='ltr'><strong>testimo-</strong></span> 
     </span>
     <span class='ocr_line' id='line_1_11' title="bbox 222 2107 1778 2202; baseline -0.005 -18"><span class='ocrx_word' id='word_1_72' title='bbox 222 2117 284 2184; x_wconf 89' lang='lat' dir='ltr'><strong>nia</strong></span> <span class='ocrx_word' id='word_1_73' title='bbox 307 2118 591 2202; x_wconf 83' lang='lat' dir='ltr'><strong>comparaturus.</strong></span> <span class='ocrx_word' id='word_1_74' title='bbox 619 2115 750 2181; x_wconf 83' lang='lat' dir='ltr'><strong>llodem</strong></span> <span class='ocrx_word' id='word_1_75' title='bbox 765 2107 950 2200; x_wconf 82' lang='lat' dir='ltr'><strong>tempore</strong></span> <span class='ocrx_word' id='word_1_76' title='bbox 972 2112 1137 2180; x_wconf 89' lang='lat' dir='ltr'><strong>conditus</strong></span> <span class='ocrx_word' id='word_1_77' title='bbox 1156 2115 1213 2182; x_wconf 90' lang='lat' dir='ltr'><strong>est</strong></span> <span class='ocrx_word' id='word_1_78' title='bbox 1237 2130 1352 2180; x_wconf 88' lang='lat' dir='ltr'><strong>canon</strong></span> <span class='ocrx_word' id='word_1_79' title='bbox 1377 2111 1438 2196; x_wconf 90' lang='lat' dir='ltr'><strong>qui</strong></span> <span class='ocrx_word' id='word_1_80' title='bbox 1462 2110 1593 2178; x_wconf 90' lang='lat' dir='ltr'><strong>dieitur</strong></span> <span class='ocrx_word' id='word_1_81' title='bbox 1616 2107 1778 2178; x_wconf 88' lang='lat' dir='ltr'><strong>Murato-</strong></span> 
     </span>
     <span class='ocr_line' id='line_1_12' title="bbox 224 2227 1780 2319; baseline -0.005 -17"><span class='ocrx_word' id='word_1_82' title='bbox 224 2235 359 2302; x_wconf 89' lang='lat' dir='ltr'><strong>rianus.</strong></span> <span class='ocrx_word' id='word_1_83' title='bbox 388 2235 510 2319; x_wconf 88' lang='lat' dir='ltr'><strong>Neque</strong></span> <span class='ocrx_word' id='word_1_84' title='bbox 531 2231 709 2300; x_wconf 87' lang='lat' dir='ltr'><strong>recentior</strong></span> <span class='ocrx_word' id='word_1_85' title='bbox 733 2230 842 2298; x_wconf 86' lang='lat' dir='ltr'><strong>luerit</strong></span> <span class='ocrx_word' id='word_1_86' title='bbox 865 2229 994 2299; x_wconf 91' lang='lat' dir='ltr'><strong>tertius</strong></span> <span class='ocrx_word' id='word_1_87' title='bbox 1017 2248 1136 2297; x_wconf 89' lang='lat' dir='ltr'><strong>canon</strong></span> <span class='ocrx_word' id='word_1_88' title='bbox 1162 2229 1223 2316; x_wconf 91' lang='lat' dir='ltr'><strong>qui</strong></span> <span class='ocrx_word' id='word_1_89' title='bbox 1248 2229 1285 2296; x_wconf 92' lang='lat' dir='ltr'><strong>in</strong></span> <span class='ocrx_word' id='word_1_90' title='bbox 1308 2228 1427 2315; x_wconf 87' lang='lat' dir='ltr'><strong>prisea</strong></span> <span class='ocrx_word' id='word_1_91' title='bbox 1450 2227 1617 2296; x_wconf 87' lang='lat' dir='ltr'><strong>versione</strong></span> <span class='ocrx_word' id='word_1_92' title='bbox 1642 2227 1780 2313; x_wconf 88' lang='lat' dir='ltr'><strong>episto-</strong></span> 
     </span>
     <span class='ocr_line' id='line_1_13' title="bbox 225 2344 1777 2434; baseline -0.004 -15"><span class='ocrx_word' id='word_1_93' title='bbox 225 2351 282 2420; x_wconf 88' lang='lat' dir='ltr'><strong>lae</strong></span> <span class='ocrx_word' id='word_1_94' title='bbox 306 2354 429 2418; x_wconf 89' lang='lat' dir='ltr'><strong>sancto</strong></span> <span class='ocrx_word' id='word_1_95' title='bbox 453 2349 636 2418; x_wconf 84' lang='lat' dir='ltr'><strong>Barnabae</strong></span> <span class='ocrx_word' id='word_1_96' title='bbox 655 2349 832 2434; x_wconf 84' lang='lat' dir='ltr'><strong>ascriptae</strong></span> <span class='ocrx_word' id='word_1_97' title='bbox 856 2347 901 2416; x_wconf 88' lang='lat' dir='ltr'><strong>ad</strong></span> <span class='ocrx_word' id='word_1_98' title='bbox 924 2347 1058 2416; x_wconf 80' lang='lat' dir='ltr'><strong>calcem</strong></span> <span class='ocrx_word' id='word_1_99' title='bbox 1081 2344 1176 2415; x_wconf 90' lang='lat' dir='ltr'><strong>unici</strong></span> <span class='ocrx_word' id='word_1_100' title='bbox 1191 2346 1323 2416; x_wconf 90' lang='lat' dir='ltr'><strong>codicis</strong></span> <span class='ocrx_word' id='word_1_101' title='bbox 1341 2345 1568 2416; x_wconf 76' lang='lat' dir='ltr'><strong>corbeiensis</strong></span> <span class='ocrx_word' id='word_1_102' title='bbox 1591 2346 1777 2416; x_wconf 89' lang='lat' dir='ltr'><strong>inseritur.</strong></span> 
     </span>
     <span class='ocr_line' id='line_1_14' title="bbox 226 2465 1775 2556; baseline -0.005 -19"><span class='ocrx_word' id='word_1_103' title='bbox 226 2469 340 2537; x_wconf 89' lang='lat' dir='ltr'><strong>Paulo</strong></span> <span class='ocrx_word' id='word_1_104' title='bbox 363 2473 442 2556; x_wconf 89' lang='lat' dir='ltr'><strong>post</strong></span> <span class='ocrx_word' id='word_1_105' title='bbox 469 2473 686 2537; x_wconf 86' lang='lat' dir='ltr'><strong>memoratur</strong></span> <span class='ocrx_word' id='word_1_106' title='bbox 709 2470 914 2538; x_wconf 82' lang='lat' dir='ltr'><strong>Theodorus</strong></span> <span class='ocrx_word' id='word_1_107' title='bbox 939 2469 1083 2555; x_wconf 86' lang='lat' dir='ltr'><strong>quidam</strong></span> <span class='ocrx_word' id='word_1_108' title='bbox 1115 2470 1230 2537; x_wconf 90' lang='lat' dir='ltr'><strong>eidem</strong></span> <span class='ocrx_word' id='word_1_109' title='bbox 1255 2485 1365 2555; x_wconf 90' lang='lat' dir='ltr'><strong>penso</strong></span> <span class='ocrx_word' id='word_1_110' title='bbox 1391 2486 1535 2538; x_wconf 87' lang='lat' dir='ltr'><strong>manum</strong></span> <span class='ocrx_word' id='word_1_111' title='bbox 1561 2465 1775 2536; x_wconf 89' lang='lat' dir='ltr'><strong>admovisse.</strong></span> 
     </span>
     <span class='ocr_line' id='line_1_15' title="bbox 226 2586 1782 2674; baseline -0.004 -18"><span class='ocrx_word' id='word_1_112' title='bbox 226 2589 279 2656; x_wconf 84' lang='lat' dir='ltr'><strong>Ex</strong></span> <span class='ocrx_word' id='word_1_113' title='bbox 302 2587 396 2656; x_wconf 91' lang='lat' dir='ltr'><strong>mole</strong></span> <span class='ocrx_word' id='word_1_114' title='bbox 420 2590 457 2656; x_wconf 91' lang='lat' dir='ltr'><strong>et</strong></span> <span class='ocrx_word' id='word_1_115' title='bbox 478 2586 655 2656; x_wconf 89' lang='lat' dir='ltr'><strong>varietate</strong></span> <span class='ocrx_word' id='word_1_116' title='bbox 689 2589 1025 2657; x_wconf 90' lang='lat' dir='ltr'><strong>commentariorum</strong></span> <span class='ocrx_word' id='word_1_117' title='bbox 1062 2589 1169 2673; x_wconf 84' lang='lat' dir='ltr'><strong>hujus</strong></span> <span class='ocrx_word' id='word_1_118' title='bbox 1193 2588 1275 2668; x_wconf 87' lang='lat' dir='ltr'><strong>oevi,</strong></span> <span class='ocrx_word' id='word_1_119' title='bbox 1303 2605 1455 2674; x_wconf 91' lang='lat' dir='ltr'><strong>quorum</strong></span> <span class='ocrx_word' id='word_1_120' title='bbox 1480 2588 1524 2656; x_wconf 89' lang='lat' dir='ltr'><strong>ad</strong></span> <span class='ocrx_word' id='word_1_121' title='bbox 1548 2602 1613 2653; x_wconf 91' lang='lat' dir='ltr'><strong>nos</strong></span> <span class='ocrx_word' id='word_1_122' title='bbox 1646 2600 1782 2650; x_wconf 92' lang='lat' dir='ltr'><strong>memo-</strong></span> 
     </span>
     <span class='ocr_line' id='line_1_16' title="bbox 225 2703 1776 2792; baseline -0.003 -21"><span class='ocrx_word' id='word_1_123' title='bbox 225 2705 279 2773; x_wconf 88' lang='lat' dir='ltr'><strong>ria</strong></span> <span class='ocrx_word' id='word_1_124' title='bbox 304 2704 480 2792; x_wconf 87' lang='lat' dir='ltr'><strong>pervenit,</strong></span> <span class='ocrx_word' id='word_1_125' title='bbox 502 2721 606 2771; x_wconf 90' lang='lat' dir='ltr'><strong>nemo</strong></span> <span class='ocrx_word' id='word_1_126' title='bbox 631 2723 703 2773; x_wconf 91' lang='lat' dir='ltr'><strong>non</strong></span> <span class='ocrx_word' id='word_1_127' title='bbox 728 2703 902 2789; x_wconf 88' lang='lat' dir='ltr'><strong>intulerit,</strong></span> <span class='ocrx_word' id='word_1_128' title='bbox 929 2711 1012 2773; x_wconf 87' lang='lat' dir='ltr'><strong>aute</strong></span> <span class='ocrx_word' id='word_1_129' title='bbox 1035 2706 1219 2774; x_wconf 89' lang='lat' dir='ltr'><strong>saeculum</strong></span> <span class='ocrx_word' id='word_1_130' title='bbox 1244 2707 1391 2774; x_wconf 89' lang='lat' dir='ltr'><strong>tertium</strong></span> <span class='ocrx_word' id='word_1_131' title='bbox 1412 2711 1484 2774; x_wconf 90' lang='lat' dir='ltr'><strong>lam</strong></span> <span class='ocrx_word' id='word_1_132' title='bbox 1507 2703 1643 2774; x_wconf 87' lang='lat' dir='ltr'><strong>veteris</strong></span> <span class='ocrx_word' id='word_1_133' title='bbox 1669 2716 1776 2787; x_wconf 86' lang='lat' dir='ltr'><strong>quam</strong></span> 
     </span>
     <span class='ocr_line' id='line_1_17' title="bbox 227 2820 1778 2913; baseline -0.002 -24"><span class='ocrx_word' id='word_1_134' title='bbox 227 2823 312 2890; x_wconf 91' lang='lat' dir='ltr'><strong>novi</strong></span> <span class='ocrx_word' id='word_1_135' title='bbox 348 2821 493 2890; x_wconf 80' lang='lat' dir='ltr'><strong>foederis</strong></span> <span class='ocrx_word' id='word_1_136' title='bbox 528 2842 700 2892; x_wconf 87' lang='lat' dir='ltr'><strong>canonem</strong></span> <span class='ocrx_word' id='word_1_137' title='bbox 736 2822 847 2893; x_wconf 86' lang='lat' dir='ltr'><strong>fuisse</strong></span> <span class='ocrx_word' id='word_1_138' title='bbox 886 2824 1104 2908; x_wconf 87' lang='lat' dir='ltr'><strong>absolutum,</strong></span> <span class='ocrx_word' id='word_1_139' title='bbox 1141 2831 1179 2894; x_wconf 88' lang='lat' dir='ltr'><strong>et</strong></span> <span class='ocrx_word' id='word_1_140' title='bbox 1212 2825 1306 2913; x_wconf 87' lang='lat' dir='ltr'><strong>apud</strong></span> <span class='ocrx_word' id='word_1_141' title='bbox 1332 2826 1486 2910; x_wconf 70' lang='lat' dir='ltr'><strong>maiores</strong></span> <span class='ocrx_word' id='word_1_142' title='bbox 1516 2820 1687 2892; x_wconf 81' lang='lat' dir='ltr'><strong>ecelesias</strong></span> <span class='ocrx_word' id='word_1_143' title='bbox 1719 2836 1778 2887; x_wconf 88' lang='lat' dir='ltr'><strong>re-</strong></span> 
     </span>
    </p>
   </div>
   <div class='ocr_carea' id='block_1_3' title="bbox 125 2943 383 3026">
    <p class='ocr_par' dir='ltr' id='par_1_4' title="bbox 125 2943 383 3026">
     <span class='ocr_line' id='line_1_18' title="bbox 125 2943 383 3026; baseline 0 -20"><span class='ocrx_word' id='word_1_144' title='bbox 125 2984 126 2991; x_wconf 39' lang='lat'>1</span> <span class='ocrx_word' id='word_1_145' title='bbox 228 2943 383 3026; x_wconf 90' lang='lat' dir='ltr'><strong>ceptum.</strong></span> 
     </span>
    </p>
   </div>
   <div class='ocr_carea' id='block_1_4' title="bbox 227 3048 1781 3374">
    <p class='ocr_par' dir='ltr' id='par_1_5' title="bbox 227 3048 1781 3374">
     <span class='ocr_line' id='line_1_19' title="bbox 316 3048 1781 3140; baseline 0.002 -25"><span class='ocrx_word' id='word_1_146' title='bbox 316 3049 367 3117; x_wconf 89' lang='lat' dir='ltr'><strong>De</strong></span> <span class='ocrx_word' id='word_1_147' title='bbox 388 3066 482 3117; x_wconf 91' lang='lat' dir='ltr'><strong>novo</strong></span> <span class='ocrx_word' id='word_1_148' title='bbox 507 3048 853 3122; x_wconf 71' lang='lat' dir='ltr'><strong>enimtestamento</strong></span> <span class='ocrx_word' id='word_1_149' title='bbox 877 3052 958 3139; x_wconf 92' lang='lat' dir='ltr'><strong>quis</strong></span> <span class='ocrx_word' id='word_1_150' title='bbox 982 3052 1212 3133; x_wconf 89' lang='lat' dir='ltr'><strong>dubitaverit,</strong></span> <span class='ocrx_word' id='word_1_151' title='bbox 1239 3071 1346 3140; x_wconf 92' lang='lat' dir='ltr'><strong>quum</strong></span> <span class='ocrx_word' id='word_1_152' title='bbox 1371 3053 1553 3134; x_wconf 83' lang='lat' dir='ltr'><strong>Tatiauus,</strong></span> <span class='ocrx_word' id='word_1_153' title='bbox 1578 3051 1632 3121; x_wconf 93' lang='lat' dir='ltr'><strong>uti</strong></span> <span class='ocrx_word' id='word_1_154' title='bbox 1656 3055 1781 3120; x_wconf 88' lang='lat' dir='ltr'><strong>nostra</strong></span> 
     </span>
     <span class='ocr_line' id='line_1_20' title="bbox 228 3165 1771 3259; baseline 0.005 -27"><span class='ocrx_word' id='word_1_155' title='bbox 228 3165 348 3234; x_wconf 90' lang='lat' dir='ltr'><strong>lerunt</strong></span> <span class='ocrx_word' id='word_1_156' title='bbox 372 3170 555 3239; x_wconf 85' lang='lat' dir='ltr'><strong>Anecdota</strong></span> <span class='ocrx_word' id='word_1_157' title='bbox 577 3173 817 3259; x_wconf 84' lang='lat' dir='ltr'><strong>apertissime,</strong></span> <span class='ocrx_word' id='word_1_158' title='bbox 840 3172 1065 3242; x_wconf 88' lang='lat' dir='ltr'><strong>concordiam</strong></span> <span class='ocrx_word' id='word_1_159' title='bbox 1101 3173 1255 3257; x_wconf 90' lang='lat' dir='ltr'><strong>quotuor</strong></span> <span class='ocrx_word' id='word_1_160' title='bbox 1292 3171 1565 3256; x_wconf 88' lang='lat' dir='ltr'><strong>evangeliorum</strong></span> <span class='ocrx_word' id='word_1_161' title='bbox 1601 3168 1771 3240; x_wconf 80' lang='lat' dir='ltr'><strong>texuerit,</strong></span> 
     </span>
     <span class='ocr_line' id='line_1_21' title="bbox 227 3284 1781 3374; baseline 0.002 -24"><span class='ocrx_word' id='word_1_162' title='bbox 227 3301 332 3368; x_wconf 89' lang='lat' dir='ltr'><strong>quarn</strong></span> <span class='ocrx_word' id='word_1_163' title='bbox 357 3285 464 3371; x_wconf 90' lang='lat' dir='ltr'><strong>paulo</strong></span> <span class='ocrx_word' id='word_1_164' title='bbox 488 3292 569 3374; x_wconf 91' lang='lat' dir='ltr'><strong>post</strong></span> <span class='ocrx_word' id='word_1_165' title='bbox 591 3291 800 3359; x_wconf 84' lang='lat' dir='ltr'><strong>Ammonius</strong></span> <span class='ocrx_word' id='word_1_166' title='bbox 825 3289 1088 3360; x_wconf 78' lang='lat' dir='ltr'><strong>Alexandrinus</strong></span> <span class='ocrx_word' id='word_1_167' title='bbox 1108 3295 1170 3358; x_wconf 91' lang='lat' dir='ltr'><strong>aut</strong></span> <span class='ocrx_word' id='word_1_168' title='bbox 1195 3307 1240 3357; x_wconf 86' lang='lat' dir='ltr'><strong>ex</strong></span> <span class='ocrx_word' id='word_1_169' title='bbox 1263 3288 1401 3374; x_wconf 84' lang='lat' dir='ltr'><strong>syriaco</strong></span> <span class='ocrx_word' id='word_1_170' title='bbox 1427 3287 1575 3373; x_wconf 89' lang='lat' dir='ltr'><strong>recepit,</strong></span> <span class='ocrx_word' id='word_1_171' title='bbox 1593 3289 1655 3354; x_wconf 92' lang='lat' dir='ltr'><strong>aut</strong></span> <span class='ocrx_word' id='word_1_172' title='bbox 1677 3284 1781 3354; x_wconf 87' lang='lat' dir='ltr'><strong>novis</strong></span> 
     </span>
    </p>
   </div>
   <div class='ocr_carea' id='block_1_5' title="bbox 227 3399 1781 3604">
    <p class='ocr_par' dir='ltr' id='par_1_6' title="bbox 227 3399 1781 3604">
     <span class='ocr_line' id='line_1_22' title="bbox 227 3399 671 3486; baseline 0.02 -19"><span class='ocrx_word' id='word_1_173' title='bbox 227 3399 321 3470; x_wconf 80' lang='lat' dir='ltr'><strong>cruris</strong></span> <span class='ocrx_word' id='word_1_174' title='bbox 345 3421 475 3486; x_wconf 87' lang='lat' dir='ltr'><strong>graece</strong></span> <span class='ocrx_word' id='word_1_175' title='bbox 500 3405 671 3476; x_wconf 90' lang='lat' dir='ltr'><strong>instituit.</strong></span> 
     </span>
     <span class='ocr_line' id='line_1_23' title="bbox 314 3509 1781 3604; baseline 0.005 -27"><span class='ocrx_word' id='word_1_176' title='bbox 314 3509 382 3579; x_wconf 90' lang='lat' dir='ltr'><strong>Sed</strong></span> <span class='ocrx_word' id='word_1_177' title='bbox 416 3511 453 3579; x_wconf 91' lang='lat' dir='ltr'><strong>in</strong></span> <span class='ocrx_word' id='word_1_178' title='bbox 476 3513 580 3598; x_wconf 88' lang='lat' dir='ltr'><strong>gravi</strong></span> <span class='ocrx_word' id='word_1_179' title='bbox 613 3521 651 3585; x_wconf 90' lang='lat' dir='ltr'><strong>et</strong></span> <span class='ocrx_word' id='word_1_180' title='bbox 680 3518 791 3587; x_wconf 86' lang='lat' dir='ltr'><strong>auluo</strong></span> <span class='ocrx_word' id='word_1_181' title='bbox 828 3535 936 3604; x_wconf 91' lang='lat' dir='ltr'><strong>opero</strong></span> <span class='ocrx_word' id='word_1_182' title='bbox 970 3515 1177 3586; x_wconf 90' lang='lat' dir='ltr'><strong>versionum</strong></span> <span class='ocrx_word' id='word_1_183' title='bbox 1216 3532 1261 3584; x_wconf 82' lang='lat' dir='ltr'><strong>ex</strong></span> <span class='ocrx_word' id='word_1_184' title='bbox 1285 3514 1479 3602; x_wconf 86' lang='lat' dir='ltr'><strong>archetypo</strong></span> <span class='ocrx_word' id='word_1_185' title='bbox 1515 3513 1684 3585; x_wconf 86' lang='lat' dir='ltr'><strong>hebraico</strong></span> <span class='ocrx_word' id='word_1_186' title='bbox 1718 3519 1781 3585; x_wconf 89' lang='lat' dir='ltr'><strong>aut</strong></span> 
     </span>
    </p>
   </div>
   <div class='ocr_carea' id='block_1_6' title="bbox 222 3630 1788 4908">
    <p class='ocr_par' dir='ltr' id='par_1_7' title="bbox 222 3630 1783 4308">
     <span class='ocr_line' id='line_1_24' title="bbox 225 3630 1779 3720; baseline 0.004 -24"><span class='ocrx_word' id='word_1_187' title='bbox 225 3645 355 3714; x_wconf 87' lang='lat' dir='ltr'><strong>graeco</strong></span> <span class='ocrx_word' id='word_1_188' title='bbox 378 3630 634 3714; x_wconf 89' lang='lat' dir='ltr'><strong>derivatarum,</strong></span> <span class='ocrx_word' id='word_1_189' title='bbox 655 3652 788 3720; x_wconf 88' lang='lat' dir='ltr'><strong>ecquae</strong></span> <span class='ocrx_word' id='word_1_190' title='bbox 816 3634 888 3702; x_wconf 89' lang='lat' dir='ltr'><strong>alia</strong></span> <span class='ocrx_word' id='word_1_191' title='bbox 906 3637 1006 3703; x_wconf 87' lang='lat' dir='ltr'><strong>aetas</strong></span> <span class='ocrx_word' id='word_1_192' title='bbox 1031 3633 1250 3705; x_wconf 82' lang='lat' dir='ltr'><strong>invenietur,</strong></span> <span class='ocrx_word' id='word_1_193' title='bbox 1275 3649 1367 3718; x_wconf 86' lang='lat' dir='ltr'><strong>quae</strong></span> <span class='ocrx_word' id='word_1_194' title='bbox 1388 3633 1608 3701; x_wconf 86' lang='lat' dir='ltr'><strong>robustiores</strong></span> <span class='ocrx_word' id='word_1_195' title='bbox 1625 3633 1779 3702; x_wconf 86' lang='lat' dir='ltr'><strong>lacertos</strong></span> 
     </span>
     <span class='ocr_line' id='line_1_25' title="bbox 227 3745 1779 3837; baseline 0.002 -21"><span class='ocrx_word' id='word_1_196' title='bbox 227 3751 265 3816; x_wconf 90' lang='lat' dir='ltr'><strong>et</strong></span> <span class='ocrx_word' id='word_1_197' title='bbox 287 3746 509 3833; x_wconf 87' lang='lat' dir='ltr'><strong>frequentius</strong></span> <span class='ocrx_word' id='word_1_198' title='bbox 532 3745 804 3819; x_wconf 83' lang='lat' dir='ltr'><strong>invertendum</strong></span> <span class='ocrx_word' id='word_1_199' title='bbox 829 3748 939 3819; x_wconf 88' lang='lat' dir='ltr'><strong>biblia</strong></span> <span class='ocrx_word' id='word_1_200' title='bbox 967 3750 1154 3821; x_wconf 66' lang='lat' dir='ltr'><strong>intulerit?</strong></span> <span class='ocrx_word' id='word_1_201' title='bbox 1177 3751 1280 3836; x_wconf 80' lang='lat' dir='ltr'><strong>Apud</strong></span> <span class='ocrx_word' id='word_1_202' title='bbox 1304 3750 1458 3819; x_wconf 86' lang='lat' dir='ltr'><strong>Graecos</strong></span> <span class='ocrx_word' id='word_1_203' title='bbox 1482 3749 1576 3819; x_wconf 91' lang='lat' dir='ltr'><strong>haud</strong></span> <span class='ocrx_word' id='word_1_204' title='bbox 1592 3749 1779 3837; x_wconf 88' lang='lat' dir='ltr'><strong>pauciores</strong></span> 
     </span>
     <span class='ocr_line' id='line_1_26' title="bbox 229 3863 1783 3954; baseline 0.004 -22"><span class='ocrx_word' id='word_1_205' title='bbox 229 3883 337 3951; x_wconf 88' lang='lat' dir='ltr'><strong>quarn</strong></span> <span class='ocrx_word' id='word_1_206' title='bbox 361 3866 484 3935; x_wconf 85' lang='lat' dir='ltr'><strong>decern</strong></span> <span class='ocrx_word' id='word_1_207' title='bbox 507 3863 722 3954; x_wconf 87' lang='lat' dir='ltr'><strong>interpretes</strong></span> <span class='ocrx_word' id='word_1_208' title='bbox 747 3867 828 3954; x_wconf 91' lang='lat' dir='ltr'><strong>plus</strong></span> <span class='ocrx_word' id='word_1_209' title='bbox 861 3867 979 3936; x_wconf 90' lang='lat' dir='ltr'><strong>miuus</strong></span> <span class='ocrx_word' id='word_1_210' title='bbox 1004 3868 1136 3954; x_wconf 84' lang='lat' dir='ltr'><strong>integri</strong></span> <span class='ocrx_word' id='word_1_211' title='bbox 1161 3872 1241 3954; x_wconf 93' lang='lat' dir='ltr'><strong>post</strong></span> <span class='ocrx_word' id='word_1_212' title='bbox 1277 3867 1373 3934; x_wconf 78' lang='lat' dir='ltr'><strong>Lxx</strong></span> <span class='ocrx_word' id='word_1_213' title='bbox 1396 3875 1607 3952; x_wconf 85' lang='lat' dir='ltr'><strong>assurgunt.</strong></span> <span class='ocrx_word' id='word_1_214' title='bbox 1633 3871 1783 3939; x_wconf 86' lang='lat' dir='ltr'><strong>Praeter</strong></span> 
     </span>
     <span class='ocr_line' id='line_1_27' title="bbox 225 3980 1776 4074; baseline 0.003 -24"><span class='ocrx_word' id='word_1_215' title='bbox 225 3980 353 4050; x_wconf 90' lang='lat' dir='ltr'><strong>Italam</strong></span> <span class='ocrx_word' id='word_1_216' title='bbox 377 3981 584 4066; x_wconf 91' lang='lat' dir='ltr'><strong>latinorum,</strong></span> <span class='ocrx_word' id='word_1_217' title='bbox 609 3985 867 4072; x_wconf 87' lang='lat' dir='ltr'><strong>perspicuitate</strong></span> <span class='ocrx_word' id='word_1_218' title='bbox 891 3987 928 4053; x_wconf 93' lang='lat' dir='ltr'><strong>et</strong></span> <span class='ocrx_word' id='word_1_219' title='bbox 962 3985 1175 4054; x_wconf 89' lang='lat' dir='ltr'><strong>auctoritate</strong></span> <span class='ocrx_word' id='word_1_220' title='bbox 1200 3983 1451 4070; x_wconf 83' lang='lat' dir='ltr'><strong>insigniorem,</strong></span> <span class='ocrx_word' id='word_1_221' title='bbox 1477 3987 1588 4054; x_wconf 90' lang='lat' dir='ltr'><strong>testes</strong></span> <span class='ocrx_word' id='word_1_222' title='bbox 1612 3984 1776 4074; x_wconf 88' lang='lat' dir='ltr'><strong>locuple·</strong></span> 
     </span>
     <span class='ocr_line' id='line_1_28' title="bbox 226 4099 1780 4190; baseline 0.003 -22"><span class='ocrx_word' id='word_1_223' title='bbox 226 4099 356 4168; x_wconf 89' lang='lat' dir='ltr'><strong>tissimi</strong></span> <span class='ocrx_word' id='word_1_224' title='bbox 382 4101 540 4178; x_wconf 83' lang='lat' dir='ltr'><strong>tradunt.</strong></span> <span class='ocrx_word' id='word_1_225' title='bbox 568 4101 774 4171; x_wconf 89' lang='lat' dir='ltr'><strong>innumeras</strong></span> <span class='ocrx_word' id='word_1_226' title='bbox 800 4102 912 4171; x_wconf 85' lang='lat' dir='ltr'><strong>luisse</strong></span> <span class='ocrx_word' id='word_1_227' title='bbox 935 4121 1000 4190; x_wconf 91' lang='lat' dir='ltr'><strong>per</strong></span> <span class='ocrx_word' id='word_1_228' title='bbox 1023 4101 1189 4188; x_wconf 88' lang='lat' dir='ltr'><strong>singulas</strong></span> <span class='ocrx_word' id='word_1_229' title='bbox 1212 4099 1418 4189; x_wconf 86' lang='lat' dir='ltr'><strong>provincias</strong></span> <span class='ocrx_word' id='word_1_230' title='bbox 1449 4102 1780 4190; x_wconf 82' lang='lat' dir='ltr'><strong>interpretationes,</strong></span> 
     </span>
     <span class='ocr_line' id='line_1_29' title="bbox 222 4216 662 4308; baseline 0.014 -25"><span class='ocrx_word' id='word_1_231' title='bbox 222 4216 369 4304; x_wconf 89' lang='lat' dir='ltr'><strong>publico</strong></span> <span class='ocrx_word' id='word_1_232' title='bbox 392 4236 461 4287; x_wconf 90' lang='lat' dir='ltr'><strong>usu</strong></span> <span class='ocrx_word' id='word_1_233' title='bbox 486 4223 662 4308; x_wconf 87' lang='lat' dir='ltr'><strong>receptas.</strong></span> 
     </span>
    </p>

    <p class='ocr_par' dir='ltr' id='par_1_8' title="bbox 224 4336 1788 4908">
     <span class='ocr_line' id='line_1_30' title="bbox 316 4336 1783 4428; baseline 0.006 -26"><span class='ocrx_word' id='word_1_234' title='bbox 316 4336 440 4406; x_wconf 91' lang='lat' dir='ltr'><strong>Hellas</strong></span> <span class='ocrx_word' id='word_1_235' title='bbox 475 4342 594 4408; x_wconf 88' lang='lat' dir='ltr'><strong>eutem</strong></span> <span class='ocrx_word' id='word_1_236' title='bbox 618 4338 816 4410; x_wconf 86' lang='lat' dir='ltr'><strong>christiana</strong></span> <span class='ocrx_word' id='word_1_237' title='bbox 851 4339 888 4411; x_wconf 92' lang='lat' dir='ltr'><strong>in</strong></span> <span class='ocrx_word' id='word_1_238' title='bbox 913 4339 1039 4428; x_wconf 88' lang='lat' dir='ltr'><strong>primis</strong></span> <span class='ocrx_word' id='word_1_239' title='bbox 1062 4339 1205 4410; x_wconf 91' lang='lat' dir='ltr'><strong>laudem</strong></span> <span class='ocrx_word' id='word_1_240' title='bbox 1228 4341 1389 4410; x_wconf 89' lang='lat' dir='ltr'><strong>meretur</strong></span> <span class='ocrx_word' id='word_1_241' title='bbox 1425 4340 1678 4423; x_wconf 88' lang='lat' dir='ltr'><strong>immortalem,</strong></span> <span class='ocrx_word' id='word_1_242' title='bbox 1704 4360 1783 4412; x_wconf 89' lang='lat' dir='ltr'><strong>cum</strong></span> 
     </span>
     <span class='ocr_line' id='line_1_31' title="bbox 224 4452 1782 4546; baseline 0.004 -24"><span class='ocrx_word' id='word_1_243' title='bbox 224 4455 299 4522; x_wconf 90' lang='lat' dir='ltr'><strong>tam</strong></span> <span class='ocrx_word' id='word_1_244' title='bbox 318 4452 487 4524; x_wconf 89' lang='lat' dir='ltr'><strong>alacriter</strong></span> <span class='ocrx_word' id='word_1_245' title='bbox 503 4457 691 4542; x_wconf 86' lang='lat' dir='ltr'><strong>studuerit,</strong></span> <span class='ocrx_word' id='word_1_246' title='bbox 711 4463 858 4546; x_wconf 88' lang='lat' dir='ltr'><strong>praeter</strong></span> <span class='ocrx_word' id='word_1_247' title='bbox 878 4460 981 4544; x_wconf 76' lang='lat' dir='ltr'><strong>LXX,</strong></span> <span class='ocrx_word' id='word_1_248' title='bbox 999 4458 1170 4545; x_wconf 87' lang='lat' dir='ltr'><strong>religiose</strong></span> <span class='ocrx_word' id='word_1_249' title='bbox 1204 4458 1378 4546; x_wconf 89' lang='lat' dir='ltr'><strong>colligere</strong></span> <span class='ocrx_word' id='word_1_250' title='bbox 1414 4459 1569 4530; x_wconf 84' lang='lat' dir='ltr'><strong>famosas</strong></span> <span class='ocrx_word' id='word_1_251' title='bbox 1594 4460 1782 4530; x_wconf 86' lang='lat' dir='ltr'><strong>versiones</strong></span> 
     </span>
     <span class='ocr_line' id='line_1_32' title="bbox 229 4569 1787 4665; baseline 0.006 -28"><span class='ocrx_word' id='word_1_252' title='bbox 229 4569 392 4656; x_wconf 84' lang='lat' dir='ltr'><strong>Aquilae,</strong></span> <span class='ocrx_word' id='word_1_253' title='bbox 417 4570 628 4659; x_wconf 86' lang='lat' dir='ltr'><strong>Symmachi,</strong></span> <span class='ocrx_word' id='word_1_254' title='bbox 652 4576 916 4660; x_wconf 79' lang='lat' dir='ltr'><strong>TheodotioniS,</strong></span> <span class='ocrx_word' id='word_1_255' title='bbox 943 4577 1014 4662; x_wconf 93' lang='lat' dir='ltr'><strong>qui,</strong></span> <span class='ocrx_word' id='word_1_256' title='bbox 1038 4577 1154 4645; x_wconf 90' lang='lat' dir='ltr'><strong>adbuc</strong></span> <span class='ocrx_word' id='word_1_257' title='bbox 1191 4579 1386 4665; x_wconf 88' lang='lat' dir='ltr'><strong>superstite</strong></span> <span class='ocrx_word' id='word_1_258' title='bbox 1409 4595 1606 4665; x_wconf 84' lang='lat' dir='ltr'><strong>synagoga,</strong></span> <span class='ocrx_word' id='word_1_259' title='bbox 1642 4578 1685 4647; x_wconf 89' lang='lat' dir='ltr'><strong>ab</strong></span> <span class='ocrx_word' id='word_1_260' title='bbox 1706 4577 1787 4646; x_wconf 89' lang='lat' dir='ltr'><strong>ulti·</strong></span> 
     </span>
     <span class='ocr_line' id='line_1_33' title="bbox 226 4679 1788 4784; baseline 0.007 -29"><span class='ocrx_word' id='word_1_261' title='bbox 226 4686 296 4756; x_wconf 88' lang='lat' dir='ltr'><strong>mis</strong></span> <span class='ocrx_word' id='word_1_262' title='bbox 320 4689 398 4774; x_wconf 89' lang='lat' dir='ltr'><strong>ejus</strong></span> <span class='ocrx_word' id='word_1_263' title='bbox 414 4691 568 4761; x_wconf 88' lang='lat' dir='ltr'><strong>oraculis</strong></span> <span class='ocrx_word' id='word_1_264' title='bbox 592 4694 792 4764; x_wconf 88' lang='lat' dir='ltr'><strong>sententias</strong></span> <span class='ocrx_word' id='word_1_265' title='bbox 809 4679 1049 4772; x_wconf 69' lang='grc' dir='ltr'><em>θεοπνεύστους</em></span> <span class='ocrx_word' id='word_1_266' title='bbox 1065 4692 1264 4764; x_wconf 90' lang='lat' dir='ltr'><strong>hauserunt</strong></span> <span class='ocrx_word' id='word_1_267' title='bbox 1286 4699 1324 4765; x_wconf 90' lang='lat' dir='ltr'><strong>ct</strong></span> <span class='ocrx_word' id='word_1_268' title='bbox 1346 4696 1549 4784; x_wconf 87' lang='lat' dir='ltr'><strong>posteritati</strong></span> <span class='ocrx_word' id='word_1_269' title='bbox 1565 4697 1788 4768; x_wconf 88' lang='lat' dir='ltr'><strong>commenda·</strong></span> 
     </span>
     <span class='ocr_line' id='line_1_34' title="bbox 228 4805 1783 4908; baseline 0.011 -36"><span class='ocrx_word' id='word_1_270' title='bbox 228 4805 326 4874; x_wconf 89' lang='lat' dir='ltr'><strong>runt.</strong></span> <span class='ocrx_word' id='word_1_271' title='bbox 343 4805 439 4885; x_wconf 86' lang='lat' dir='ltr'><strong>Quae</strong></span> <span class='ocrx_word' id='word_1_272' title='bbox 464 4827 569 4897; x_wconf 92' lang='lat' dir='ltr'><strong>quum</strong></span> <span class='ocrx_word' id='word_1_273' title='bbox 595 4827 617 4882; x_wconf 95' lang='lat' dir='ltr'><strong>a</strong></span> <span class='ocrx_word' id='word_1_274' title='bbox 640 4811 785 4882; x_wconf 89' lang='lat' dir='ltr'><strong>saeculo</strong></span> <span class='ocrx_word' id='word_1_275' title='bbox 802 4814 1044 4900; x_wconf 89' lang='lat' dir='ltr'><strong>secundojam</strong></span> <span class='ocrx_word' id='word_1_276' title='bbox 1068 4816 1113 4885; x_wconf 89' lang='lat' dir='ltr'><strong>ad</strong></span> <span class='ocrx_word' id='word_1_277' title='bbox 1130 4815 1385 4904; x_wconf 82' lang='lat' dir='ltr'><strong>occidentales,</strong></span> <span class='ocrx_word' id='word_1_278' title='bbox 1407 4820 1501 4889; x_wconf 90' lang='lat' dir='ltr'><strong>teste</strong></span> <span class='ocrx_word' id='word_1_279' title='bbox 1521 4820 1682 4906; x_wconf 86' lang='lat' dir='ltr'><strong>irenaeo,</strong></span> <span class='ocrx_word' id='word_1_280' title='bbox 1696 4835 1783 4908; x_wconf 91' lang='lat' dir='ltr'><strong>per·</strong></span> 
     </span>
    </p>
   </div>
   <div class='ocr_carea' id='block_1_7' title="bbox 221 5091 1790 5204">
    <p class='ocr_par' dir='ltr' id='par_1_9' title="bbox 221 5091 1790 5204">
     <span class='ocr_line' id='line_1_35' title="bbox 221 5091 1790 5204; baseline 0 -28"><span class='ocrx_word' id='word_1_281' title='bbox 228 5091 231 5098; x_wconf 24' lang='lat'><strong>¹</strong></span> <span class='ocrx_word' id='word_1_282' title='bbox 221 5101 326 5204; x_wconf 74' lang='grc' dir='ltr'>πηρσῖ.</span> <span class='ocrx_word' id='word_1_283' title='bbox 318 5129 488 5186; x_wconf 81' lang='lat' dir='ltr'><strong>.ucttncndo</strong></span> <span class='ocrx_word' id='word_1_284' title='bbox 506 5131 844 5203; x_wconf 82' lang='lat' dir='ltr'><strong>potiuslectiopriucepe</strong></span> <span class='ocrx_word' id='word_1_285' title='bbox 861 5133 977 5191; x_wconf 63' lang='lat' dir='ltr'><strong>vedetur</strong></span> <span class='ocrx_word' id='word_1_286' title='bbox 1025 5119 1203 5187; x_wconf 85' lang='lat' dir='ltr'><strong>sequentibus</strong></span> <span class='ocrx_word' id='word_1_287' title='bbox 1231 5123 1371 5176; x_wconf 85' lang='lat' dir='ltr'><strong>omittitur.</strong></span> <span class='ocrx_word' id='word_1_288' title='bbox 1401 5122 1445 5177; x_wconf 90' lang='lat' dir='ltr'><strong>cl</strong></span> <span class='ocrx_word' id='word_1_289' title='bbox 1479 5121 1627 5190; x_wconf 83' lang='lat' dir='ltr'><strong>Gebbnrdt,</strong></span> <span class='ocrx_word' id='word_1_290' title='bbox 1656 5121 1790 5191; x_wconf 81' lang='lat' dir='ltr'><strong>Harnuclr,</strong></span> 
     </span>
    </p>
   </div>
   <div class='ocr_carea' id='block_1_8' title="bbox 222 5203 1792 5374">
    <p class='ocr_par' dir='ltr' id='par_1_10' title="bbox 222 5203 1792 5374">
     <span class='ocr_line' id='line_1_36' title="bbox 222 5203 1791 5286; baseline 0.003 -24"><span class='ocrx_word' id='word_1_291' title='bbox 222 5213 452 5278; x_wconf 80' lang='lat' dir='ltr'><strong>enimelegonter</strong></span> <span class='ocrx_word' id='word_1_292' title='bbox 480 5216 597 5270; x_wconf 86' lang='lat' dir='ltr'><strong>describi</strong></span> <span class='ocrx_word' id='word_1_293' title='bbox 627 5229 730 5283; x_wconf 86' lang='lat' dir='ltr'><strong>pompa</strong></span> <span class='ocrx_word' id='word_1_294' title='bbox 752 5217 898 5286; x_wconf 82' lang='lat' dir='ltr'><strong>paschalis,</strong></span> <span class='ocrx_word' id='word_1_295' title='bbox 921 5231 982 5271; x_wconf 84' lang='lat' dir='ltr'><strong>can·</strong></span> <span class='ocrx_word' id='word_1_296' title='bbox 1028 5203 1111 5253; x_wconf 59' lang='grc' dir='ltr'><strong><em>ΖΜΝ·</em></strong></span> <span class='ocrx_word' id='word_1_297' title='bbox 1125 5203 1173 5255; x_wconf 78' lang='grc' dir='ltr'><strong>ΡΡ·</strong></span> <span class='ocrx_word' id='word_1_298' title='bbox 1191 5215 1254 5268; x_wconf 73' lang='lat'><strong>¹1¹1)-</strong></span> <span class='ocrx_word' id='word_1_299' title='bbox 1267 5215 1332 5268; x_wconf 69' lang='lat'><strong>⁰1¹9·</strong></span> <span class='ocrx_word' id='word_1_300' title='bbox 1345 5204 1411 5256; x_wconf 77' lang='lat'><strong>¹¹³0</strong></span> <span class='ocrx_word' id='word_1_301' title='bbox 1425 5206 1436 5255; x_wconf 81' lang='lat'><strong>¹</strong></span> <span class='ocrx_word' id='word_1_302' title='bbox 1456 5205 1561 5268; x_wconf 75' lang='lat'><strong>¹8⁷¹⁵1¹·</strong></span> <span class='ocrx_word' id='word_1_303' title='bbox 1574 5207 1630 5265; x_wconf 76' lang='lat'><strong>¹⁶⁶</strong></span> <span class='ocrx_word' id='word_1_304' title='bbox 1641 5203 1791 5258; x_wconf 72' lang='lat' dir='ltr'><strong>¹¹¹¹¹¹¹¹¹¹¹¹¹e</strong></span> 
     </span>
     <span class='ocr_line' id='line_1_37' title="bbox 223 5283 1792 5374; baseline 0.005 -32"><span class='ocrx_word' id='word_1_305' title='bbox 223 5291 292 5344; x_wconf 87' lang='lat' dir='ltr'><strong>detis</strong></span> <span class='ocrx_word' id='word_1_306' title='bbox 317 5299 345 5345; x_wconf 87' lang='lat' dir='ltr'><strong>et</strong></span> <span class='ocrx_word' id='word_1_307' title='bbox 372 5293 516 5350; x_wconf 80' lang='lat' dir='ltr'><strong>lutminibus</strong></span> <span class='ocrx_word' id='word_1_308' title='bbox 544 5297 712 5363; x_wconf 63' lang='lat' dir='ltr'><strong>collustrata</strong></span> <span class='ocrx_word' id='word_1_309' title='bbox 739 5298 823 5351; x_wconf 83' lang='lat' dir='ltr'><strong>irnuro</strong></span> <span class='ocrx_word' id='word_1_310' title='bbox 849 5299 893 5351; x_wconf 83' lang='lat' dir='ltr'><strong>vir</strong></span> <span class='ocrx_word' id='word_1_311' title='bbox 925 5285 985 5374; x_wconf 71' lang='grc' dir='ltr'><strong>φῶς</strong></span> <span class='ocrx_word' id='word_1_312' title='bbox 1029 5283 1177 5336; x_wconf 70' lang='lat'><strong>¹¹¹¹⁰¹³¹0⁸</strong></span> <span class='ocrx_word' id='word_1_313' title='bbox 1202 5297 1235 5338; x_wconf 73' lang='lat'><strong>0¹</strong></span> <span class='ocrx_word' id='word_1_314' title='bbox 1262 5283 1430 5350; x_wconf 72' lang='lat' dir='ltr'><strong>¹9⁰il¹¹l¹¹¹¹⁸</strong></span> <span class='ocrx_word' id='word_1_315' title='bbox 1457 5284 1667 5350; x_wconf 72' lang='lat' dir='ltr'><strong>⁰¹⁰⁰¹¹l⁰0¹¹¹¹¹⁵</strong></span> <span class='ocrx_word' id='word_1_316' title='bbox 1697 5297 1792 5338; x_wconf 70' lang='lat' dir='ltr'><strong>cumu-</strong></span> 
     </span>
    </p>
   </div>
   <div class='ocr_carea' id='block_1_9' title="bbox 129 5348 1128 5450">
    <p class='ocr_par' dir='ltr' id='par_1_11' title="bbox 129 5348 1128 5450">
     <span class='ocr_line' id='line_1_38' title="bbox 129 5348 1128 5450; baseline -0.004 -15"><span class='ocrx_word' id='word_1_317' title='bbox 129 5437 132 5442; x_wconf 82' lang='grc'>,</span> <span class='ocrx_word' id='word_1_318' title='bbox 228 5348 350 5440; x_wconf 54' lang='lat' dir='ltr'><strong>‘Mem</strong></span> <span class='ocrx_word' id='word_1_319' title='bbox 372 5373 480 5433; x_wconf 77' lang='lat' dir='ltr'><strong>cbristo</strong></span> <span class='ocrx_word' id='word_1_320' title='bbox 496 5379 627 5445; x_wconf 77' lang='lat' dir='ltr'><strong>ducatum</strong></span> <span class='ocrx_word' id='word_1_321' title='bbox 645 5377 774 5434; x_wconf 85' lang='lat' dir='ltr'><strong>tratribus</strong></span> <span class='ocrx_word' id='word_1_322' title='bbox 802 5379 935 5450; x_wconf 83' lang='lat' dir='ltr'><strong>solemne,</strong></span> <span class='ocrx_word' id='word_1_323' title='bbox 954 5383 980 5436; x_wconf 90' lang='lat' dir='ltr'><strong>in</strong></span> <span class='ocrx_word' id='word_1_324' title='bbox 1031 5363 1128 5418; x_wconf 79' lang='lat'><strong>¹¹⁰¹¹¹¹·</strong></span> 
     </span>
    </p>
   </div>
   <div class='ocr_carea' id='block_1_10' title="bbox 0 0 2003 6068">
    <p class='ocr_par' dir='ltr' id='par_1_12' title="bbox 0 0 2003 6068">
     <span class='ocr_line' id='line_1_39' title="bbox 0 0 2003 6068; baseline 0 0"><span class='ocrx_word' id='word_1_325' title='bbox 0 0 2003 6068; x_wconf 95' lang='lat' dir='ltr'><strong> </strong></span> 
     </span>
    </p>
   </div>
  </div>
 </body>
</html>
