3998 6080
274 488 312 550 78
838 482 971 550 otrus
991 484 1022 549 S.
1046 483 1252 550 hernotus
1370 511 1372 516 v

316 639 367 702 12.
382 636 540 716 Denarius,
566 635 755 700 beatitudinis
769 634 935 701 retributio.
951 634 986 699 ln
1000 633 1178 713 Evangelio:
1195 633 1305 699 Placito
1319 642 1416 698 autem
1437 633 1513 697 lacto
1533 651 1601 696 cunr
1621 631 1762 714 operariis
1780 651 1817 697 er

275 753 396 818 denario
416 751 533 832 diurno,
556 751 637 816 misit
656 769 707 816 eos
729 750 759 814 in
779 751 898 816 vineam
918 769 1009 825 seam,
1032 749 1061 815 id
1081 759 1126 816 est
1146 750 1177 815 in
1197 749 1364 817 exercitium
1385 749 1469 816 bonae
1489 748 1678 832 operationis.

316 867 366 932 13.
382 866 501 933 Denarit
521 866 598 948 duo,
621 864 678 931 dno
699 873 845 950 praecepta
865 863 1014 944 caritatis,
1038 864 1085 929 rel
1112 872 1269 950 utrumque
1288 866 1523 946 Testamentum,
1546 865 1600 931 hoc
1619 874 1664 931 est
1683 873 1771 931 vetus
1791 874 1820 930 ct

278 1001 398 1048 norum.
414 982 449 1046 ln
464 980 643 1065 Evangelio:
658 983 695 1046 lit
708 982 767 1047 alio
781 981 830 1047 die
842 981 967 1066 protulit
980 981 1053 1046 duos
1068 980 1213 1064 denarios,
1229 991 1259 1048 et
1272 983 1353 1050 dedit
1367 981 1534 1049 stabulario.

322 1101 371 1165 lt.
388 1099 541 1177 brachma,
557 1100 588 1166 id
602 1108 649 1165 est
663 1099 811 1181 denarius,
827 1099 914 1164 homo
929 1098 967 1163 ad
980 1098 1138 1181 imaginem
1152 1099 1206 1164 Dei
1221 1099 1325 1165 lactus.
1340 1099 1375 1164 ln
1389 1098 1568 1182 Evangelio:
1586 1101 1625 1163 dt
1637 1114 1705 1180 quae
1717 1096 1823 1162 mulier

280 1217 391 1282 habens
406 1215 560 1283 drachmas
573 1217 684 1297 decem,
700 1225 730 1280 et
743 1215 905 1299 perdiderit
917 1233 1006 1280 unam
1021 1233 1056 1282 err
1067 1214 1133 1280 eisl
1143 1215 1227 1280 Hauc
1240 1214 1389 1282 mulierem
1403 1212 1582 1298 Sapientiam
1596 1211 1693 1277 Patris
1703 1211 1822 1295 quidam

279 1333 497 1413 intellexerunt,
513 1331 564 1397 alii
579 1349 651 1398 uero
665 1329 837 1396 Ecclesiam.

320 1451 368 1514 15.
384 1449 549 1528 Talentum,
572 1446 774 1529 intelligentie
791 1446 832 1530 [p.
849 1446 918 1528 tao]
934 1445 1052 1513 donum.
1075 1447 1109 1512 ln
1129 1447 1309 1530 Evangelio:
1325 1448 1362 1512 Et
1382 1447 1433 1513 uni
1453 1446 1533 1513 dedit
1553 1447 1684 1531 quinque
1700 1446 1821 1526 talenta,

277 1566 327 1630 alii
342 1575 438 1632 anum
453 1566 520 1644 duo,
534 1563 583 1631 alii
597 1582 669 1630 uero
683 1583 785 1629 unum.

320 1683 370 1747 16.
386 1682 425 1747 Et
446 1681 477 1746 in
497 1680 606 1748 malam
627 1689 741 1764 partem
762 1679 794 1744 in
814 1679 971 1745 Zacharia:
994 1680 1061 1749 llidi
1082 1680 1266 1764 iniquitatem
1286 1699 1375 1765 super
1396 1681 1539 1747 talentum
1560 1680 1682 1764 plumbi.

320 1800 371 1863 17.
389 1799 454 1863 Duo
469 1798 590 1879 talenta,
606 1798 663 1863 duo
677 1798 860 1864 Testamenta
877 1797 972 1880 Legis,
989 1797 1054 1864 sire
1070 1797 1233 1862 intellectus
1247 1807 1278 1864 et
1292 1796 1432 1882 operatio,
1449 1797 1499 1862 ubi
1513 1805 1656 1880 utsupra.

320 1914 370 1979 18.
387 1914 526 1998 Quinque
547 1913 670 1997 talenta,
686 1914 814 1998 quinque
835 1913 902 1978 libri
922 1913 1021 1996 Legis,
1044 1921 1076 1978 nt
1096 1913 1214 1996 qnidam
1235 1913 1351 1979 uolunt.
1373 1911 1432 1979 dlii
1451 1921 1551 1980 autem
1570 1913 1700 1996 quinque
1722 1930 1825 1977 sensus

176 2107 182 2116 Ι
279 2031 418 2115 corporis,
433 2050 486 2115 per
499 2049 573 2115 quos
587 2031 730 2098 extoriora
742 2031 818 2096 bene
831 2028 1097 2105 subministrantur,
1113 2029 1161 2094 nbi
1177 2039 1207 2096 et
1219 2048 1319 2112 supra.

325 2148 375 2211 19.
392 2146 498 2212 Decem
519 2145 610 2211 millia
631 2146 752 2225 talenta,
773 2145 905 2230 operatio
925 2147 1025 2212 decem
1047 2155 1260 2230 praeceptorum
1281 2145 1379 2230 Legis.
1399 2145 1434 2210 In
1453 2144 1630 2228 Evangelio:
1651 2145 1689 2210 llt
1709 2143 1826 2209 oblatus

280 2270 326 2326 est
340 2261 367 2326 ei
382 2279 458 2326 unus
471 2262 521 2345 qui
535 2261 660 2327 debebat
672 2262 772 2328 decem
787 2261 878 2327 millia
893 2262 1013 2328 talenta.

324 2379 373 2461 ab,
390 2381 440 2444 at.
457 2379 536 2447 llitta
546 2396 643 2455 aurea,
656 2380 752 2445 lutura
763 2379 915 2445 beatitudo
924 2395 933 2459 ;
948 2380 1026 2445 lunis
1040 2387 1205 2462 argenteus,
1221 2378 1284 2445 rita
1299 2361 1445 2462 prasens3
1464 2377 1520 2443 ista
1534 2377 1745 2460 deliciens,illa
1755 2396 1828 2442 snc-

282 2499 398 2564 cedens.
415 2497 449 2562 ln
464 2496 633 2562 Salomone:
651 2500 815 2580 Antequam
831 2507 983 2581 rumpatur
998 2497 1075 2563 lunis
1091 2505 1257 2580 argenteus,
1271 2505 1301 2562 et
1315 2504 1446 2562 recurrat
1459 2496 1537 2561 vitta
1552 2513 1651 2561 aurea.

324 2599 387 2678 is&
404 2612 510 2678 Circuli
525 2612 616 2693 aurci,
631 2613 778 2697 spiritales
792 2613 822 2678 in
837 2613 993 2697 Scripturis
1006 2614 1143 2679 circuitus
1157 2613 1370 2697 intelligentiae.
1385 2613 1419 2678 ln
1433 2611 1545 2678 Exodo.

328 2732 378 2794 12.
395 2728 574 2811 Thesaurus,
590 2729 734 2810 Christus,
750 2729 814 2795 sire
828 2728 1004 2795 desiderium
1019 2731 1122 2814 patriae
1136 2730 1274 2797 coelestis.
1291 2731 1325 2795 ln
1338 2731 1518 2814 Evangelio:
1534 2730 1634 2796 Simile
1648 2739 1693 2798 est
1706 2749 1828 2812 regnum

285 2843 424 2909 coelornm
440 2843 549 2908 bomini
565 2845 615 2927 qui
631 2843 779 2912 inuenerit
791 2844 959 2912 decorum
975 2844 1006 2909 in
1019 2862 1100 2928 agro.

323 2961 373 3026 13.
390 2961 569 3042 Thesaurus,
585 2961 673 3027 corda
693 2960 879 3046 sapientium.
895 2963 929 3026 lu
950 2961 1121 3028 Salomone:
1143 2961 1311 3028 Thesaurus
1331 2962 1534 3029 desiderabilis
1554 2963 1709 3047 requiescit
1729 2961 1759 3026 in
1780 2980 1829 3027 ore

281 3076 469 3163 sapientium.

323 3195 372 3259 hd.
392 3195 433 3278 [p.
449 3195 520 3275 131]
536 3194 797 3279 Gazophylacium,
813 3195 901 3261 corda
916 3205 1082 3262 sanctorum
1096 3197 1284 3282 sapientium,
1301 3195 1416 3263 diuitiis
1432 3197 1528 3280 plena.
1544 3195 1578 3261 ln
1592 3194 1753 3261 Ezechiele.

322 3312 371 3375 er.
386 3311 615 3394 Thesaurizatio,
632 3312 717 3378 bonis
731 3313 867 3396 operibus
882 3312 1021 3397 repositio
1037 3312 1066 3378 in
1080 3313 1184 3379 Deum
1196 3314 1231 3379 ln
1241 3313 1422 3396 Evangelio:
1438 3311 1648 3380 Thesauricate
1659 3312 1744 3380 robis
1761 3311 1831 3378 tlrc-

282 3445 384 3494 sauros
399 3427 428 3492 in
444 3429 528 3494 coelo.

322 3546 373 3609 ab.
388 3544 427 3609 Et
441 3543 472 3608 in
487 3545 594 3610 malam
607 3555 730 3630 partem,
746 3547 778 3609 in
791 3546 948 3628 Apostolo:
963 3547 1157 3613 Tbesaurizas
1172 3548 1225 3614 tibi
1240 3547 1312 3614 iram
1327 3549 1357 3614 in
1373 3548 1423 3615 die
1437 3547 1502 3613 ire.

322 3661 373 3725 27.
389 3663 511 3744 lllrugo,
526 3663 662 3727 auaritia.
678 3662 713 3727 ln
728 3662 907 3746 Evangelio:
923 3664 1022 3731 Nolite
1035 3666 1120 3732 robis
1136 3665 1333 3732 thesaurizare
1350 3665 1503 3730 thesauros
1518 3663 1549 3728 in
1563 3672 1649 3744 terra,
1667 3664 1716 3728 ubi
1731 3681 1831 3746 erugo

282 3784 314 3842 et
328 3776 406 3843 tinea
420 3777 585 3843 demolitur.

325 3893 375 3958 28.
392 3894 584 3981 Crystallum,
601 3893 774 3978 baptismus.
790 3895 825 3961 ln
838 3897 1032 3982 Apocalypsi:
1047 3898 1169 3964 Flumen
1183 3917 1268 3981 equae
1288 3899 1369 3964 virae
1387 3907 1524 3980 tanquam
1540 3895 1723 3980 crystallum.

324 4013 373 4075 29.
389 4013 578 4095 Crystallum,
600 4012 708 4079 duritia
733 4022 928 4098 peccatorum.
950 4014 984 4078 ln
1009 4013 1138 4099 psalmo:
1166 4015 1223 4094 Qui
1246 4014 1355 4080 emittit
1374 4012 1546 4098 crystallum
1566 4031 1652 4078 suum
1672 4011 1748 4078 sicut
1767 4013 1831 4078 lru-
1879 4093 1882 4096 ,

285 4137 331 4193 sta
352 4128 447 4212 panis.

326 4246 375 4310 31).
392 4244 518 4326 llitrum,
541 4243 651 4312 donum
671 4244 820 4330 baptismi.
843 4246 878 4312 ln
892 4246 1086 4332 Apocalypsi:
1103 4248 1223 4314 litante
1237 4247 1336 4314 sedem
1352 4228 1492 4331 tanquam
1513 4265 1593 4313 mare
1613 4246 1742 4314 vitreum
1762 4267 1832 4330 per-

285 4358 423 4426 lucidum.

323 4514 365 4571 12.
385 4516 487 4571 Mattb.
514 4531 566 4586 nx,
585 4515 619 4584 2,
644 4533 706 4570 cum
730 4515 862 4573 insolenti
887 4519 1031 4587 varietate,
1121 4517 1167 4572 22.
1187 4517 1288 4574 Metth.
1308 4515 1427 4584 x111‚44.
1442 4522 1556 4574 incanto
1575 4521 1626 4588 put
1641 4521 1783 4572 invenerit
1802 4515 1833 4570 C.

285 4622 368 4677 quam
389 4606 494 4678 relegit
512 4607 552 4660 A:
573 4610 757 4662 conuentione
775 4619 870 4663 aaran
882 4610 956 4680 sacto
970 4625 1032 4662 cum
1122 4605 1168 4662 23.
1188 4608 1271 4662 Pron.
1291 4623 1349 4674 m,
1367 4605 1414 4675 20,
1432 4607 1545 4661 omnino
1563 4623 1624 4660 curn
1637 4622 1703 4676 nxx,
1717 4613 1835 4677 excepto

285 4694 369 4766 Vulg.
382 4696 508 4752 Graecum
528 4701 571 4751 erl
590 4700 756 4768 συμφωνήσας
776 4701 801 4748 et
815 4701 940 4768 μετὰτῶν
960 4700 1032 4770 ἔργα·
1089 4700 1174 4768 σοφοῦ.
1194 4725 1228 4738 -
1246 4693 1291 4751 24.
1312 4695 1417 4750 Execb.
1436 4710 1483 4763 nn,
1507 4693 1538 4747 l't
1558 4699 1586 4748 et
1603 4695 1718 4766 possim.

285 4785 344 4834 τῶν.
363 4811 398 4824 -
420 4783 461 4839 13.
482 4784 549 4838 Luc.
562 4801 592 4854 x,
613 4783 658 4840 35.
1124 4785 1170 4841 25.
1190 4785 1293 4839 Matth.
1314 4800 1354 4851 vr,
1373 4781 1473 4840 211-
1493 4785 1559 4839 boui
1583 4787 1674 4852 operis
1693 4783 1728 4847 A,
1749 4781 1796 4835 sed
1816 4781 1838 4836 C

325 4870 368 4926 14.
389 4871 455 4928 Luc.
475 4889 522 4942 xv,
542 4873 571 4929 8.
590 4905 625 4918 -
649 4872 690 4928 15.
711 4875 812 4930 Matlh.
835 4893 901 4945 xxv,
918 4875 961 4932 15.
1089 4876 1231 4947 graecizat.
1250 4876 1265 4930 io
1285 4879 1335 4935 τοῖς
1355 4877 1440 4934 καλοῖς
1460 4873 1537 4946 ἔργοις
1558 4872 1680 4927 ἀποθήκη.

325 4955 367 5011 ld.
389 4961 472 5015 Zach.
491 4977 519 5030 v,
541 4962 570 5030 7,
590 4963 617 5028 8,
637 4964 686 5018 sed
704 4966 874 5020 memoriter.
1123 4961 1169 5019 26.
1189 4965 1270 5020 Rom.
1289 4979 1321 5032 11,
1341 4960 1368 5017 5.
1389 4992 1424 5003 -
1441 4959 1487 5018 27.
1508 4959 1609 5015 Matth.
1630 4976 1669 5029 vr,
1693 4958 1735 5014 19.

326 5045 367 5106 19.
387 5049 485 5105 Metel.
505 5067 586 5120 xvrrr,
606 5051 652 5108 28.
674 5083 708 5094 -
726 5057 826 5110 Decem
845 5055 937 5110 millio
955 5055 990 5122 A,
1014 5053 1034 5107 C
1123 5051 1169 5108 28.
1190 5055 1278 5126 Αροο.
1298 5068 1367 5120 xxrr,
1390 5050 1431 5105 10.

287 5136 373 5194 semel
393 5143 422 5194 el
438 5143 548 5197 iterum.
1125 5141 1170 5199 29.
1191 5142 1238 5197 Pa.
1259 5157 1361 5209 cxnvrr,
1385 5141 1426 5196 17.
1447 5169 1481 5183 -
1500 5143 1572 5196 sicut
1590 5143 1700 5212 frustm
1720 5140 1752 5194 C.

324 5227 370 5283 20.
390 5228 482 5285 Eccle.
502 5246 552 5300 xrr,
571 5231 598 5287 6.
1126 5229 1171 5287 30.
1191 5233 1275 5286 deoc.
1295 5246 1335 5298 rv,
1354 5229 1382 5283 6.
