<?xml version="1.0" encoding="UTF-8"?>
<!DOCTYPE html PUBLIC "-//W3C//DTD XHTML 1.0 Transitional//EN"
    "http://www.w3.org/TR/xhtml1/DTD/xhtml1-transitional.dtd">
<html xmlns="http://www.w3.org/1999/xhtml" xml:lang="en" lang="en">
 <head>
  <title>
</title>
<meta http-equiv="Content-Type" content="text/html;charset=utf-8" />
  <meta name='ocr-system' content='tesseract 3.04.00' />
  <meta name='ocr-capabilities' content='ocr_page ocr_carea ocr_par ocr_line ocrx_word'/>
</head>
<body>
  <div class='ocr_page' id='page_1' title='image "./analectasacrasp01pitrgoog_0566.png"; bbox 0 0 4038 6088; ppageno 0'>
   <div class='ocr_carea' id='block_1_1' title="bbox 836 517 1755 582">
    <p class='ocr_par' dir='ltr' id='par_1_1' title="bbox 836 517 1755 582">
     <span class='ocr_line' id='line_1_1' title="bbox 836 517 1755 582; baseline -0.001 -1"><span class='ocrx_word' id='word_1_1' title='bbox 836 517 963 581; x_wconf 82' lang='lat' dir='ltr'>CODEX</span> <span class='ocrx_word' id='word_1_2' title='bbox 985 517 1073 581; x_wconf 84' lang='lat' dir='ltr'><strong>SAEC.</strong></span> <span class='ocrx_word' id='word_1_3' title='bbox 1098 517 1134 582; x_wconf 85' lang='lat' dir='ltr'><strong>vt</strong></span> <span class='ocrx_word' id='word_1_4' title='bbox 1699 519 1755 580; x_wconf 82' lang='lat' dir='ltr'><strong>huo</strong></span> 
     </span>
    </p>
   </div>
   <div class='ocr_carea' id='block_1_2' title="bbox 183 665 1765 2254">
    <p class='ocr_par' dir='ltr' id='par_1_2' title="bbox 183 665 1765 2254">
     <span class='ocr_line' id='line_1_2' title="bbox 217 665 1756 752; baseline 0.001 -21"><span class='ocrx_word' id='word_1_5' title='bbox 217 667 312 731; x_wconf 82' lang='lat' dir='ltr'>ctrina</span> <span class='ocrx_word' id='word_1_6' title='bbox 329 667 364 746; x_wconf 83' lang='lat'><strong>¹),</strong></span> <span class='ocrx_word' id='word_1_7' title='bbox 383 683 471 750; x_wconf 89' lang='lat' dir='ltr'><strong>quam</strong></span> <span class='ocrx_word' id='word_1_8' title='bbox 492 684 528 730; x_wconf 85' lang='lat' dir='ltr'><strong>ex</strong></span> <span class='ocrx_word' id='word_1_9' title='bbox 549 675 672 750; x_wconf 91' lang='lat' dir='ltr'><strong>utroque</strong></span> <span class='ocrx_word' id='word_1_10' title='bbox 692 675 867 733; x_wconf 85' lang='lat' dir='ltr'><strong>testamento</strong></span> <span class='ocrx_word' id='word_1_11' title='bbox 887 685 1058 750; x_wconf 87' lang='lat' dir='ltr'><strong>magnorum</strong></span> <span class='ocrx_word' id='word_1_12' title='bbox 1080 667 1263 748; x_wconf 87' lang='lat' dir='ltr'><strong>enigmatum</strong></span> <span class='ocrx_word' id='word_1_13' title='bbox 1284 665 1501 732; x_wconf 77' lang='lat' dir='ltr'><strong>absolutissime</strong></span> <span class='ocrx_word' id='word_1_14' title='bbox 1522 667 1668 749; x_wconf 88' lang='lat' dir='ltr'><strong>aperiens,</strong></span> <span class='ocrx_word' id='word_1_15' title='bbox 1684 684 1756 752; x_wconf 92' lang='lat' dir='ltr'><strong>que-</strong></span> 
     </span>
     <span class='ocr_line' id='line_1_3' title="bbox 215 771 1759 856; baseline 0.001 -19"><span class='ocrx_word' id='word_1_16' title='bbox 215 773 322 837; x_wconf 94' lang='lat' dir='ltr'><strong>stionis</strong></span> <span class='ocrx_word' id='word_1_17' title='bbox 337 774 357 854; x_wconf 64' lang='grc'><strong>2)</strong></span> <span class='ocrx_word' id='word_1_18' title='bbox 381 781 477 838; x_wconf 89' lang='lat' dir='ltr'><strong>amoto</strong></span> <span class='ocrx_word' id='word_1_19' title='bbox 497 772 653 854; x_wconf 88' lang='lat' dir='ltr'><strong>velamine,</strong></span> <span class='ocrx_word' id='word_1_20' title='bbox 669 773 876 840; x_wconf 86' lang='lat' dir='ltr'><strong>oculis&#39;cerdis</strong></span> <span class='ocrx_word' id='word_1_21' title='bbox 896 791 999 838; x_wconf 82' lang='lat' dir='ltr'><strong>rerum</strong></span> <span class='ocrx_word' id='word_1_22' title='bbox 1020 772 1163 856; x_wconf 85' lang='lat' dir='ltr'><strong>spiritalis</strong></span> <span class='ocrx_word' id='word_1_23' title='bbox 1184 771 1379 854; x_wconf 74' lang='lat' dir='ltr'><strong>intelligentia</strong></span> <span class='ocrx_word' id='word_1_24' title='bbox 1394 771 1494 838; x_wconf 91' lang='lat' dir='ltr'><strong>lumen</strong></span> <span class='ocrx_word' id='word_1_25' title='bbox 1515 772 1655 852; x_wconf 89' lang='lat' dir='ltr'><strong>iniundit,</strong></span> <span class='ocrx_word' id='word_1_26' title='bbox 1671 792 1759 856; x_wconf 92' lang='lat' dir='ltr'><strong>quarn</strong></span> 
     </span>
     <span class='ocr_line' id='line_1_4' title="bbox 216 880 1759 968; baseline 0.001 -23"><span class='ocrx_word' id='word_1_27' title='bbox 216 880 405 946; x_wconf 77' lang='lat' dir='ltr'><strong>admirationi</strong></span> <span class='ocrx_word' id='word_1_28' title='bbox 421 880 492 944; x_wconf 91' lang='lat' dir='ltr'><strong>milri</strong></span> <span class='ocrx_word' id='word_1_29' title='bbox 507 882 604 961; x_wconf 92' lang='lat' dir='ltr'><strong>luerit,</strong></span> <span class='ocrx_word' id='word_1_30' title='bbox 619 880 803 948; x_wconf 78' lang='lat' dir='ltr'><strong>manifestius</strong></span> <span class='ocrx_word' id='word_1_31' title='bbox 816 880 965 968; x_wconf 82' lang='lat' dir='ltr'><strong>declarare</strong></span> <span class='ocrx_word' id='word_1_32' title='bbox 980 883 1002 960; x_wconf 75' lang='grc'><strong>8)</strong></span> <span class='ocrx_word' id='word_1_33' title='bbox 1026 898 1085 944; x_wconf 92' lang='lat' dir='ltr'><strong>non</strong></span> <span class='ocrx_word' id='word_1_34' title='bbox 1105 881 1199 964; x_wconf 92' lang='lat' dir='ltr'><strong>potui,</strong></span> <span class='ocrx_word' id='word_1_35' title='bbox 1222 898 1310 963; x_wconf 87' lang='lat' dir='ltr'><strong>quam</strong></span> <span class='ocrx_word' id='word_1_36' title='bbox 1330 887 1362 943; x_wconf 94' lang='lat' dir='ltr'><strong>ut</strong></span> <span class='ocrx_word' id='word_1_37' title='bbox 1376 896 1440 945; x_wconf 90' lang='lat' dir='ltr'><strong>eam</strong></span> <span class='ocrx_word' id='word_1_38' title='bbox 1456 898 1472 944; x_wconf 90' lang='lat' dir='ltr'><strong>a</strong></span> <span class='ocrx_word' id='word_1_39' title='bbox 1487 898 1534 944; x_wconf 90' lang='lat' dir='ltr'><strong>me</strong></span> <span class='ocrx_word' id='word_1_40' title='bbox 1549 880 1655 946; x_wconf 78' lang='lat' dir='ltr'><strong>lateret</strong></span> <span class='ocrx_word' id='word_1_41' title='bbox 1670 880 1759 964; x_wconf 82' lang='lat' dir='ltr'><strong>digne</strong></span> 
     </span>
     <span class='ocr_line' id='line_1_5' title="bbox 215 987 1759 1079; baseline 0.001 -25"><span class='ocrx_word' id='word_1_42' title='bbox 215 1007 275 1055; x_wconf 91' lang='lat' dir='ltr'><strong>non</strong></span> <span class='ocrx_word' id='word_1_43' title='bbox 290 1008 376 1072; x_wconf 89' lang='lat' dir='ltr'><strong>posse</strong></span> <span class='ocrx_word' id='word_1_44' title='bbox 390 989 513 1056; x_wconf 87' lang='lat' dir='ltr'><strong>laudari.</strong></span> <span class='ocrx_word' id='word_1_45' title='bbox 530 991 717 1074; x_wconf 83' lang='lat' dir='ltr'><strong>Quamquam</strong></span> <span class='ocrx_word' id='word_1_46' title='bbox 738 990 810 1074; x_wconf 94' lang='lat' dir='ltr'><strong>quid</strong></span> <span class='ocrx_word' id='word_1_47' title='bbox 829 1007 884 1072; x_wconf 84' lang='lat' dir='ltr'><strong>ego</strong></span> <span class='ocrx_word' id='word_1_48' title='bbox 905 989 944 1054; x_wconf 92' lang='lat' dir='ltr'><strong>ad</strong></span> <span class='ocrx_word' id='word_1_49' title='bbox 964 987 1129 1053; x_wconf 90' lang='lat' dir='ltr'><strong>adtollenda</strong></span> <span class='ocrx_word' id='word_1_50' title='bbox 1143 989 1165 1070; x_wconf 83' lang='lat'><strong>⁴)</strong></span> <span class='ocrx_word' id='word_1_51' title='bbox 1190 1007 1223 1052; x_wconf 92' lang='lat' dir='ltr'><strong>ea</strong></span> <span class='ocrx_word' id='word_1_52' title='bbox 1246 1008 1312 1079; x_wconf 83' lang='lat' dir='ltr'><strong>qum</strong></span> <span class='ocrx_word' id='word_1_53' title='bbox 1332 989 1419 1054; x_wconf 91' lang='lat' dir='ltr'><strong>editis</strong></span> <span class='ocrx_word' id='word_1_54' title='bbox 1438 989 1533 1055; x_wconf 89' lang='lat' dir='ltr'><strong>solum</strong></span> <span class='ocrx_word' id='word_1_55' title='bbox 1553 1009 1618 1058; x_wconf 92' lang='lat' dir='ltr'><strong>esse</strong></span> <span class='ocrx_word' id='word_1_56' title='bbox 1639 1009 1685 1056; x_wconf 91' lang='lat' dir='ltr'><strong>nre</strong></span> <span class='ocrx_word' id='word_1_57' title='bbox 1698 994 1759 1056; x_wconf 86' lang='lat' dir='ltr'><strong>inr-</strong></span> 
     </span>
     <span class='ocr_line' id='line_1_6' title="bbox 216 1095 1760 1182; baseline -0.001 -18"><span class='ocrx_word' id='word_1_58' title='bbox 216 1117 316 1180; x_wconf 89' lang='lat' dir='ltr'><strong>purem</strong></span> <span class='ocrx_word' id='word_1_59' title='bbox 337 1098 458 1163; x_wconf 76' lang='lat' dir='ltr'><strong>dicans?</strong></span> <span class='ocrx_word' id='word_1_60' title='bbox 479 1099 556 1165; x_wconf 87' lang='lat' dir='ltr'><strong>Pace</strong></span> <span class='ocrx_word' id='word_1_61' title='bbox 582 1099 692 1164; x_wconf 89' lang='lat' dir='ltr'><strong>dictum</strong></span> <span class='ocrx_word' id='word_1_62' title='bbox 719 1099 761 1165; x_wconf 89' lang='lat' dir='ltr'><strong>ait</strong></span> <span class='ocrx_word' id='word_1_63' title='bbox 788 1098 919 1164; x_wconf 92' lang='lat' dir='ltr'><strong>omniurn</strong></span> <span class='ocrx_word' id='word_1_64' title='bbox 948 1097 1088 1179; x_wconf 89' lang='lat' dir='ltr'><strong>quisunt</strong></span> <span class='ocrx_word' id='word_1_65' title='bbox 1114 1095 1262 1179; x_wconf 82' lang='lat' dir='ltr'><strong>optime⁶)</strong></span> <span class='ocrx_word' id='word_1_66' title='bbox 1290 1095 1336 1161; x_wconf 91' lang='lat' dir='ltr'><strong>bis</strong></span> <span class='ocrx_word' id='word_1_67' title='bbox 1364 1113 1429 1178; x_wconf 78' lang='lat' dir='ltr'><strong>que</strong></span> <span class='ocrx_word' id='word_1_68' title='bbox 1456 1096 1590 1162; x_wconf 90' lang='lat' dir='ltr'><strong>liberalia</strong></span> <span class='ocrx_word' id='word_1_69' title='bbox 1609 1098 1760 1182; x_wconf 89' lang='lat' dir='ltr'><strong>appellant</strong></span> 
     </span>
     <span class='ocr_line' id='line_1_7' title="bbox 216 1204 1758 1288; baseline -0.001 -18"><span class='ocrx_word' id='word_1_70' title='bbox 216 1205 314 1270; x_wconf 90' lang='lat' dir='ltr'><strong>studia</strong></span> <span class='ocrx_word' id='word_1_71' title='bbox 329 1206 369 1286; x_wconf 78' lang='lat'><strong>⁶),</strong></span> <span class='ocrx_word' id='word_1_72' title='bbox 393 1205 531 1283; x_wconf 91' lang='lat' dir='ltr'><strong>instituti,</strong></span> <span class='ocrx_word' id='word_1_73' title='bbox 554 1223 609 1270; x_wconf 92' lang='lat' dir='ltr'><strong>nec</strong></span> <span class='ocrx_word' id='word_1_74' title='bbox 629 1205 667 1269; x_wconf 93' lang='lat' dir='ltr'><strong>ab</strong></span> <span class='ocrx_word' id='word_1_75' title='bbox 688 1204 733 1270; x_wconf 87' lang='lat' dir='ltr'><strong>his</strong></span> <span class='ocrx_word' id='word_1_76' title='bbox 754 1206 873 1288; x_wconf 88' lang='lat' dir='ltr'><strong>quidem</strong></span> <span class='ocrx_word' id='word_1_77' title='bbox 893 1206 966 1270; x_wconf 88' lang='lat' dir='ltr'><strong>mira</strong></span> <span class='ocrx_word' id='word_1_78' title='bbox 988 1204 1129 1270; x_wconf 92' lang='lat' dir='ltr'><strong>librorum</strong></span> <span class='ocrx_word' id='word_1_79' title='bbox 1151 1215 1266 1269; x_wconf 93' lang='lat' dir='ltr'><strong>tuorum</strong></span> <span class='ocrx_word' id='word_1_80' title='bbox 1288 1204 1435 1287; x_wconf 81' lang='lat' dir='ltr'><strong>praeconia</strong></span> <span class='ocrx_word' id='word_1_81' title='bbox 1456 1205 1528 1270; x_wconf 87' lang='lat' dir='ltr'><strong>satis</strong></span> <span class='ocrx_word' id='word_1_82' title='bbox 1550 1205 1639 1286; x_wconf 81' lang='lat' dir='ltr'><strong>digne</strong></span> <span class='ocrx_word' id='word_1_83' title='bbox 1663 1206 1758 1271; x_wconf 84' lang='lat' dir='ltr'><strong>excoli</strong></span> 
     </span>
     <span class='ocr_line' id='line_1_8' title="bbox 217 1310 1761 1395; baseline 0.001 -18"><span class='ocrx_word' id='word_1_84' title='bbox 217 1329 303 1395; x_wconf 89' lang='lat' dir='ltr'><strong>posse</strong></span> <span class='ocrx_word' id='word_1_85' title='bbox 318 1312 465 1378; x_wconf 86' lang='lat' dir='ltr'><strong>existimo.</strong></span> <span class='ocrx_word' id='word_1_86' title='bbox 482 1312 560 1390; x_wconf 88' lang='lat' dir='ltr'><strong>Quin</strong></span> <span class='ocrx_word' id='word_1_87' title='bbox 575 1313 644 1379; x_wconf 88' lang='lat' dir='ltr'><strong>licet</strong></span> <span class='ocrx_word' id='word_1_88' title='bbox 659 1313 686 1394; x_wconf 83' lang='lat'><strong>⁷)</strong></span> <span class='ocrx_word' id='word_1_89' title='bbox 707 1312 822 1378; x_wconf 91' lang='lat' dir='ltr'><strong>lacilius</strong></span> <span class='ocrx_word' id='word_1_90' title='bbox 843 1329 908 1376; x_wconf 90' lang='lat' dir='ltr'><strong>esse</strong></span> <span class='ocrx_word' id='word_1_91' title='bbox 929 1313 1090 1377; x_wconf 80' lang='lat' dir='ltr'><strong>decernant</strong></span> <span class='ocrx_word' id='word_1_92' title='bbox 1105 1310 1239 1394; x_wconf 84' lang='lat' dir='ltr'><strong>judicare</strong></span> <span class='ocrx_word' id='word_1_93' title='bbox 1260 1331 1347 1395; x_wconf 87' lang='lat' dir='ltr'><strong>quam</strong></span> <span class='ocrx_word' id='word_1_94' title='bbox 1362 1311 1469 1390; x_wconf 82' lang='lat' dir='ltr'><strong>dicere,</strong></span> <span class='ocrx_word' id='word_1_95' title='bbox 1486 1311 1556 1375; x_wconf 85' lang='lat' dir='ltr'><strong>nrihi</strong></span> <span class='ocrx_word' id='word_1_96' title='bbox 1574 1321 1671 1377; x_wconf 87' lang='lat' dir='ltr'><strong>tamen</strong></span> <span class='ocrx_word' id='word_1_97' title='bbox 1686 1313 1761 1378; x_wconf 90' lang='lat' dir='ltr'><strong>adeo</strong></span> 
     </span>
     <span class='ocr_line' id='line_1_9' title="bbox 218 1417 1760 1505; baseline 0.001 -21"><span class='ocrx_word' id='word_1_98' title='bbox 218 1436 390 1501; x_wconf 90' lang='lat' dir='ltr'><strong>persuasum</strong></span> <span class='ocrx_word' id='word_1_99' title='bbox 406 1428 453 1485; x_wconf 89' lang='lat' dir='ltr'><strong>est</strong></span> <span class='ocrx_word' id='word_1_100' title='bbox 466 1437 526 1485; x_wconf 94' lang='lat' dir='ltr'><strong>non</strong></span> <span class='ocrx_word' id='word_1_101' title='bbox 538 1438 604 1485; x_wconf 90' lang='lat' dir='ltr'><strong>esse</strong></span> <span class='ocrx_word' id='word_1_102' title='bbox 618 1419 675 1486; x_wconf 92' lang='lat' dir='ltr'><strong>boo</strong></span> <span class='ocrx_word' id='word_1_103' title='bbox 697 1419 792 1501; x_wconf 82' lang='lat' dir='ltr'><strong>tacite,</strong></span> <span class='ocrx_word' id='word_1_104' title='bbox 814 1429 849 1484; x_wconf 92' lang='grc' dir='ltr'><strong>ιιι</strong></span> <span class='ocrx_word' id='word_1_105' title='bbox 869 1419 974 1484; x_wconf 89' lang='lat' dir='ltr'><strong>merito</strong></span> <span class='ocrx_word' id='word_1_106' title='bbox 989 1417 1138 1497; x_wconf 90' lang='lat' dir='ltr'><strong>deliniam,</strong></span> <span class='ocrx_word' id='word_1_107' title='bbox 1155 1418 1233 1500; x_wconf 93' lang='lat' dir='ltr'><strong>quod</strong></span> <span class='ocrx_word' id='word_1_108' title='bbox 1247 1437 1332 1484; x_wconf 89' lang='lat' dir='ltr'><strong>nemo</strong></span> <span class='ocrx_word' id='word_1_109' title='bbox 1347 1420 1454 1485; x_wconf 91' lang='lat' dir='ltr'><strong>rectius</strong></span> <span class='ocrx_word' id='word_1_110' title='bbox 1471 1428 1530 1484; x_wconf 89' lang='lat' dir='ltr'><strong>tam</strong></span> <span class='ocrx_word' id='word_1_111' title='bbox 1545 1421 1676 1502; x_wconf 83' lang='lat' dir='ltr'><strong>preclari</strong></span> <span class='ocrx_word' id='word_1_112' title='bbox 1690 1440 1760 1505; x_wconf 91' lang='lat' dir='ltr'><strong>ope-</strong></span> 
     </span>
     <span class='ocr_line' id='line_1_10' title="bbox 222 1523 1760 1612; baseline 0.003 -25"><span class='ocrx_word' id='word_1_113' title='bbox 222 1523 264 1588; x_wconf 92' lang='lat' dir='ltr'><strong>ris</strong></span> <span class='ocrx_word' id='word_1_114' title='bbox 284 1525 461 1607; x_wconf 82' lang='lat' dir='ltr'><strong>praedicator</strong></span> <span class='ocrx_word' id='word_1_115' title='bbox 475 1531 499 1603; x_wconf 80' lang='lat'><strong>⁸)</strong></span> <span class='ocrx_word' id='word_1_116' title='bbox 520 1526 670 1606; x_wconf 81' lang='lat' dir='ltr'><strong>existeret,</strong></span> <span class='ocrx_word' id='word_1_117' title='bbox 693 1543 781 1609; x_wconf 89' lang='lat' dir='ltr'><strong>quarn</strong></span> <span class='ocrx_word' id='word_1_118' title='bbox 801 1527 864 1610; x_wconf 83' lang='lat' dir='ltr'><strong>ejus</strong></span> <span class='ocrx_word' id='word_1_119' title='bbox 885 1527 1024 1591; x_wconf 83' lang='lat' dir='ltr'><strong>inventor</strong></span> <span class='ocrx_word' id='word_1_120' title='bbox 1049 1535 1079 1590; x_wconf 93' lang='lat' dir='ltr'><strong>et</strong></span> <span class='ocrx_word' id='word_1_121' title='bbox 1099 1524 1231 1590; x_wconf 91' lang='lat' dir='ltr'><strong>conditor</strong></span> <span class='ocrx_word' id='word_1_122' title='bbox 1245 1527 1282 1609; x_wconf 71' lang='grc' dir='ltr'><strong>ι),</strong></span> <span class='ocrx_word' id='word_1_123' title='bbox 1304 1527 1374 1609; x_wconf 90' lang='lat' dir='ltr'><strong>quia</strong></span> <span class='ocrx_word' id='word_1_124' title='bbox 1395 1527 1474 1610; x_wconf 93' lang='lat' dir='ltr'><strong>quod</strong></span> <span class='ocrx_word' id='word_1_125' title='bbox 1494 1546 1581 1594; x_wconf 91' lang='lat' dir='ltr'><strong>nemo</strong></span> <span class='ocrx_word' id='word_1_126' title='bbox 1601 1527 1645 1592; x_wconf 90' lang='lat' dir='ltr'><strong>sic</strong></span> <span class='ocrx_word' id='word_1_127' title='bbox 1664 1531 1760 1612; x_wconf 91' lang='lat' dir='ltr'><strong>potuit</strong></span> 
     </span>
     <span class='ocr_line' id='line_1_11' title="bbox 218 1632 1761 1716; baseline 0.001 -20"><span class='ocrx_word' id='word_1_128' title='bbox 218 1633 365 1712; x_wconf 85' lang='lat' dir='ltr'><strong>inuenire,</strong></span> <span class='ocrx_word' id='word_1_129' title='bbox 388 1633 489 1716; x_wconf 91' lang='lat' dir='ltr'><strong>utique</strong></span> <span class='ocrx_word' id='word_1_130' title='bbox 509 1634 553 1698; x_wconf 88' lang='lat' dir='ltr'><strong>sic</strong></span> <span class='ocrx_word' id='word_1_131' title='bbox 572 1653 659 1700; x_wconf 93' lang='lat' dir='ltr'><strong>nemo</strong></span> <span class='ocrx_word' id='word_1_132' title='bbox 680 1634 781 1700; x_wconf 87' lang='lat' dir='ltr'><strong>laudat</strong></span> <span class='ocrx_word' id='word_1_133' title='bbox 797 1639 844 1712; x_wconf 87' lang='lat'><strong>¹⁰).</strong></span> <span class='ocrx_word' id='word_1_134' title='bbox 868 1633 925 1700; x_wconf 88' lang='lat' dir='ltr'><strong>Sed</strong></span> <span class='ocrx_word' id='word_1_135' title='bbox 946 1633 1017 1699; x_wconf 90' lang='lat' dir='ltr'><strong>dum</strong></span> <span class='ocrx_word' id='word_1_136' title='bbox 1038 1632 1102 1697; x_wconf 80' lang='lat' dir='ltr'><strong>haec</strong></span> <span class='ocrx_word' id='word_1_137' title='bbox 1124 1634 1232 1698; x_wconf 87' lang='lat' dir='ltr'><strong>tacitus</strong></span> <span class='ocrx_word' id='word_1_138' title='bbox 1253 1649 1365 1696; x_wconf 90' lang='lat' dir='ltr'><strong>mecum</strong></span> <span class='ocrx_word' id='word_1_139' title='bbox 1387 1633 1519 1712; x_wconf 80' lang='lat' dir='ltr'><strong>revolvo,</strong></span> <span class='ocrx_word' id='word_1_140' title='bbox 1541 1635 1667 1700; x_wconf 85' lang='lat' dir='ltr'><strong>decurrit</strong></span> <span class='ocrx_word' id='word_1_141' title='bbox 1687 1636 1761 1699; x_wconf 91' lang='lat' dir='ltr'><strong>mihi</strong></span> 
     </span>
     <span class='ocr_line' id='line_1_12' title="bbox 218 1738 1763 1825; baseline 0.002 -21"><span class='ocrx_word' id='word_1_142' title='bbox 218 1738 296 1821; x_wconf 92' lang='lat' dir='ltr'><strong>quod</strong></span> <span class='ocrx_word' id='word_1_143' title='bbox 319 1739 350 1804; x_wconf 90' lang='lat' dir='ltr'><strong>in</strong></span> <span class='ocrx_word' id='word_1_144' title='bbox 370 1739 555 1806; x_wconf 82' lang='lat' dir='ltr'><strong>bibliothecis</strong></span> <span class='ocrx_word' id='word_1_145' title='bbox 576 1740 700 1806; x_wconf 83' lang='lat' dir='ltr'><strong>studiosi</strong></span> <span class='ocrx_word' id='word_1_146' title='bbox 722 1743 905 1807; x_wconf 72' lang='lat' dir='ltr'><strong>secularium</strong></span> <span class='ocrx_word' id='word_1_147' title='bbox 926 1742 1101 1818; x_wconf 88' lang='lat' dir='ltr'><strong>litterarum,</strong></span> <span class='ocrx_word' id='word_1_148' title='bbox 1125 1758 1198 1823; x_wconf 92' lang='lat' dir='ltr'><strong>puer</strong></span> <span class='ocrx_word' id='word_1_149' title='bbox 1218 1741 1378 1824; x_wconf 88' lang='lat' dir='ltr'><strong>quondam,</strong></span> <span class='ocrx_word' id='word_1_150' title='bbox 1405 1745 1458 1823; x_wconf 92' lang='lat' dir='ltr'><strong>[ut]</strong></span> <span class='ocrx_word' id='word_1_151' title='bbox 1482 1761 1515 1807; x_wconf 91' lang='lat' dir='ltr'><strong>se</strong></span> <span class='ocrx_word' id='word_1_152' title='bbox 1535 1751 1590 1807; x_wconf 80' lang='lat' dir='ltr'><strong>aeta</strong></span> <span class='ocrx_word' id='word_1_153' title='bbox 1614 1743 1644 1822; x_wconf 91' lang='lat' dir='ltr'><strong>[l.</strong></span> <span class='ocrx_word' id='word_1_154' title='bbox 1669 1744 1698 1825; x_wconf 88' lang='lat'><strong>6]</strong></span> <span class='ocrx_word' id='word_1_155' title='bbox 1724 1743 1763 1808; x_wconf 89' lang='lat' dir='ltr'><strong>tis</strong></span> 
     </span>
     <span class='ocr_line' id='line_1_13' title="bbox 221 1846 1765 1932; baseline 0.004 -22"><span class='ocrx_word' id='word_1_156' title='bbox 221 1846 302 1911; x_wconf 92' lang='lat' dir='ltr'><strong>illius</strong></span> <span class='ocrx_word' id='word_1_157' title='bbox 315 1847 471 1913; x_wconf 86' lang='lat' dir='ltr'><strong>curiositas</strong></span> <span class='ocrx_word' id='word_1_158' title='bbox 485 1847 585 1928; x_wconf 85' lang='lat' dir='ltr'><strong>habet,</strong></span> <span class='ocrx_word' id='word_1_159' title='bbox 600 1849 806 1932; x_wconf 86' lang='lat' dir='ltr'><strong>praetereundo</strong></span> <span class='ocrx_word' id='word_1_160' title='bbox 820 1855 856 1928; x_wconf 70' lang='grc'><strong>11)</strong></span> <span class='ocrx_word' id='word_1_161' title='bbox 878 1848 1025 1932; x_wconf 85' lang='lat' dir='ltr'><strong>legissem.</strong></span> <span class='ocrx_word' id='word_1_162' title='bbox 1048 1847 1123 1913; x_wconf 88' lang='lat' dir='ltr'><strong>Nam</strong></span> <span class='ocrx_word' id='word_1_163' title='bbox 1144 1866 1210 1912; x_wconf 90' lang='lat' dir='ltr'><strong>cum</strong></span> <span class='ocrx_word' id='word_1_164' title='bbox 1230 1865 1318 1931; x_wconf 91' lang='lat' dir='ltr'><strong>supra</strong></span> <span class='ocrx_word' id='word_1_165' title='bbox 1340 1859 1508 1915; x_wconf 77' lang='lat' dir='ltr'><strong>memoratae</strong></span> <span class='ocrx_word' id='word_1_166' title='bbox 1522 1850 1596 1915; x_wconf 79' lang='lat' dir='ltr'><strong>aedis</strong></span> <span class='ocrx_word' id='word_1_167' title='bbox 1612 1849 1765 1916; x_wconf 92' lang='lat' dir='ltr'><strong>ordinator</strong></span> 
     </span>
     <span class='ocr_line' id='line_1_14' title="bbox 219 1953 1760 2041; baseline 0.004 -25"><span class='ocrx_word' id='word_1_168' title='bbox 219 1969 254 2018; x_wconf 87' lang='lat' dir='ltr'><strong>ac</strong></span> <span class='ocrx_word' id='word_1_169' title='bbox 274 1953 411 2020; x_wconf 89' lang='lat' dir='ltr'><strong>dominus</strong></span> <span class='ocrx_word' id='word_1_170' title='bbox 434 1957 535 2036; x_wconf 87' lang='lat' dir='ltr'><strong>[inter]</strong></span> <span class='ocrx_word' id='word_1_171' title='bbox 556 1975 708 2039; x_wconf 83' lang='lat' dir='ltr'><strong>expressas</strong></span> <span class='ocrx_word' id='word_1_172' title='bbox 724 1959 757 2039; x_wconf 63' lang='grc' dir='ltr'><strong>1ι)</strong></span> <span class='ocrx_word' id='word_1_173' title='bbox 789 1957 897 2041; x_wconf 90' lang='lat' dir='ltr'><strong>lapillis</strong></span> <span class='ocrx_word' id='word_1_174' title='bbox 923 1964 977 2021; x_wconf 91' lang='lat' dir='ltr'><strong>aut</strong></span> <span class='ocrx_word' id='word_1_175' title='bbox 997 1956 1071 2023; x_wconf 91' lang='lat' dir='ltr'><strong>ceris</strong></span> <span class='ocrx_word' id='word_1_176' title='bbox 1091 1955 1286 2021; x_wconf 88' lang='lat' dir='ltr'><strong>discoloribus</strong></span> <span class='ocrx_word' id='word_1_177' title='bbox 1306 1958 1503 2039; x_wconf 89' lang='lat' dir='ltr'><strong>lormatasque</strong></span> <span class='ocrx_word' id='word_1_178' title='bbox 1523 1957 1637 2040; x_wconf 86' lang='lat' dir='ltr'><strong>effigies</strong></span> <span class='ocrx_word' id='word_1_179' title='bbox 1654 1962 1690 2036; x_wconf 67' lang='grc' dir='ltr'><strong>ιι)</strong></span> <span class='ocrx_word' id='word_1_180' title='bbox 1711 1958 1760 2023; x_wconf 81' lang='lat' dir='ltr'><strong>vel</strong></span> 
     </span>
     <span class='ocr_line' id='line_1_15' title="bbox 183 2058 1761 2149; baseline 0 -19"><span class='ocrx_word' id='word_1_181' title='bbox 183 2126 184 2130; x_wconf 73' lang='grc'>,</span> <span class='ocrx_word' id='word_1_182' title='bbox 221 2071 381 2142; x_wconf 89' lang='lat' dir='ltr'><strong>oratorum,</strong></span> <span class='ocrx_word' id='word_1_183' title='bbox 398 2063 470 2144; x_wconf 83' lang='lat' dir='ltr'><strong>[vel]</strong></span> <span class='ocrx_word' id='word_1_184' title='bbox 486 2063 573 2128; x_wconf 91' lang='lat' dir='ltr'><strong>etiarn</strong></span> <span class='ocrx_word' id='word_1_185' title='bbox 588 2073 749 2147; x_wconf 87' lang='lat' dir='ltr'><strong>poetarum,</strong></span> <span class='ocrx_word' id='word_1_186' title='bbox 767 2065 906 2148; x_wconf 80' lang='lat' dir='ltr'><strong>specialia</strong></span> <span class='ocrx_word' id='word_1_187' title='bbox 921 2065 1106 2148; x_wconf 88' lang='lat' dir='ltr'><strong>singulorum</strong></span> <span class='ocrx_word' id='word_1_188' title='bbox 1122 2067 1275 2149; x_wconf 77' lang='lat' dir='ltr'><strong>autotppis</strong></span> <span class='ocrx_word' id='word_1_189' title='bbox 1290 2067 1328 2146; x_wconf 84' lang='lat'><strong>¹⁴)</strong></span> <span class='ocrx_word' id='word_1_190' title='bbox 1343 2069 1555 2148; x_wconf 87' lang='lat' dir='ltr'><strong>epigrammata</strong></span> <span class='ocrx_word' id='word_1_191' title='bbox 1572 2058 1761 2144; x_wconf 85' lang='lat' dir='ltr'><strong>subdidisset,</strong></span> 
     </span>
     <span class='ocr_line' id='line_1_16' title="bbox 219 2169 1283 2254; baseline 0.002 -22"><span class='ocrx_word' id='word_1_192' title='bbox 219 2169 268 2234; x_wconf 96' lang='lat' dir='ltr'><strong>ubi</strong></span> <span class='ocrx_word' id='word_1_193' title='bbox 290 2170 327 2235; x_wconf 93' lang='lat' dir='ltr'><strong>ad</strong></span> <span class='ocrx_word' id='word_1_194' title='bbox 348 2169 533 2253; x_wconf 83' lang='lat' dir='ltr'><strong>praejudicati</strong></span> <span class='ocrx_word' id='word_1_195' title='bbox 555 2171 663 2254; x_wconf 88' lang='lat' dir='ltr'><strong>eloquii</strong></span> <span class='ocrx_word' id='word_1_196' title='bbox 683 2171 769 2237; x_wconf 87' lang='lat' dir='ltr'><strong>venit</strong></span> <span class='ocrx_word' id='word_1_197' title='bbox 789 2181 917 2254; x_wconf 86' lang='lat' dir='ltr'><strong>poetam,</strong></span> <span class='ocrx_word' id='word_1_198' title='bbox 940 2173 994 2238; x_wconf 91' lang='lat' dir='ltr'><strong>hoc</strong></span> <span class='ocrx_word' id='word_1_199' title='bbox 1015 2172 1101 2237; x_wconf 90' lang='lat' dir='ltr'><strong>modo</strong></span> <span class='ocrx_word' id='word_1_200' title='bbox 1122 2189 1206 2238; x_wconf 90' lang='lat' dir='ltr'><strong>orsus</strong></span> <span class='ocrx_word' id='word_1_201' title='bbox 1226 2181 1283 2239; x_wconf 89' lang='lat' dir='ltr'><strong>est:</strong></span> 
     </span>
    </p>
   </div>
   <div class='ocr_carea' id='block_1_3' title="bbox 557 2371 1418 2714">
    <p class='ocr_par' dir='ltr' id='par_1_3' title="bbox 557 2371 1418 2714">
     <span class='ocr_line' id='line_1_17' title="bbox 558 2371 1292 2444; baseline -0.003 -16"><span class='ocrx_word' id='word_1_202' title='bbox 558 2371 709 2444; x_wconf 88' lang='lat' dir='ltr'><strong>Virgilium</strong></span> <span class='ocrx_word' id='word_1_203' title='bbox 727 2377 818 2429; x_wconf 83' lang='lat' dir='ltr'><strong>ratem</strong></span> <span class='ocrx_word' id='word_1_204' title='bbox 837 2373 938 2429; x_wconf 87' lang='lat' dir='ltr'><strong>melius</strong></span> <span class='ocrx_word' id='word_1_205' title='bbox 956 2389 1006 2428; x_wconf 86' lang='lat' dir='ltr'><strong>sun</strong></span> <span class='ocrx_word' id='word_1_206' title='bbox 1025 2372 1150 2428; x_wconf 85' lang='lat' dir='ltr'><strong>carmine</strong></span> <span class='ocrx_word' id='word_1_207' title='bbox 1168 2371 1292 2440; x_wconf 84' lang='lat' dir='ltr'><strong>laudant,</strong></span> 
     </span>
     <span class='ocr_line' id='line_1_18' title="bbox 557 2461 1418 2530; baseline 0.006 -17"><span class='ocrx_word' id='word_1_208' title='bbox 557 2461 587 2514; x_wconf 93' lang='lat' dir='ltr'><strong>ln</strong></span> <span class='ocrx_word' id='word_1_209' title='bbox 607 2461 680 2516; x_wconf 81' lang='lat' dir='ltr'><strong>frete</strong></span> <span class='ocrx_word' id='word_1_210' title='bbox 697 2461 762 2517; x_wconf 85' lang='lat' dir='ltr'><strong>dum</strong></span> <span class='ocrx_word' id='word_1_211' title='bbox 774 2468 809 2527; x_wconf 60' lang='grc' dir='ltr'><strong>ίὅ)</strong></span> <span class='ocrx_word' id='word_1_212' title='bbox 829 2461 906 2517; x_wconf 85' lang='lat' dir='ltr'><strong>fluvii</strong></span> <span class='ocrx_word' id='word_1_213' title='bbox 924 2467 1049 2530; x_wconf 85' lang='lat' dir='ltr'><strong>current,</strong></span> <span class='ocrx_word' id='word_1_214' title='bbox 1068 2462 1133 2516; x_wconf 91' lang='lat' dir='ltr'><strong>dum</strong></span> <span class='ocrx_word' id='word_1_215' title='bbox 1152 2463 1294 2517; x_wconf 82' lang='lat' dir='ltr'><strong>montibus</strong></span> <span class='ocrx_word' id='word_1_216' title='bbox 1314 2462 1418 2518; x_wconf 82' lang='lat' dir='ltr'><strong>umbrae</strong></span> 
     </span>
     <span class='ocr_line' id='line_1_19' title="bbox 560 2550 1303 2625; baseline 0.003 -21"><span class='ocrx_word' id='word_1_217' title='bbox 560 2551 730 2607; x_wconf 86' lang='lat' dir='ltr'><strong>Lustrsbunt</strong></span> <span class='ocrx_word' id='word_1_218' title='bbox 747 2569 881 2622; x_wconf 85' lang='lat' dir='ltr'><strong>convexa,</strong></span> <span class='ocrx_word' id='word_1_219' title='bbox 899 2550 982 2624; x_wconf 88' lang='lat' dir='ltr'><strong>polus</strong></span> <span class='ocrx_word' id='word_1_220' title='bbox 1000 2552 1064 2606; x_wconf 91' lang='lat' dir='ltr'><strong>dum</strong></span> <span class='ocrx_word' id='word_1_221' title='bbox 1085 2552 1178 2605; x_wconf 86' lang='lat' dir='ltr'><strong>sidera</strong></span> <span class='ocrx_word' id='word_1_222' title='bbox 1196 2555 1303 2625; x_wconf 85' lang='lat' dir='ltr'><strong>pascet,</strong></span> 
     </span>
     <span class='ocr_line' id='line_1_20' title="bbox 557 2640 1412 2714; baseline 0.002 -18"><span class='ocrx_word' id='word_1_223' title='bbox 557 2641 672 2712; x_wconf 86' lang='lat' dir='ltr'><strong>Semper</strong></span> <span class='ocrx_word' id='word_1_224' title='bbox 691 2641 790 2710; x_wconf 84' lang='lat' dir='ltr'><strong>honos,</strong></span> <span class='ocrx_word' id='word_1_225' title='bbox 810 2657 965 2713; x_wconf 89' lang='lat' dir='ltr'><strong>nomenque</strong></span> <span class='ocrx_word' id='word_1_226' title='bbox 984 2647 1062 2696; x_wconf 90' lang='lat' dir='ltr'><strong>tuum</strong></span> <span class='ocrx_word' id='word_1_227' title='bbox 1082 2640 1233 2714; x_wconf 85' lang='lat' dir='ltr'><strong>laudesque</strong></span> <span class='ocrx_word' id='word_1_228' title='bbox 1252 2642 1412 2698; x_wconf 86' lang='lat' dir='ltr'><strong>manebunt.</strong></span> 
     </span>
    </p>
   </div>
   <div class='ocr_carea' id='block_1_4' title="bbox 219 2829 1765 3021">
    <p class='ocr_par' dir='ltr' id='par_1_4' title="bbox 219 2829 1765 3021">
     <span class='ocr_line' id='line_1_21' title="bbox 219 2829 1765 2913; baseline 0.002 -19"><span class='ocrx_word' id='word_1_229' title='bbox 219 2831 258 2894; x_wconf 81' lang='lat' dir='ltr'><strong>Et</strong></span> <span class='ocrx_word' id='word_1_230' title='bbox 277 2847 361 2907; x_wconf 81' lang='lat' dir='ltr'><strong>rere,</strong></span> <span class='ocrx_word' id='word_1_231' title='bbox 381 2829 539 2895; x_wconf 90' lang='lat' dir='ltr'><strong>dummodo</strong></span> <span class='ocrx_word' id='word_1_232' title='bbox 559 2831 745 2896; x_wconf 89' lang='lat' dir='ltr'><strong>orationibus</strong></span> <span class='ocrx_word' id='word_1_233' title='bbox 767 2829 825 2895; x_wconf 92' lang='lat' dir='ltr'><strong>tuis</strong></span> <span class='ocrx_word' id='word_1_234' title='bbox 847 2829 932 2912; x_wconf 88' lang='lat' dir='ltr'><strong>culpa</strong></span> <span class='ocrx_word' id='word_1_235' title='bbox 953 2839 1053 2895; x_wconf 90' lang='lat' dir='ltr'><strong>careat</strong></span> <span class='ocrx_word' id='word_1_236' title='bbox 1068 2832 1116 2909; x_wconf 63' lang='grc' dir='ltr'><strong>ιι),</strong></span> <span class='ocrx_word' id='word_1_237' title='bbox 1140 2829 1219 2913; x_wconf 93' lang='lat' dir='ltr'><strong>quod</strong></span> <span class='ocrx_word' id='word_1_238' title='bbox 1233 2829 1311 2896; x_wconf 89' lang='lat' dir='ltr'><strong>inter</strong></span> <span class='ocrx_word' id='word_1_239' title='bbox 1323 2848 1421 2895; x_wconf 88' lang='lat' dir='ltr'><strong>sacros</strong></span> <span class='ocrx_word' id='word_1_240' title='bbox 1441 2830 1539 2913; x_wconf 91' lang='lat' dir='ltr'><strong>apices</strong></span> <span class='ocrx_word' id='word_1_241' title='bbox 1559 2850 1765 2899; x_wconf 89' lang='lat' dir='ltr'><strong>commemora-</strong></span> 
     </span>
     <span class='ocr_line' id='line_1_22' title="bbox 220 2935 1765 3021; baseline 0 -21"><span class='ocrx_word' id='word_1_242' title='bbox 220 2935 372 3017; x_wconf 88' lang='lat' dir='ltr'><strong>tionesque</strong></span> <span class='ocrx_word' id='word_1_243' title='bbox 392 2945 571 3014; x_wconf 85' lang='lat' dir='ltr'><strong>sanctorum,</strong></span> <span class='ocrx_word' id='word_1_244' title='bbox 594 2936 787 3001; x_wconf 88' lang='lat' dir='ltr'><strong>mundialium</strong></span> <span class='ocrx_word' id='word_1_245' title='bbox 807 2952 825 2998; x_wconf 92' lang='lat' dir='ltr'><strong>n</strong></span> <span class='ocrx_word' id='word_1_246' title='bbox 847 2954 893 3000; x_wconf 90' lang='lat' dir='ltr'><strong>me</strong></span> <span class='ocrx_word' id='word_1_247' title='bbox 912 2935 1123 3019; x_wconf 88' lang='lat' dir='ltr'><strong>scripturarum</strong></span> <span class='ocrx_word' id='word_1_248' title='bbox 1145 2947 1316 3018; x_wconf 90' lang='lat' dir='ltr'><strong>promuntur</strong></span> <span class='ocrx_word' id='word_1_249' title='bbox 1333 2940 1371 3018; x_wconf 76' lang='grc'><strong>17)</strong></span> <span class='ocrx_word' id='word_1_250' title='bbox 1393 2937 1538 3021; x_wconf 87' lang='lat' dir='ltr'><strong>exempla,</strong></span> <span class='ocrx_word' id='word_1_251' title='bbox 1557 2937 1660 3003; x_wconf 91' lang='lat' dir='ltr'><strong>merito</strong></span> <span class='ocrx_word' id='word_1_252' title='bbox 1681 2937 1765 3018; x_wconf 89' lang='lat' dir='ltr'><strong>mihi,</strong></span> 
     </span>
    </p>
   </div>
   <div class='ocr_carea' id='block_1_5' title="bbox 220 3041 1768 3234">
    <p class='ocr_par' dir='ltr' id='par_1_5' title="bbox 220 3041 1768 3234">
     <span class='ocr_line' id='line_1_23' title="bbox 220 3041 1766 3126; baseline 0.001 -19"><span class='ocrx_word' id='word_1_253' title='bbox 220 3043 359 3108; x_wconf 90' lang='lat' dir='ltr'><strong>domnum</strong></span> <span class='ocrx_word' id='word_1_254' title='bbox 376 3045 409 3124; x_wconf 69' lang='grc'><strong>18)</strong></span> <span class='ocrx_word' id='word_1_255' title='bbox 427 3041 604 3109; x_wconf 82' lang='lat' dir='ltr'><strong>Eucherium</strong></span> <span class='ocrx_word' id='word_1_256' title='bbox 625 3054 723 3108; x_wconf 91' lang='lat' dir='ltr'><strong>mente</strong></span> <span class='ocrx_word' id='word_1_257' title='bbox 737 3041 887 3121; x_wconf 86' lang='lat' dir='ltr'><strong>recolenti,</strong></span> <span class='ocrx_word' id='word_1_258' title='bbox 903 3053 1094 3108; x_wconf 89' lang='lat' dir='ltr'><strong>memoratum</strong></span> <span class='ocrx_word' id='word_1_259' title='bbox 1117 3043 1147 3107; x_wconf 93' lang='lat' dir='ltr'><strong>in</strong></span> <span class='ocrx_word' id='word_1_260' title='bbox 1168 3043 1335 3109; x_wconf 89' lang='lat' dir='ltr'><strong>memoriam</strong></span> <span class='ocrx_word' id='word_1_261' title='bbox 1356 3063 1431 3126; x_wconf 90' lang='lat' dir='ltr'><strong>opus</strong></span> <span class='ocrx_word' id='word_1_262' title='bbox 1451 3044 1587 3110; x_wconf 86' lang='lat' dir='ltr'><strong>recurrit.</strong></span> <span class='ocrx_word' id='word_1_263' title='bbox 1607 3044 1682 3108; x_wconf 89' lang='lat' dir='ltr'><strong>Nam</strong></span> <span class='ocrx_word' id='word_1_264' title='bbox 1697 3044 1766 3109; x_wconf 93' lang='lat' dir='ltr'><strong>dum</strong></span> 
     </span>
     <span class='ocr_line' id='line_1_24' title="bbox 221 3146 1768 3234; baseline 0.002 -21"><span class='ocrx_word' id='word_1_265' title='bbox 221 3158 306 3214; x_wconf 93' lang='lat' dir='ltr'><strong>erunt</strong></span> <span class='ocrx_word' id='word_1_266' title='bbox 319 3148 455 3233; x_wconf 89' lang='lat' dir='ltr'><strong>superius</strong></span> <span class='ocrx_word' id='word_1_267' title='bbox 469 3146 680 3231; x_wconf 81' lang='lat' dir='ltr'><strong>conprehensa,</strong></span> <span class='ocrx_word' id='word_1_268' title='bbox 693 3149 824 3214; x_wconf 91' lang='lat' dir='ltr'><strong>omnium</strong></span> <span class='ocrx_word' id='word_1_269' title='bbox 837 3147 1068 3214; x_wconf 86' lang='lat' dir='ltr'><strong>Christianorum</strong></span> <span class='ocrx_word' id='word_1_270' title='bbox 1080 3167 1130 3215; x_wconf 89' lang='lat' dir='ltr'><strong>ore</strong></span> <span class='ocrx_word' id='word_1_271' title='bbox 1145 3158 1287 3216; x_wconf 83' lang='lat' dir='ltr'><strong>elamore</strong></span> <span class='ocrx_word' id='word_1_272' title='bbox 1301 3151 1485 3218; x_wconf 89' lang='lat' dir='ltr'><strong>celebrabere</strong></span> <span class='ocrx_word' id='word_1_273' title='bbox 1501 3154 1550 3232; x_wconf 60' lang='grc' dir='ltr'><strong>ιι),</strong></span> <span class='ocrx_word' id='word_1_274' title='bbox 1566 3151 1768 3234; x_wconf 75' lang='lat' dir='ltr'><strong>predicandus</strong></span> 
     </span>
    </p>
   </div>
   <div class='ocr_carea' id='block_1_6' title="bbox 222 3381 1768 3456">
    <p class='ocr_par' dir='ltr' id='par_1_6' title="bbox 222 3381 1768 3456">
     <span class='ocr_line' id='line_1_25' title="bbox 222 3381 1768 3456; baseline 0 -16"><span class='ocrx_word' id='word_1_275' title='bbox 222 3385 330 3442; x_wconf 84' lang='lat' dir='ltr'><strong>libellos</strong></span> <span class='ocrx_word' id='word_1_276' title='bbox 349 3393 427 3448; x_wconf 90' lang='lat' dir='ltr'><strong>tuos,</strong></span> <span class='ocrx_word' id='word_1_277' title='bbox 446 3381 541 3435; x_wconf 81' lang='lat' dir='ltr'><strong>audire</strong></span> <span class='ocrx_word' id='word_1_278' title='bbox 560 3397 611 3452; x_wconf 86' lang='lat' dir='ltr'><strong>par</strong></span> <span class='ocrx_word' id='word_1_279' title='bbox 635 3385 678 3434; x_wconf 90' lang='lat' dir='ltr'><strong>est</strong></span> <span class='ocrx_word' id='word_1_280' title='bbox 697 3381 730 3435; x_wconf 88' lang='lat' dir='ltr'><strong>de</strong></span> <span class='ocrx_word' id='word_1_281' title='bbox 755 3382 862 3436; x_wconf 89' lang='lat' dir='ltr'><strong>duobus</strong></span> <span class='ocrx_word' id='word_1_282' title='bbox 886 3381 967 3438; x_wconf 89' lang='lat' dir='ltr'><strong>libris</strong></span> <span class='ocrx_word' id='word_1_283' title='bbox 1022 3389 1060 3438; x_wconf 86' lang='lat' dir='ltr'><strong>cit</strong></span> <span class='ocrx_word' id='word_1_284' title='bbox 1078 3385 1117 3440; x_wconf 87' lang='lat' dir='ltr'><strong>id.</strong></span> <span class='ocrx_word' id='word_1_285' title='bbox 1137 3412 1172 3425; x_wconf 88' lang='lat'><em>-</em></span> <span class='ocrx_word' id='word_1_286' title='bbox 1191 3384 1342 3440; x_wconf 80' lang='lat' dir='ltr'><strong>decernam</strong></span> <span class='ocrx_word' id='word_1_287' title='bbox 1361 3383 1499 3438; x_wconf 82' lang='lat' dir='ltr'><strong>sirmond.</strong></span> <span class='ocrx_word' id='word_1_288' title='bbox 1515 3382 1611 3438; x_wconf 81' lang='lat' dir='ltr'><strong>Placet</strong></span> <span class='ocrx_word' id='word_1_289' title='bbox 1623 3389 1768 3456; x_wconf 84' lang='lat' dir='ltr'><strong>provocari</strong></span> 
     </span>
    </p>
   </div>
   <div class='ocr_carea' id='block_1_7' title="bbox 155 3470 970 4172">
    <p class='ocr_par' dir='ltr' id='par_1_7' title="bbox 155 3470 970 4172">
     <span class='ocr_line' id='line_1_26' title="bbox 222 3470 968 3545; baseline -0.007 -14"><span class='ocrx_word' id='word_1_290' title='bbox 222 3477 456 3538; x_wconf 78' lang='lat' dir='ltr'><strong>instructionum,</strong></span> <span class='ocrx_word' id='word_1_291' title='bbox 469 3471 524 3525; x_wconf 88' lang='lat' dir='ltr'><strong>nisi</strong></span> <span class='ocrx_word' id='word_1_292' title='bbox 539 3475 630 3524; x_wconf 81' lang='lat' dir='ltr'><strong>tamen</strong></span> <span class='ocrx_word' id='word_1_293' title='bbox 644 3487 716 3524; x_wconf 90' lang='lat' dir='ltr'><strong>unus</strong></span> <span class='ocrx_word' id='word_1_294' title='bbox 729 3470 802 3525; x_wconf 89' lang='lat' dir='ltr'><strong>liber</strong></span> <span class='ocrx_word' id='word_1_295' title='bbox 814 3471 900 3527; x_wconf 85' lang='lat' dir='ltr'><strong>fuerit</strong></span> <span class='ocrx_word' id='word_1_296' title='bbox 911 3476 968 3545; x_wconf 73' lang='lat' dir='ltr'><strong>(or-</strong></span> 
     </span>
     <span class='ocr_line' id='line_1_27' title="bbox 222 3561 969 3621; baseline -0.003 -3"><span class='ocrx_word' id='word_1_297' title='bbox 222 3565 368 3621; x_wconf 83' lang='lat' dir='ltr'><strong>mulerum</strong></span> <span class='ocrx_word' id='word_1_298' title='bbox 379 3566 408 3615; x_wconf 90' lang='lat' dir='ltr'><strong>et</strong></span> <span class='ocrx_word' id='word_1_299' title='bbox 417 3561 489 3616; x_wconf 87' lang='lat' dir='ltr'><strong>alter</strong></span> <span class='ocrx_word' id='word_1_300' title='bbox 497 3565 728 3618; x_wconf 78' lang='lat' dir='ltr'><strong>instructionum.</strong></span> <span class='ocrx_word' id='word_1_301' title='bbox 742 3562 852 3616; x_wconf 85' lang='lat' dir='ltr'><strong>Etenim</strong></span> <span class='ocrx_word' id='word_1_302' title='bbox 863 3565 969 3618; x_wconf 87' lang='lat' dir='ltr'><strong>utrum-</strong></span> 
     </span>
     <span class='ocr_line' id='line_1_28' title="bbox 223 3649 969 3725; baseline -0.011 -15"><span class='ocrx_word' id='word_1_303' title='bbox 223 3670 275 3725; x_wconf 88' lang='lat' dir='ltr'><strong>que</strong></span> <span class='ocrx_word' id='word_1_304' title='bbox 294 3670 365 3723; x_wconf 89' lang='lat' dir='ltr'><strong>opus</strong></span> <span class='ocrx_word' id='word_1_305' title='bbox 383 3649 529 3708; x_wconf 84' lang='lat' dir='ltr'><strong>Salvianus</strong></span> <span class='ocrx_word' id='word_1_306' title='bbox 542 3650 709 3705; x_wconf 85' lang='lat' dir='ltr'><strong>subobscure</strong></span> <span class='ocrx_word' id='word_1_307' title='bbox 729 3649 875 3705; x_wconf 85' lang='lat' dir='ltr'><strong>ostendere</strong></span> <span class='ocrx_word' id='word_1_308' title='bbox 891 3649 969 3703; x_wconf 84' lang='lat' dir='ltr'><strong>vide-</strong></span> 
     </span>
     <span class='ocr_line' id='line_1_29' title="bbox 225 3738 970 3813; baseline -0.007 -16"><span class='ocrx_word' id='word_1_309' title='bbox 225 3749 277 3813; x_wconf 90' lang='lat' dir='ltr'><strong>tur,</strong></span> <span class='ocrx_word' id='word_1_310' title='bbox 296 3743 360 3797; x_wconf 90' lang='lat' dir='ltr'><strong>dum</strong></span> <span class='ocrx_word' id='word_1_311' title='bbox 379 3742 435 3795; x_wconf 86' lang='lat' dir='ltr'><strong>eit:</strong></span> <span class='ocrx_word' id='word_1_312' title='bbox 451 3741 551 3805; x_wconf 78' lang='lat' dir='ltr'><strong>«Quos</strong></span> <span class='ocrx_word' id='word_1_313' title='bbox 564 3738 662 3794; x_wconf 81' lang='lat' dir='ltr'><strong>morali</strong></span> <span class='ocrx_word' id='word_1_314' title='bbox 676 3744 854 3797; x_wconf 83' lang='lat' dir='ltr'><strong>institutione</strong></span> <span class='ocrx_word' id='word_1_315' title='bbox 868 3740 970 3794; x_wconf 80' lang='lat' dir='ltr'><strong>sorma-</strong></span> 
     </span>
     <span class='ocr_line' id='line_1_30' title="bbox 223 3828 970 3901; baseline -0.003 -17"><span class='ocrx_word' id='word_1_316' title='bbox 223 3847 312 3899; x_wconf 82' lang='lat' dir='ltr'><strong>veres,</strong></span> <span class='ocrx_word' id='word_1_317' title='bbox 334 3831 459 3901; x_wconf 84' lang='lat' dir='ltr'><strong>spiritali</strong></span> <span class='ocrx_word' id='word_1_318' title='bbox 481 3833 667 3886; x_wconf 84' lang='lat' dir='ltr'><strong>instructione</strong></span> <span class='ocrx_word' id='word_1_319' title='bbox 691 3828 868 3893; x_wconf 59' lang='lat' dir='ltr'><strong>decorastis</strong></span> <span class='ocrx_word' id='word_1_320' title='bbox 890 3829 970 3899; x_wconf 87' lang='lat' dir='ltr'><strong>quasi</strong></span> 
     </span>
     <span class='ocr_line' id='line_1_31' title="bbox 155 3917 970 3991; baseline -0.004 -17"><span class='ocrx_word' id='word_1_321' title='bbox 155 3980 161 3990; x_wconf 57' lang='grc'>,</span> <span class='ocrx_word' id='word_1_322' title='bbox 223 3922 298 3975; x_wconf 86' lang='lat' dir='ltr'><strong>dicat</strong></span> <span class='ocrx_word' id='word_1_323' title='bbox 315 3922 453 3991; x_wconf 88' lang='lat' dir='ltr'><strong>spiritalis</strong></span> <span class='ocrx_word' id='word_1_324' title='bbox 472 3920 661 3991; x_wconf 73' lang='lat' dir='ltr'><strong>intelligentia</strong></span> <span class='ocrx_word' id='word_1_325' title='bbox 679 3921 822 3991; x_wconf 66' lang='lat' dir='ltr'><strong>formulis,</strong></span> <span class='ocrx_word' id='word_1_326' title='bbox 842 3917 970 3989; x_wconf 87' lang='lat' dir='ltr'><strong>idemque</strong></span> 
     </span>
     <span class='ocr_line' id='line_1_32' title="bbox 224 4007 970 4082; baseline -0.005 -17"><span class='ocrx_word' id='word_1_327' title='bbox 224 4028 287 4065; x_wconf 84' lang='lat' dir='ltr'><strong>mox</strong></span> <span class='ocrx_word' id='word_1_328' title='bbox 305 4009 366 4082; x_wconf 85' lang='lat' dir='ltr'><strong>ipse</strong></span> <span class='ocrx_word' id='word_1_329' title='bbox 384 4009 517 4063; x_wconf 83' lang='lat' dir='ltr'><strong>Rusticus</strong></span> <span class='ocrx_word' id='word_1_330' title='bbox 529 4008 619 4077; x_wconf 89' lang='lat' dir='ltr'><strong>digito</strong></span> <span class='ocrx_word' id='word_1_331' title='bbox 633 4007 693 4060; x_wconf 82' lang='lat' dir='ltr'><strong>fere</strong></span> <span class='ocrx_word' id='word_1_332' title='bbox 708 4010 856 4061; x_wconf 81' lang='lat' dir='ltr'><strong>monstrat.</strong></span> <span class='ocrx_word' id='word_1_333' title='bbox 876 4008 970 4076; x_wconf 82' lang='lat' dir='ltr'><strong>‹Spi-</strong></span> 
     </span>
     <span class='ocr_line' id='line_1_33' title="bbox 223 4096 970 4172; baseline -0.011 -15"><span class='ocrx_word' id='word_1_334' title='bbox 223 4101 338 4157; x_wconf 82' lang='lat' dir='ltr'><strong>rituttlis</strong></span> <span class='ocrx_word' id='word_1_335' title='bbox 358 4100 546 4172; x_wconf 72' lang='lat' dir='ltr'><strong>intelligentia</strong></span> <span class='ocrx_word' id='word_1_336' title='bbox 560 4097 653 4152; x_wconf 90' lang='lat' dir='ltr'><strong>lumen</strong></span> <span class='ocrx_word' id='word_1_337' title='bbox 667 4096 820 4151; x_wconf 76' lang='lat' dir='ltr'><strong>infundit.»</strong></span> <span class='ocrx_word' id='word_1_338' title='bbox 832 4098 970 4153; x_wconf 83' lang='lat' dir='ltr'><strong>Caeterum</strong></span> 
     </span>
    </p>
   </div>
   <div class='ocr_carea' id='block_1_8' title="bbox 127 4186 971 4264">
    <p class='ocr_par' dir='ltr' id='par_1_8' title="bbox 127 4186 971 4264">
     <span class='ocr_line' id='line_1_34' title="bbox 127 4186 971 4264; baseline -0.008 -17"><span class='ocrx_word' id='word_1_339' title='bbox 127 4257 132 4264; x_wconf 39' lang='lat'><strong><em>„</em></strong></span> <span class='ocrx_word' id='word_1_340' title='bbox 224 4189 357 4246; x_wconf 79' lang='lat' dir='ltr'><strong>Rusticus</strong></span> <span class='ocrx_word' id='word_1_341' title='bbox 376 4191 455 4244; x_wconf 89' lang='lat' dir='ltr'><strong>acute</strong></span> <span class='ocrx_word' id='word_1_342' title='bbox 474 4188 520 4240; x_wconf 93' lang='lat' dir='ltr'><strong>bic</strong></span> <span class='ocrx_word' id='word_1_343' title='bbox 541 4186 614 4242; x_wconf 90' lang='lat' dir='ltr'><strong>ludit</strong></span> <span class='ocrx_word' id='word_1_344' title='bbox 632 4187 706 4240; x_wconf 88' lang='lat' dir='ltr'><strong>inter</strong></span> <span class='ocrx_word' id='word_1_345' title='bbox 730 4186 814 4239; x_wconf 87' lang='lat' dir='ltr'><strong>verbe</strong></span> <span class='ocrx_word' id='word_1_346' title='bbox 838 4186 971 4242; x_wconf 77' lang='lat' dir='ltr'><strong>uolumen</strong></span> 
     </span>
    </p>
   </div>
   <div class='ocr_carea' id='block_1_9' title="bbox 224 4272 972 5146">
    <p class='ocr_par' dir='ltr' id='par_1_9' title="bbox 224 4272 972 5146">
     <span class='ocr_line' id='line_1_35' title="bbox 224 4272 970 4351; baseline -0.009 -14"><span class='ocrx_word' id='word_1_347' title='bbox 224 4291 379 4351; x_wconf 85' lang='lat' dir='ltr'><strong>utrumque</strong></span> <span class='ocrx_word' id='word_1_348' title='bbox 404 4281 432 4331; x_wconf 91' lang='lat' dir='ltr'><strong>st</strong></span> <span class='ocrx_word' id='word_1_349' title='bbox 455 4281 542 4333; x_wconf 85' lang='lat' dir='ltr'><strong>unica</strong></span> <span class='ocrx_word' id='word_1_350' title='bbox 566 4277 707 4332; x_wconf 82' lang='lat' dir='ltr'><strong>doctrine.</strong></span> <span class='ocrx_word' id='word_1_351' title='bbox 728 4303 762 4316; x_wconf 91' lang='lat'><strong>·-</strong></span> <span class='ocrx_word' id='word_1_352' title='bbox 784 4272 809 4347; x_wconf 77' lang='grc'><strong>1)</strong></span> <span class='ocrx_word' id='word_1_353' title='bbox 829 4275 970 4339; x_wconf 80' lang='lat' dir='ltr'><strong>doctrina,</strong></span> 
     </span>
     <span class='ocr_line' id='line_1_36' title="bbox 225 4363 971 4438; baseline -0.001 -19"><span class='ocrx_word' id='word_1_354' title='bbox 225 4382 298 4436; x_wconf 86' lang='lat' dir='ltr'><strong>quae</strong></span> <span class='ocrx_word' id='word_1_355' title='bbox 316 4367 400 4423; x_wconf 89' lang='lat' dir='ltr'><strong>Sirm.</strong></span> <span class='ocrx_word' id='word_1_356' title='bbox 421 4383 507 4438; x_wconf 85' lang='lat' dir='ltr'><strong>quam</strong></span> <span class='ocrx_word' id='word_1_357' title='bbox 531 4365 592 4421; x_wconf 91' lang='lat' dir='ltr'><strong>cod.</strong></span> <span class='ocrx_word' id='word_1_358' title='bbox 613 4381 675 4420; x_wconf 88' lang='lat' dir='ltr'><strong>cum</strong></span> <span class='ocrx_word' id='word_1_359' title='bbox 701 4363 780 4420; x_wconf 90' lang='lat' dir='ltr'><strong>obelo</strong></span> <span class='ocrx_word' id='word_1_360' title='bbox 803 4380 888 4432; x_wconf 86' lang='lat' dir='ltr'><strong>super</strong></span> <span class='ocrx_word' id='word_1_361' title='bbox 905 4382 923 4418; x_wconf 88' lang='lat' dir='ltr'><strong>a</strong></span> <span class='ocrx_word' id='word_1_362' title='bbox 942 4368 971 4418; x_wconf 92' lang='lat' dir='ltr'><strong>in</strong></span> 
     </span>
     <span class='ocr_line' id='line_1_37' title="bbox 225 4452 970 4527; baseline -0.007 -18"><span class='ocrx_word' id='word_1_363' title='bbox 225 4456 368 4511; x_wconf 80' lang='lat' dir='ltr'><strong>doctrino.</strong></span> <span class='ocrx_word' id='word_1_364' title='bbox 382 4457 444 4510; x_wconf 86' lang='lat' dir='ltr'><strong>Non</strong></span> <span class='ocrx_word' id='word_1_365' title='bbox 462 4456 553 4527; x_wconf 87' lang='lat' dir='ltr'><strong>cepio,</strong></span> <span class='ocrx_word' id='word_1_366' title='bbox 568 4456 621 4508; x_wconf 90' lang='lat' dir='ltr'><strong>nisi</strong></span> <span class='ocrx_word' id='word_1_367' title='bbox 640 4453 747 4510; x_wconf 83' lang='lat' dir='ltr'><strong>videam</strong></span> <span class='ocrx_word' id='word_1_368' title='bbox 761 4452 905 4524; x_wconf 85' lang='lat' dir='ltr'><strong>quamdam</strong></span> <span class='ocrx_word' id='word_1_369' title='bbox 919 4469 970 4524; x_wconf 84' lang='lat' dir='ltr'><strong>pa—</strong></span> 
     </span>
     <span class='ocr_line' id='line_1_38' title="bbox 225 4544 971 4616; baseline -0.001 -19"><span class='ocrx_word' id='word_1_370' title='bbox 225 4544 366 4598; x_wconf 84' lang='lat' dir='ltr'><strong>renthesin</strong></span> <span class='ocrx_word' id='word_1_371' title='bbox 382 4545 570 4616; x_wconf 84' lang='lat' dir='ltr'><strong>incipientem:</strong></span> <span class='ocrx_word' id='word_1_372' title='bbox 585 4560 675 4615; x_wconf 81' lang='lat' dir='ltr'><strong>quum</strong></span> <span class='ocrx_word' id='word_1_373' title='bbox 687 4561 722 4599; x_wconf 77' lang='lat' dir='ltr'><strong>ece</strong></span> <span class='ocrx_word' id='word_1_374' title='bbox 734 4555 866 4614; x_wconf 80' lang='lat' dir='ltr'><strong>utroque,</strong></span> <span class='ocrx_word' id='word_1_375' title='bbox 884 4559 971 4614; x_wconf 89' lang='lat' dir='ltr'><strong>usque</strong></span> 
     </span>
     <span class='ocr_line' id='line_1_39' title="bbox 225 4632 971 4706; baseline 0.003 -21"><span class='ocrx_word' id='word_1_376' title='bbox 225 4632 258 4685; x_wconf 88' lang='lat' dir='ltr'><strong>ed</strong></span> <span class='ocrx_word' id='word_1_377' title='bbox 272 4635 412 4706; x_wconf 73' lang='lat' dir='ltr'><strong>infundit.</strong></span> <span class='ocrx_word' id='word_1_378' title='bbox 424 4665 459 4676; x_wconf 97' lang='lat'>—</span> <span class='ocrx_word' id='word_1_379' title='bbox 468 4634 490 4698; x_wconf 61' lang='grc' dir='ltr'><strong>Ξ)</strong></span> <span class='ocrx_word' id='word_1_380' title='bbox 503 4638 659 4706; x_wconf 84' lang='lat' dir='ltr'><strong>questionis</strong></span> <span class='ocrx_word' id='word_1_381' title='bbox 669 4635 710 4687; x_wconf 84' lang='lat' dir='ltr'><strong>sic</strong></span> <span class='ocrx_word' id='word_1_382' title='bbox 723 4634 785 4688; x_wconf 91' lang='lat' dir='ltr'><strong>cod.</strong></span> <span class='ocrx_word' id='word_1_383' title='bbox 798 4663 830 4675; x_wconf 92' lang='lat'>-</span> <span class='ocrx_word' id='word_1_384' title='bbox 842 4632 864 4704; x_wconf 80' lang='grc'><strong>3)</strong></span> <span class='ocrx_word' id='word_1_385' title='bbox 877 4633 971 4688; x_wconf 84' lang='lat' dir='ltr'><strong>decla-</strong></span> 
     </span>
     <span class='ocr_line' id='line_1_40' title="bbox 224 4723 969 4795; baseline -0.003 -20"><span class='ocrx_word' id='word_1_386' title='bbox 224 4739 306 4777; x_wconf 81' lang='lat' dir='ltr'><strong>rasse</strong></span> <span class='ocrx_word' id='word_1_387' title='bbox 324 4724 408 4778; x_wconf 88' lang='lat' dir='ltr'><strong>Sirm.</strong></span> <span class='ocrx_word' id='word_1_388' title='bbox 422 4752 457 4762; x_wconf 91' lang='lat'><em>-</em></span> <span class='ocrx_word' id='word_1_389' title='bbox 470 4723 508 4777; x_wconf 89' lang='lat' dir='ltr'><strong>id.</strong></span> <span class='ocrx_word' id='word_1_390' title='bbox 522 4740 585 4777; x_wconf 86' lang='lat' dir='ltr'><strong>mox</strong></span> <span class='ocrx_word' id='word_1_391' title='bbox 597 4724 689 4795; x_wconf 72' lang='lat' dir='ltr'><strong>fatear</strong></span> <span class='ocrx_word' id='word_1_392' title='bbox 705 4739 764 4776; x_wconf 86' lang='lat' dir='ltr'><strong>non</strong></span> <span class='ocrx_word' id='word_1_393' title='bbox 783 4723 869 4794; x_wconf 75' lang='lat' dir='ltr'><strong>digne</strong></span> <span class='ocrx_word' id='word_1_394' title='bbox 879 4737 969 4792; x_wconf 84' lang='lat' dir='ltr'><strong>posse.</strong></span> 
     </span>
     <span class='ocr_line' id='line_1_41' title="bbox 227 4809 972 4872; baseline 0 -8"><span class='ocrx_word' id='word_1_395' title='bbox 227 4809 318 4864; x_wconf 86' lang='lat' dir='ltr'><strong>Codex</strong></span> <span class='ocrx_word' id='word_1_396' title='bbox 337 4815 429 4864; x_wconf 85' lang='lat' dir='ltr'><strong>autem</strong></span> <span class='ocrx_word' id='word_1_397' title='bbox 448 4828 578 4865; x_wconf 88' lang='lat' dir='ltr'><strong>erronee:</strong></span> <span class='ocrx_word' id='word_1_398' title='bbox 600 4823 631 4866; x_wconf 86' lang='lat' dir='ltr'><strong>ut</strong></span> <span class='ocrx_word' id='word_1_399' title='bbox 650 4822 707 4865; x_wconf 87' lang='lat' dir='ltr'><strong>tam</strong></span> <span class='ocrx_word' id='word_1_400' title='bbox 726 4829 745 4865; x_wconf 85' lang='lat' dir='ltr'><strong>c</strong></span> <span class='ocrx_word' id='word_1_401' title='bbox 761 4829 814 4866; x_wconf 89' lang='lat' dir='ltr'><strong>me.</strong></span> <span class='ocrx_word' id='word_1_402' title='bbox 829 4840 863 4853; x_wconf 90' lang='lat'><em>-</em></span> <span class='ocrx_word' id='word_1_403' title='bbox 879 4819 902 4872; x_wconf 76' lang='grc' dir='ltr'><strong>ι)</strong></span> <span class='ocrx_word' id='word_1_404' title='bbox 922 4811 972 4864; x_wconf 83' lang='lat' dir='ltr'><strong>ad·</strong></span> 
     </span>
     <span class='ocr_line' id='line_1_42' title="bbox 226 4898 972 4970; baseline 0.001 -17"><span class='ocrx_word' id='word_1_405' title='bbox 226 4898 379 4954; x_wconf 81' lang='lat' dir='ltr'><strong>tollendam</strong></span> <span class='ocrx_word' id='word_1_406' title='bbox 389 4916 462 4969; x_wconf 85' lang='lat' dir='ltr'><strong>quae</strong></span> <span class='ocrx_word' id='word_1_407' title='bbox 472 4898 508 4952; x_wconf 86' lang='lat' dir='ltr'><strong>id.</strong></span> <span class='ocrx_word' id='word_1_408' title='bbox 517 4928 551 4941; x_wconf 91' lang='lat'><em>-</em></span> <span class='ocrx_word' id='word_1_409' title='bbox 559 4900 598 4954; x_wconf 83' lang='grc' dir='ltr'><strong>αιι</strong></span> <span class='ocrx_word' id='word_1_410' title='bbox 609 4900 801 4955; x_wconf 80' lang='lat' dir='ltr'><strong>adtollendcm</strong></span> <span class='ocrx_word' id='word_1_411' title='bbox 811 4917 893 4970; x_wconf 85' lang='lat' dir='ltr'><strong>quae.</strong></span> <span class='ocrx_word' id='word_1_412' title='bbox 903 4901 972 4955; x_wconf 75' lang='lat' dir='ltr'><strong>Edi·</strong></span> 
     </span>
     <span class='ocr_line' id='line_1_43' title="bbox 226 4987 972 5060; baseline 0.005 -20"><span class='ocrx_word' id='word_1_413' title='bbox 226 4987 308 5041; x_wconf 76' lang='lat' dir='ltr'><strong>distis</strong></span> <span class='ocrx_word' id='word_1_414' title='bbox 333 4987 417 5042; x_wconf 89' lang='lat' dir='ltr'><strong>Sirm.</strong></span> <span class='ocrx_word' id='word_1_415' title='bbox 438 5015 471 5028; x_wconf 90' lang='lat'>-</span> <span class='ocrx_word' id='word_1_416' title='bbox 491 5005 612 5043; x_wconf 80' lang='lat' dir='ltr'><strong>maesse</strong></span> <span class='ocrx_word' id='word_1_417' title='bbox 632 4988 671 5041; x_wconf 85' lang='lat' dir='ltr'><strong>id.</strong></span> <span class='ocrx_word' id='word_1_418' title='bbox 691 5017 725 5028; x_wconf 90' lang='lat'><em>-</em></span> <span class='ocrx_word' id='word_1_419' title='bbox 746 4991 769 5060; x_wconf 71' lang='grc' dir='ltr'><strong>ι)</strong></span> <span class='ocrx_word' id='word_1_420' title='bbox 788 4990 888 5045; x_wconf 85' lang='lat' dir='ltr'><strong>obtime</strong></span> <span class='ocrx_word' id='word_1_421' title='bbox 911 4989 972 5044; x_wconf 89' lang='lat' dir='ltr'><strong>cod.</strong></span> 
     </span>
     <span class='ocr_line' id='line_1_44' title="bbox 226 5065 971 5146; baseline 0.004 -19"><span class='ocrx_word' id='word_1_422' title='bbox 226 5071 353 5144; x_wconf 86' lang='lat' dir='ltr'><strong>neglexit</strong></span> <span class='ocrx_word' id='word_1_423' title='bbox 366 5075 450 5130; x_wconf 90' lang='lat' dir='ltr'><strong>Sirm.</strong></span> <span class='ocrx_word' id='word_1_424' title='bbox 462 5065 529 5130; x_wconf 87' lang='lat' dir='ltr'><strong>dues</strong></span> <span class='ocrx_word' id='word_1_425' title='bbox 542 5075 678 5146; x_wconf 86' lang='lat' dir='ltr'><strong>virgulas,</strong></span> <span class='ocrx_word' id='word_1_426' title='bbox 688 5077 813 5130; x_wconf 85' lang='lat' dir='ltr'><strong>obscurae</strong></span> <span class='ocrx_word' id='word_1_427' title='bbox 827 5078 971 5130; x_wconf 83' lang='lat' dir='ltr'><strong>sententiae</strong></span> 
     </span>
    </p>
   </div>
   <div class='ocr_carea' id='block_1_10' title="bbox 1022 3472 1769 3544">
    <p class='ocr_par' dir='ltr' id='par_1_10' title="bbox 1022 3472 1769 3544">
     <span class='ocr_line' id='line_1_45' title="bbox 1022 3472 1769 3544; baseline 0.007 -18"><span class='ocrx_word' id='word_1_428' title='bbox 1022 3472 1056 3526; x_wconf 84' lang='lat' dir='ltr'><strong>ed</strong></span> <span class='ocrx_word' id='word_1_429' title='bbox 1075 3473 1242 3526; x_wconf 88' lang='lat' dir='ltr'><strong>sententiam</strong></span> <span class='ocrx_word' id='word_1_430' title='bbox 1261 3472 1413 3540; x_wconf 89' lang='lat' dir='ltr'><strong>rhetorum,</strong></span> <span class='ocrx_word' id='word_1_431' title='bbox 1431 3473 1526 3544; x_wconf 89' lang='lat' dir='ltr'><strong>potius</strong></span> <span class='ocrx_word' id='word_1_432' title='bbox 1545 3489 1626 3544; x_wconf 84' lang='lat' dir='ltr'><strong>quem</strong></span> <span class='ocrx_word' id='word_1_433' title='bbox 1646 3474 1679 3528; x_wconf 84' lang='lat' dir='ltr'><strong>sd</strong></span> <span class='ocrx_word' id='word_1_434' title='bbox 1698 3476 1769 3531; x_wconf 85' lang='lat' dir='ltr'><strong>Rus-</strong></span> 
     </span>
    </p>
   </div>
   <div class='ocr_carea' id='block_1_11' title="bbox 1022 3554 1874 3632">
    <p class='ocr_par' dir='ltr' id='par_1_11' title="bbox 1022 3554 1874 3632">
     <span class='ocr_line' id='line_1_46' title="bbox 1022 3554 1874 3632; baseline -0.001 -18"><span class='ocrx_word' id='word_1_435' title='bbox 1022 3561 1071 3615; x_wconf 86' lang='lat' dir='ltr'><strong>tici</strong></span> <span class='ocrx_word' id='word_1_436' title='bbox 1091 3561 1243 3619; x_wconf 88' lang='lat' dir='ltr'><strong>decretum.</strong></span> <span class='ocrx_word' id='word_1_437' title='bbox 1257 3590 1292 3602; x_wconf 95' lang='lat'>-</span> <span class='ocrx_word' id='word_1_438' title='bbox 1306 3567 1329 3626; x_wconf 83' lang='lat'><strong>⁸)</strong></span> <span class='ocrx_word' id='word_1_439' title='bbox 1346 3563 1531 3632; x_wconf 81' lang='lat' dir='ltr'><strong>praedicatur</strong></span> <span class='ocrx_word' id='word_1_440' title='bbox 1550 3563 1610 3618; x_wconf 87' lang='lat' dir='ltr'><strong>cod.</strong></span> <span class='ocrx_word' id='word_1_441' title='bbox 1630 3593 1665 3606; x_wconf 88' lang='lat'><em>-</em></span> <span class='ocrx_word' id='word_1_442' title='bbox 1679 3571 1702 3623; x_wconf 79' lang='lat'><strong>⁹)</strong></span> <span class='ocrx_word' id='word_1_443' title='bbox 1722 3584 1769 3622; x_wconf 74' lang='grc' dir='ltr'><strong>ω-</strong></span> <span class='ocrx_word' id='word_1_444' title='bbox 1840 3567 1843 3574; x_wconf 87' lang='grc'><strong>’</strong></span> <span class='ocrx_word' id='word_1_445' title='bbox 1873 3554 1874 3558; x_wconf 63' lang='grc'>’</span> 
     </span>
    </p>
   </div>
   <div class='ocr_carea' id='block_1_12' title="bbox 1022 3649 1772 4968">
    <p class='ocr_par' dir='ltr' id='par_1_12' title="bbox 1022 3649 1772 4968">
     <span class='ocr_line' id='line_1_47' title="bbox 1022 3649 1768 3722; baseline 0.007 -18"><span class='ocrx_word' id='word_1_446' title='bbox 1022 3655 1119 3722; x_wconf 79' lang='lat' dir='ltr'><strong>pnitor</strong></span> <span class='ocrx_word' id='word_1_447' title='bbox 1136 3649 1220 3706; x_wconf 87' lang='lat' dir='ltr'><strong>Sirm.</strong></span> <span class='ocrx_word' id='word_1_448' title='bbox 1240 3679 1275 3691; x_wconf 95' lang='lat'>-</span> <span class='ocrx_word' id='word_1_449' title='bbox 1295 3657 1330 3716; x_wconf 72' lang='grc' dir='ltr'><strong>ιο)</strong></span> <span class='ocrx_word' id='word_1_450' title='bbox 1349 3668 1431 3706; x_wconf 85' lang='lat' dir='ltr'><strong>nemo</strong></span> <span class='ocrx_word' id='word_1_451' title='bbox 1449 3657 1489 3706; x_wconf 89' lang='lat' dir='ltr'><strong>sic</strong></span> <span class='ocrx_word' id='word_1_452' title='bbox 1515 3653 1634 3708; x_wconf 77' lang='grc' dir='ltr'><strong>ιαιιιιαιι</strong></span> <span class='ocrx_word' id='word_1_453' title='bbox 1652 3653 1690 3707; x_wconf 90' lang='lat' dir='ltr'><strong>id.</strong></span> <span class='ocrx_word' id='word_1_454' title='bbox 1711 3660 1768 3710; x_wconf 88' lang='lat' dir='ltr'><strong>tum</strong></span> 
     </span>
     <span class='ocr_line' id='line_1_48' title="bbox 1023 3740 1769 3810; baseline 0.009 -18"><span class='ocrx_word' id='word_1_455' title='bbox 1023 3740 1084 3795; x_wconf 87' lang='lat' dir='ltr'><strong>cod.</strong></span> <span class='ocrx_word' id='word_1_456' title='bbox 1105 3742 1161 3794; x_wconf 88' lang='lat' dir='ltr'><strong>sic:</strong></span> <span class='ocrx_word' id='word_1_457' title='bbox 1183 3744 1287 3795; x_wconf 79' lang='lat' dir='ltr'><strong>tacitus·</strong></span> <span class='ocrx_word' id='word_1_458' title='bbox 1299 3757 1408 3796; x_wconf 81' lang='lat' dir='ltr'><strong>mecum</strong></span> <span class='ocrx_word' id='word_1_459' title='bbox 1420 3744 1543 3810; x_wconf 79' lang='lat' dir='ltr'><strong>renolbo,</strong></span> <span class='ocrx_word' id='word_1_460' title='bbox 1556 3746 1682 3798; x_wconf 76' lang='lat' dir='ltr'><strong>occurris</strong></span> <span class='ocrx_word' id='word_1_461' title='bbox 1698 3748 1769 3800; x_wconf 85' lang='lat' dir='ltr'><strong>mibi</strong></span> 
     </span>
     <span class='ocr_line' id='line_1_49' title="bbox 1023 3829 1769 3903; baseline 0.005 -19"><span class='ocrx_word' id='word_1_462' title='bbox 1023 3831 1104 3900; x_wconf 82' lang='lat' dir='ltr'><strong>quid.</strong></span> <span class='ocrx_word' id='word_1_463' title='bbox 1122 3829 1206 3886; x_wconf 82' lang='lat' dir='ltr'><strong>Sirm.</strong></span> <span class='ocrx_word' id='word_1_464' title='bbox 1221 3833 1312 3884; x_wconf 85' lang='lat' dir='ltr'><strong>eutem</strong></span> <span class='ocrx_word' id='word_1_465' title='bbox 1325 3831 1412 3897; x_wconf 84' lang='lat' dir='ltr'><strong>oeteo,</strong></span> <span class='ocrx_word' id='word_1_466' title='bbox 1427 3835 1552 3887; x_wconf 82' lang='lat' dir='ltr'><strong>occurrit</strong></span> <span class='ocrx_word' id='word_1_467' title='bbox 1563 3835 1634 3887; x_wconf 82' lang='lat' dir='ltr'><strong>mibi</strong></span> <span class='ocrx_word' id='word_1_468' title='bbox 1649 3835 1726 3903; x_wconf 86' lang='lat' dir='ltr'><strong>quod</strong></span> <span class='ocrx_word' id='word_1_469' title='bbox 1738 3839 1769 3888; x_wconf 89' lang='lat' dir='ltr'><strong>in</strong></span> 
     </span>
     <span class='ocr_line' id='line_1_50' title="bbox 1024 3917 1770 3993; baseline 0.001 -18"><span class='ocrx_word' id='word_1_470' title='bbox 1024 3917 1199 3975; x_wconf 81' lang='lat' dir='ltr'><strong>bibliotheca.</strong></span> <span class='ocrx_word' id='word_1_471' title='bbox 1226 3919 1347 3974; x_wconf 84' lang='lat' dir='ltr'><strong>Praestet</strong></span> <span class='ocrx_word' id='word_1_472' title='bbox 1372 3917 1480 3990; x_wconf 82' lang='lat' dir='ltr'><strong>plurale</strong></span> <span class='ocrx_word' id='word_1_473' title='bbox 1505 3922 1693 3988; x_wconf 83' lang='lat' dir='ltr'><strong>bibliothecis,</strong></span> <span class='ocrx_word' id='word_1_474' title='bbox 1719 3939 1770 3993; x_wconf 89' lang='lat' dir='ltr'><strong>pro</strong></span> 
     </span>
     <span class='ocr_line' id='line_1_51' title="bbox 1024 4008 1770 4080; baseline 0.003 -18"><span class='ocrx_word' id='word_1_475' title='bbox 1024 4008 1127 4079; x_wconf 88' lang='lat' dir='ltr'><strong>pluteis</strong></span> <span class='ocrx_word' id='word_1_476' title='bbox 1146 4008 1246 4078; x_wconf 88' lang='lat' dir='ltr'><strong>quibus</strong></span> <span class='ocrx_word' id='word_1_477' title='bbox 1257 4012 1353 4080; x_wconf 84' lang='lat' dir='ltr'><strong>aptum</strong></span> <span class='ocrx_word' id='word_1_478' title='bbox 1366 4014 1427 4062; x_wconf 87' lang='lat' dir='ltr'><strong>erat</strong></span> <span class='ocrx_word' id='word_1_479' title='bbox 1438 4009 1642 4080; x_wconf 82' lang='lat' dir='ltr'><strong>epigrammata</strong></span> <span class='ocrx_word' id='word_1_480' title='bbox 1656 4008 1706 4063; x_wconf 86' lang='lat' dir='ltr'><strong>illa</strong></span> <span class='ocrx_word' id='word_1_481' title='bbox 1724 4011 1770 4064; x_wconf 88' lang='lat' dir='ltr'><strong>in·</strong></span> 
     </span>
     <span class='ocr_line' id='line_1_52' title="bbox 1024 4095 1770 4169; baseline 0.005 -19"><span class='ocrx_word' id='word_1_482' title='bbox 1024 4095 1126 4168; x_wconf 84' lang='lat' dir='ltr'><strong>sculpi,</strong></span> <span class='ocrx_word' id='word_1_483' title='bbox 1137 4115 1199 4168; x_wconf 84' lang='lat' dir='ltr'><strong>quae</strong></span> <span class='ocrx_word' id='word_1_484' title='bbox 1210 4113 1273 4152; x_wconf 87' lang='lat' dir='ltr'><strong>mox</strong></span> <span class='ocrx_word' id='word_1_485' title='bbox 1286 4096 1377 4168; x_wconf 88' lang='lat' dir='ltr'><strong>lepide</strong></span> <span class='ocrx_word' id='word_1_486' title='bbox 1387 4102 1585 4152; x_wconf 87' lang='lat' dir='ltr'><strong>memorantur.</strong></span> <span class='ocrx_word' id='word_1_487' title='bbox 1595 4126 1631 4138; x_wconf 88' lang='lat'><strong>—·</strong></span> <span class='ocrx_word' id='word_1_488' title='bbox 1642 4101 1677 4162; x_wconf 70' lang='grc' dir='ltr'><strong>ιι)</strong></span> <span class='ocrx_word' id='word_1_489' title='bbox 1686 4115 1770 4169; x_wconf 81' lang='lat' dir='ltr'><strong>prae·</strong></span> 
     </span>
     <span class='ocr_line' id='line_1_53' title="bbox 1025 4187 1771 4258; baseline 0 -16"><span class='ocrx_word' id='word_1_490' title='bbox 1025 4189 1164 4244; x_wconf 81' lang='lat' dir='ltr'><strong>tereunda</strong></span> <span class='ocrx_word' id='word_1_491' title='bbox 1182 4187 1244 4242; x_wconf 90' lang='lat' dir='ltr'><strong>cod.</strong></span> <span class='ocrx_word' id='word_1_492' title='bbox 1258 4215 1291 4229; x_wconf 92' lang='lat'><strong>·-</strong></span> <span class='ocrx_word' id='word_1_493' title='bbox 1307 4187 1345 4258; x_wconf 70' lang='grc' dir='ltr'><strong>η)</strong></span> <span class='ocrx_word' id='word_1_494' title='bbox 1360 4204 1526 4258; x_wconf 77' lang='lat' dir='ltr'><strong>ecpruessas</strong></span> <span class='ocrx_word' id='word_1_495' title='bbox 1538 4187 1576 4242; x_wconf 92' lang='lat' dir='ltr'><strong>id.</strong></span> <span class='ocrx_word' id='word_1_496' title='bbox 1590 4188 1703 4243; x_wconf 81' lang='lat' dir='ltr'><strong>omissis</strong></span> <span class='ocrx_word' id='word_1_497' title='bbox 1722 4205 1771 4242; x_wconf 86' lang='grc' dir='ltr'><strong>ιο-</strong></span> 
     </span>
     <span class='ocr_line' id='line_1_54' title="bbox 1025 4274 1769 4350; baseline 0.004 -19"><span class='ocrx_word' id='word_1_498' title='bbox 1025 4275 1097 4331; x_wconf 87' lang='lat' dir='ltr'><strong>culis</strong></span> <span class='ocrx_word' id='word_1_499' title='bbox 1110 4293 1179 4347; x_wconf 85' lang='lat' dir='ltr'><strong>ques</strong></span> <span class='ocrx_word' id='word_1_500' title='bbox 1192 4274 1334 4350; x_wconf 87' lang='lat' dir='ltr'><strong>supplerit</strong></span> <span class='ocrx_word' id='word_1_501' title='bbox 1345 4276 1484 4331; x_wconf 89' lang='lat' dir='ltr'><strong>Sirmond.</strong></span> <span class='ocrx_word' id='word_1_502' title='bbox 1497 4306 1532 4318; x_wconf 91' lang='lat'>-</span> <span class='ocrx_word' id='word_1_503' title='bbox 1546 4283 1581 4339; x_wconf 71' lang='grc' dir='ltr'><strong>ιι)</strong></span> <span class='ocrx_word' id='word_1_504' title='bbox 1595 4275 1696 4348; x_wconf 80' lang='lat' dir='ltr'><strong>efficies</strong></span> <span class='ocrx_word' id='word_1_505' title='bbox 1709 4276 1769 4334; x_wconf 90' lang='lat' dir='ltr'><strong>cod.</strong></span> 
     </span>
     <span class='ocr_line' id='line_1_55' title="bbox 1026 4364 1770 4436; baseline -0.003 -16"><span class='ocrx_word' id='word_1_506' title='bbox 1026 4396 1060 4409; x_wconf 89' lang='lat'><em>-</em></span> <span class='ocrx_word' id='word_1_507' title='bbox 1075 4371 1110 4431; x_wconf 72' lang='grc'><strong>14)</strong></span> <span class='ocrx_word' id='word_1_508' title='bbox 1123 4365 1162 4420; x_wconf 91' lang='grc' dir='ltr'><strong>ιιι.</strong></span> <span class='ocrx_word' id='word_1_509' title='bbox 1176 4367 1342 4435; x_wconf 82' lang='lat' dir='ltr'><strong>aespecialr&#39;a</strong></span> <span class='ocrx_word' id='word_1_510' title='bbox 1356 4370 1384 4419; x_wconf 87' lang='lat' dir='ltr'><strong>et</strong></span> <span class='ocrx_word' id='word_1_511' title='bbox 1395 4376 1446 4420; x_wconf 83' lang='lat' dir='ltr'><strong>eut</strong></span> <span class='ocrx_word' id='word_1_512' title='bbox 1460 4370 1562 4435; x_wconf 81' lang='lat' dir='ltr'><strong>totipr&#39;s,</strong></span> <span class='ocrx_word' id='word_1_513' title='bbox 1576 4364 1680 4436; x_wconf 87' lang='lat' dir='ltr'><strong>duplici</strong></span> <span class='ocrx_word' id='word_1_514' title='bbox 1695 4382 1770 4420; x_wconf 93' lang='lat' dir='ltr'><strong>mon·</strong></span> 
     </span>
     <span class='ocr_line' id='line_1_56' title="bbox 1026 4453 1770 4525; baseline -0.003 -16"><span class='ocrx_word' id='word_1_515' title='bbox 1026 4457 1102 4523; x_wconf 73' lang='lat' dir='ltr'><strong>stro,</strong></span> <span class='ocrx_word' id='word_1_516' title='bbox 1122 4453 1220 4508; x_wconf 87' lang='lat' dir='ltr'><strong>deinde</strong></span> <span class='ocrx_word' id='word_1_517' title='bbox 1245 4454 1444 4510; x_wconf 81' lang='lat' dir='ltr'><strong>subdissed...</strong></span> <span class='ocrx_word' id='word_1_518' title='bbox 1465 4455 1640 4525; x_wconf 78' lang='lat' dir='ltr'><strong>coloquii</strong></span> <span class='ocrx_word' id='word_1_519' title='bbox 1662 4453 1770 4509; x_wconf 63' lang='lat' dir='ltr'><strong>undem</strong></span> 
     </span>
     <span class='ocr_line' id='line_1_57' title="bbox 1025 4541 1772 4615; baseline -0.005 -15"><span class='ocrx_word' id='word_1_520' title='bbox 1025 4561 1112 4600; x_wconf 82' lang='lat' dir='ltr'><strong>ursus</strong></span> <span class='ocrx_word' id='word_1_521' title='bbox 1132 4543 1228 4600; x_wconf 84' lang='lat' dir='ltr'><strong>estid.</strong></span> <span class='ocrx_word' id='word_1_522' title='bbox 1249 4544 1382 4615; x_wconf 88' lang='lat' dir='ltr'><strong>Suspicor</strong></span> <span class='ocrx_word' id='word_1_523' title='bbox 1400 4543 1505 4600; x_wconf 91' lang='lat' dir='ltr'><strong>Sidonii</strong></span> <span class='ocrx_word' id='word_1_524' title='bbox 1520 4541 1692 4614; x_wconf 76' lang='lat' dir='ltr'><strong>Apollinaris</strong></span> <span class='ocrx_word' id='word_1_525' title='bbox 1711 4559 1772 4597; x_wconf 89' lang='lat' dir='ltr'><strong>esse</strong></span> 
     </span>
     <span class='ocr_line' id='line_1_58' title="bbox 1026 4628 1772 4702; baseline -0.001 -18"><span class='ocrx_word' id='word_1_526' title='bbox 1026 4636 1054 4686; x_wconf 92' lang='lat' dir='ltr'><strong>et</strong></span> <span class='ocrx_word' id='word_1_527' title='bbox 1072 4629 1267 4685; x_wconf 82' lang='lat' dir='ltr'><strong>bibliothecam</strong></span> <span class='ocrx_word' id='word_1_528' title='bbox 1284 4638 1313 4685; x_wconf 92' lang='lat' dir='ltr'><strong>et</strong></span> <span class='ocrx_word' id='word_1_529' title='bbox 1333 4631 1548 4702; x_wconf 82' lang='lat' dir='ltr'><strong>epigrammata,</strong></span> <span class='ocrx_word' id='word_1_530' title='bbox 1568 4635 1596 4683; x_wconf 86' lang='lat' dir='ltr'><strong>et</strong></span> <span class='ocrx_word' id='word_1_531' title='bbox 1619 4628 1772 4684; x_wconf 85' lang='lat' dir='ltr'><strong>versiculos</strong></span> 
     </span>
     <span class='ocr_line' id='line_1_59' title="bbox 1026 4718 1770 4789; baseline 0.005 -20"><span class='ocrx_word' id='word_1_532' title='bbox 1026 4721 1190 4788; x_wconf 80' lang='lat' dir='ltr'><strong>sequentes3</strong></span> <span class='ocrx_word' id='word_1_533' title='bbox 1210 4718 1316 4789; x_wconf 91' lang='lat' dir='ltr'><strong>dequo</strong></span> <span class='ocrx_word' id='word_1_534' title='bbox 1335 4724 1452 4774; x_wconf 90' lang='lat' dir='ltr'><strong>centone</strong></span> <span class='ocrx_word' id='word_1_535' title='bbox 1470 4718 1508 4773; x_wconf 84' lang='lat' dir='ltr'><strong>cf.</strong></span> <span class='ocrx_word' id='word_1_536' title='bbox 1531 4720 1626 4774; x_wconf 80' lang='lat' dir='ltr'><strong>Horat.</strong></span> <span class='ocrx_word' id='word_1_537' title='bbox 1642 4735 1661 4773; x_wconf 92' lang='grc' dir='ltr'><strong>ιι</strong></span> <span class='ocrx_word' id='word_1_538' title='bbox 1683 4721 1770 4776; x_wconf 82' lang='lat' dir='ltr'><strong>Odur.</strong></span> 
     </span>
     <span class='ocr_line' id='line_1_60' title="bbox 1025 4804 1769 4878; baseline -0.003 -16"><span class='ocrx_word' id='word_1_539' title='bbox 1025 4823 1075 4877; x_wconf 82' lang='lat' dir='ltr'><strong>vn,</strong></span> <span class='ocrx_word' id='word_1_540' title='bbox 1091 4804 1133 4862; x_wconf 85' lang='lat'><strong>15.</strong></span> <span class='ocrx_word' id='word_1_541' title='bbox 1148 4806 1253 4876; x_wconf 87' lang='lat' dir='ltr'><strong>Virgil.</strong></span> <span class='ocrx_word' id='word_1_542' title='bbox 1269 4809 1368 4863; x_wconf 86' lang='lat' dir='ltr'><strong>Bucol.</strong></span> <span class='ocrx_word' id='word_1_543' title='bbox 1382 4825 1406 4878; x_wconf 86' lang='lat' dir='ltr'><strong>v,</strong></span> <span class='ocrx_word' id='word_1_544' title='bbox 1418 4807 1466 4862; x_wconf 85' lang='lat'><strong>79.</strong></span> <span class='ocrx_word' id='word_1_545' title='bbox 1480 4837 1515 4850; x_wconf 94' lang='lat'>-</span> <span class='ocrx_word' id='word_1_546' title='bbox 1528 4812 1563 4871; x_wconf 73' lang='grc'><strong>15)</strong></span> <span class='ocrx_word' id='word_1_547' title='bbox 1579 4819 1639 4862; x_wconf 87' lang='lat' dir='ltr'><strong>tnm</strong></span> <span class='ocrx_word' id='word_1_548' title='bbox 1657 4808 1718 4861; x_wconf 92' lang='lat' dir='ltr'><strong>cod.</strong></span> <span class='ocrx_word' id='word_1_549' title='bbox 1736 4837 1769 4851; x_wconf 91' lang='lat'><em>-</em></span> 
     </span>
     <span class='ocr_line' id='line_1_61' title="bbox 1028 4896 1772 4968; baseline 0.004 -18"><span class='ocrx_word' id='word_1_550' title='bbox 1028 4901 1063 4960; x_wconf 70' lang='grc' dir='ltr'><strong>ιι)</strong></span> <span class='ocrx_word' id='word_1_551' title='bbox 1083 4896 1167 4965; x_wconf 85' lang='lat' dir='ltr'><strong>culpa</strong></span> <span class='ocrx_word' id='word_1_552' title='bbox 1185 4913 1244 4950; x_wconf 86' lang='lat' dir='ltr'><strong>uon</strong></span> <span class='ocrx_word' id='word_1_553' title='bbox 1263 4908 1355 4952; x_wconf 84' lang='lat' dir='ltr'><strong>teneat</strong></span> <span class='ocrx_word' id='word_1_554' title='bbox 1372 4897 1511 4951; x_wconf 90' lang='lat' dir='ltr'><strong>Sirmond.</strong></span> <span class='ocrx_word' id='word_1_555' title='bbox 1525 4927 1559 4938; x_wconf 91' lang='lat'>-</span> <span class='ocrx_word' id='word_1_556' title='bbox 1570 4901 1606 4967; x_wconf 70' lang='grc' dir='ltr'><strong>1ι)</strong></span> <span class='ocrx_word' id='word_1_557' title='bbox 1622 4908 1772 4968; x_wconf 85' lang='lat' dir='ltr'><strong>ponuntur</strong></span> 
     </span>
    </p>
   </div>
   <div class='ocr_carea' id='block_1_13' title="bbox 1022 4984 1773 5050">
    <p class='ocr_par' dir='ltr' id='par_1_13' title="bbox 1022 4984 1773 5050">
     <span class='ocr_line' id='line_1_62' title="bbox 1022 4984 1773 5050; baseline 0.003 -12"><span class='ocrx_word' id='word_1_558' title='bbox 1022 4984 1066 5050; x_wconf 88' lang='lat' dir='ltr'><strong>id.</strong></span> <span class='ocrx_word' id='word_1_559' title='bbox 1080 5013 1115 5028; x_wconf 93' lang='lat'><strong>-·</strong></span> <span class='ocrx_word' id='word_1_560' title='bbox 1129 4990 1165 5048; x_wconf 74' lang='grc'><strong>18)</strong></span> <span class='ocrx_word' id='word_1_561' title='bbox 1186 4988 1340 5042; x_wconf 84' lang='lat' dir='ltr'><strong>Dominum</strong></span> <span class='ocrx_word' id='word_1_562' title='bbox 1358 4986 1394 5038; x_wconf 90' lang='lat' dir='ltr'><strong>id.</strong></span> <span class='ocrx_word' id='word_1_563' title='bbox 1416 5016 1452 5028; x_wconf 92' lang='lat'>-</span> <span class='ocrx_word' id='word_1_564' title='bbox 1471 4989 1613 5042; x_wconf 86' lang='lat' dir='ltr'><strong>Domuum</strong></span> <span class='ocrx_word' id='word_1_565' title='bbox 1631 4987 1692 5041; x_wconf 90' lang='lat' dir='ltr'><strong>cod.</strong></span> <span class='ocrx_word' id='word_1_566' title='bbox 1712 4988 1773 5040; x_wconf 88' lang='lat' dir='ltr'><strong>sine</strong></span> 
     </span>
    </p>
   </div>
   <div class='ocr_carea' id='block_1_14' title="bbox 1028 5075 1774 5146">
    <p class='ocr_par' dir='ltr' id='par_1_14' title="bbox 1028 5075 1774 5146">
     <span class='ocr_line' id='line_1_63' title="bbox 1028 5075 1774 5146; baseline 0.003 -18"><span class='ocrx_word' id='word_1_567' title='bbox 1028 5075 1200 5146; x_wconf 86' lang='lat' dir='ltr'><strong>compendio:</strong></span> <span class='ocrx_word' id='word_1_568' title='bbox 1221 5078 1301 5145; x_wconf 85' lang='lat' dir='ltr'><strong>cujus</strong></span> <span class='ocrx_word' id='word_1_569' title='bbox 1325 5075 1452 5130; x_wconf 81' lang='lat' dir='ltr'><strong>vocabuli</strong></span> <span class='ocrx_word' id='word_1_570' title='bbox 1478 5075 1584 5130; x_wconf 87' lang='lat' dir='ltr'><strong>nullum</strong></span> <span class='ocrx_word' id='word_1_571' title='bbox 1609 5093 1669 5130; x_wconf 86' lang='lat' dir='ltr'><strong>esse</strong></span> <span class='ocrx_word' id='word_1_572' title='bbox 1694 5081 1774 5130; x_wconf 89' lang='lat' dir='ltr'><strong>vetus</strong></span> 
     </span>
    </p>
   </div>
   <div class='ocr_carea' id='block_1_15' title="bbox 226 5155 1772 5326">
    <p class='ocr_par' dir='ltr' id='par_1_15' title="bbox 226 5155 1772 5326">
     <span class='ocr_line' id='line_1_64' title="bbox 226 5155 1772 5235; baseline 0.002 -20"><span class='ocrx_word' id='word_1_573' title='bbox 226 5159 298 5216; x_wconf 87' lang='lat' dir='ltr'><strong>haud</strong></span> <span class='ocrx_word' id='word_1_574' title='bbox 316 5162 441 5218; x_wconf 87' lang='lat' dir='ltr'><strong>inutiles.</strong></span> <span class='ocrx_word' id='word_1_575' title='bbox 455 5193 490 5205; x_wconf 91' lang='lat'><strong>·-</strong></span> <span class='ocrx_word' id='word_1_576' title='bbox 505 5165 528 5235; x_wconf 72' lang='grc'><strong>6)</strong></span> <span class='ocrx_word' id='word_1_577' title='bbox 542 5165 665 5220; x_wconf 82' lang='lat' dir='ltr'><strong>Studens</strong></span> <span class='ocrx_word' id='word_1_578' title='bbox 684 5169 861 5221; x_wconf 83' lang='lat' dir='ltr'><strong>institutione</strong></span> <span class='ocrx_word' id='word_1_579' title='bbox 873 5168 908 5220; x_wconf 85' lang='lat' dir='ltr'><strong>ab</strong></span> <span class='ocrx_word' id='word_1_580' title='bbox 928 5168 972 5221; x_wconf 86' lang='lat' dir='ltr'><strong>bis</strong></span> <span class='ocrx_word' id='word_1_581' title='bbox 1028 5155 1186 5234; x_wconf 84' lang='lat' dir='ltr'><strong>exemplum</strong></span> <span class='ocrx_word' id='word_1_582' title='bbox 1206 5162 1312 5217; x_wconf 82' lang='lat' dir='ltr'><strong>frustra</strong></span> <span class='ocrx_word' id='word_1_583' title='bbox 1330 5166 1374 5218; x_wconf 80' lang='lat' dir='ltr'><strong>cir</strong></span> <span class='ocrx_word' id='word_1_584' title='bbox 1385 5165 1482 5220; x_wconf 91' lang='lat' dir='ltr'><strong>doctus</strong></span> <span class='ocrx_word' id='word_1_585' title='bbox 1495 5164 1694 5220; x_wconf 77' lang='lat' dir='ltr'><strong>bollandianus</strong></span> <span class='ocrx_word' id='word_1_586' title='bbox 1708 5181 1772 5221; x_wconf 91' lang='lat' dir='ltr'><strong>con·</strong></span> 
     </span>
     <span class='ocr_line' id='line_1_65' title="bbox 227 5252 1772 5326; baseline 0.001 -19"><span class='ocrx_word' id='word_1_587' title='bbox 227 5252 350 5321; x_wconf 83' lang='lat' dir='ltr'><strong>quidem,</strong></span> <span class='ocrx_word' id='word_1_588' title='bbox 363 5254 458 5324; x_wconf 82' lang='lat' dir='ltr'><strong>inepta</strong></span> <span class='ocrx_word' id='word_1_589' title='bbox 469 5253 579 5323; x_wconf 86' lang='lat' dir='ltr'><strong>quidem</strong></span> <span class='ocrx_word' id='word_1_590' title='bbox 589 5253 695 5307; x_wconf 87' lang='lat' dir='ltr'><strong>codicis</strong></span> <span class='ocrx_word' id='word_1_591' title='bbox 704 5253 842 5308; x_wconf 84' lang='lat' dir='ltr'><strong>vecordis.</strong></span> <span class='ocrx_word' id='word_1_592' title='bbox 853 5283 886 5294; x_wconf 94' lang='lat'>-</span> <span class='ocrx_word' id='word_1_593' title='bbox 903 5254 924 5324; x_wconf 73' lang='grc'><strong>7)</strong></span> <span class='ocrx_word' id='word_1_594' title='bbox 937 5256 973 5308; x_wconf 87' lang='lat' dir='ltr'><strong>li·</strong></span> <span class='ocrx_word' id='word_1_595' title='bbox 1028 5253 1166 5310; x_wconf 89' lang='lat' dir='ltr'><strong>tendit.-</strong></span> <span class='ocrx_word' id='word_1_596' title='bbox 1182 5258 1215 5326; x_wconf 71' lang='grc' dir='ltr'><strong>ιςι)</strong></span> <span class='ocrx_word' id='word_1_597' title='bbox 1224 5255 1552 5312; x_wconf 84' lang='lat' dir='ltr'><strong>celebraberisSirmond.</strong></span> <span class='ocrx_word' id='word_1_598' title='bbox 1562 5255 1772 5312; x_wconf 84' lang='lat' dir='ltr'><strong>celebrarecod.</strong></span> 
     </span>
    </p>
   </div>
   <div class='ocr_carea' id='block_1_16' title="bbox 0 0 2040 6084">
    <p class='ocr_par' dir='ltr' id='par_1_16' title="bbox 0 0 2040 6084">
     <span class='ocr_line' id='line_1_66' title="bbox 0 0 2040 6084; baseline 0 0"><span class='ocrx_word' id='word_1_599' title='bbox 0 0 2040 6084; x_wconf 95' lang='lat' dir='ltr'><strong> </strong></span> 
     </span>
    </p>
   </div>
  </div>
 </body>
</html>
