4044 6098
271 505 329 570 tot
947 501 1139 569 ORIGENES

269 659 322 722 καί
345 665 364 731 η
391 659 458 729 νίκη
485 659 583 733 τέλος.
610 659 731 722 [Ιολλαί
754 658 808 746 μὲν
832 654 934 722 οὔναί
953 667 1016 723 τῶν
1071 653 1125 716 riae
1142 653 1207 719 sive
1234 653 1317 750 linis,
1340 665 1428 739 prout
1454 655 1563 721 Paulus
1592 659 1677 724 modo
1697 661 1817 744 quidem

267 765 350 830 κατὰ
374 765 463 854 μέρος
480 776 571 842 νῖκαι,
589 765 642 829 καί
658 765 757 843 τέλος,
774 764 914 856 καθάπερ
935 767 1018 831 ltad-
1072 760 1157 827 dicit:
1175 786 1195 826 a
1208 761 1243 825 ln
1265 760 1313 826 his
1334 764 1469 828 omnibus
1489 784 1661 848 superamus
1682 787 1734 850 per
1748 788 1816 833 eum

267 877 323 936 λον
348 873 402 936 ὅτε
426 870 481 960 μὲν
513 873 670 962 λέγοντος
696 871 745 936 Ἐν
769 872 892 950 τούτοις
923 884 1015 938 πᾶσιν
1071 869 1451 952 quidilerttncs,»mcdo
1472 882 1571 938 autem
1593 875 1653 940 ait:
1676 875 1817 939 «Bonum

266 985 477 1068 ὑπερνικῶμεν
510 971 561 1044 διὰ
587 989 644 1044 τοῦ
668 980 890 1072 ἀγαπήσαντος
921 987 1015 1070 ἡμᾶς,
1070 979 1352 1058 certamencertavi‚
1370 998 1486 1045 cursum
1501 983 1715 1060 consummavi,
1730 981 1817 1047 fidem

266 1089 320 1153 ὅτε
344 1082 388 1154 δέ·
413 1090 473 1154 Τὸν
498 1094 604 1181 ἀγῶνα
627 1089 682 1155 τὸν
707 1092 804 1166 καλὸν
827 1090 1015 1183 tpdvrcpuv,
1070 1084 1202 1164 servavi,
1226 1085 1255 1146 in
1277 1085 1387 1167 reliquo
1409 1086 1536 1167 reposita
1558 1095 1603 1150 est
1619 1088 1689 1150 mitri
1710 1105 1817 1152 corona

265 1197 320 1261 τόν
338 1189 451 1286 δρόμον
467 1197 632 1275 τετέλεκα,
645 1196 704 1269 τὴν
719 1199 823 1262 πίστιν
841 1198 1014 1288 τετήρηκα·
1066 1191 1198 1273 justitiae,
1220 1211 1307 1274 quam
1329 1193 1433 1259 reddet
1454 1193 1526 1258 mihi
1547 1195 1691 1260 Dominus
1716 1196 1746 1259 in
1767 1195 1818 1260 itta

265 1305 373 1368 λοιπὸν
405 1304 572 1370 ἀπόκειταί
604 1308 695 1393 μοιό
727 1315 787 1380 τῆς
818 1295 1014 1380 δικαιοσύνης
1069 1299 1128 1378 die,
1151 1300 1200 1383 qui
1219 1301 1319 1382 justus
1337 1302 1427 1384 judex
1444 1312 1502 1381 est,
1524 1320 1583 1366 non
1604 1303 1696 1366 solunt
1718 1312 1815 1368 autern

266 1411 432 1501 στέφανος,
463 1410 496 1476 όν
528 1403 685 1476 ἀποδώσει
716 1435 768 1499 μοι
798 1416 814 1475 6
846 1411 953 1500 Κύριος
983 1414 1014 1476 ἐν
1068 1405 1152 1486 mihi,
1169 1406 1221 1470 sed
1241 1407 1377 1473 omnihus
1392 1408 1441 1492 qui
1457 1409 1584 1492 diligunt
1603 1410 1816 1476 manifestatio-

265 1521 365 1606 ἐκείνῃ
391 1530 432 1603 τῇ
457 1519 569 1608 ἡμέρᾳ,
587 1523 602 1581 ὁ
620 1509 737 1595 δίκαιος
755 1517 872 1608 κριτὴς,
896 1523 931 1583 ού
956 1518 1014 1607 μό-

264 1649 316 1689 νον
340 1617 373 1691 δὲ
396 1627 475 1716 ἐμοί,
501 1625 583 1690 ἀλλὰ
607 1626 661 1690 καί
684 1636 776 1690 πᾶσιν
800 1637 865 1702 τοῖς
885 1633 1015 1718 ἠγαπη-

264 1733 350 1798 κόσιν
373 1735 433 1808 τὴν
457 1734 635 1825 ἐπιφάνειαν
660 1739 763 1800 αύτοῢ.

308 1861 340 1905 v.
364 1845 395 1904 θ.
411 1842 460 1908 Ἐν
477 1851 523 1926 τῷ
540 1841 756 1907 ἐπικαλεῖσθαί
772 1866 811 1931 με
833 1844 1011 1917 εἰσήκονσέν

1068 1531 1135 1578 nem
1156 1514 1252 1596 ejus.»

1106 1857 1139 1904 v.
1162 1841 1191 1904 Ξ.
1216 1841 1482 1922 dominicanorum,
1506 1844 1653 1907 exaudivit
1671 1863 1715 1908 me
1739 1847 1814 1910 Ιιιιιε

266 1975 324 2043 μου
350 1955 365 2013 ὁ
390 1950 466 2026 Θεὸς
490 1961 548 2025 τῆς
564 1940 760 2025 δικαιοσύνης
778 1975 846 2039 μου,
864 1955 894 2016 ἑν
911 1949 1012 2040 θλίψει
1060 1948 1195 2030 justitiae
1215 1967 1304 2028 mette,
1327 1951 1356 2014 itt
1377 1948 1558 2015 tribulatione
1578 1951 1709 2017 dilatasti
1733 1955 1811 2017 ιιιίίιί.

265 2057 440 2134 ἑπλάτννας
465 2081 525 2146 μοι.
556 2055 642 2121 tatic.
666 2073 695 2138 p.
720 2056 789 2134 nto,
814 2057 842 2118 1.
957 2145 959 2150 Ι

232 2203 235 2208 ·
307 2171 351 2232 Ού
377 2165 459 2255 μετὰ
475 2165 512 2230 τό
528 2163 745 2230 ἐπικαλεῖσθαι
762 2159 940 2240 είσήκουσέν
961 2190 1010 2255 με,

263 2274 331 2341 ἀλλ’
366 2279 396 2339 ἐν
427 2283 473 2357 τῷ
506 2272 731 2340 ἐπικαλεῖσθαι,
756 2311 800 2324 -
819 2272 920 2339 Ὅταν
947 2284 1010 2338 τῶν

262 2381 393 2471 θλίψεων
417 2381 471 2446 καί
500 2391 562 2446 τῶν
593 2389 772 2472 πειρασμῶν
803 2380 875 2458 τούς
898 2381 1010 2473 λόγους

262 2487 516 2581 ἑπιγινώσκομεν,
530 2487 606 2552 τότε
621 2487 760 2576 μάλιστα
775 2488 1008 2578 πλατυνόμεθα.

261 2631 305 2646 -
329 2599 364 2656 Εἰ
388 2593 442 2657 καί
466 2599 505 2669 ὡς
529 2592 685 2684 ἄνθρωπος
709 2599 725 2659 6
749 2596 913 2686 προφήτης
942 2601 1010 2662 ἑπι-

260 2704 415 2777 καλεϊται,
432 2699 486 2763 καί
502 2691 553 2765 δια
565 2701 602 2764 τὸ
615 2701 838 2780 ἐπικαλεῖσθαι,
853 2703 1010 2769 εἰσακούε-

260 2833 314 2875 ται
338 2810 397 2875 ὑπδ
422 2813 500 2873 Θεοῦ
517 2821 574 2884 τῆς
591 2800 786 2888 δικαιοσύνης
803 2815 908 2892 αὑτοῦ,
925 2813 1008 2904 λέγω

261 2907 294 2981 δὲ
317 2928 375 2992 τῆς
400 2907 596 2993 δικαιοσύνης
619 2928 674 2982 τοῦ
697 2917 856 3011 λέγοντος,
880 2920 934 2984 καὶ
957 2913 1009 2986 διαί

259 3034 353 3088 τοῦτο
377 3028 408 3088 ἐν
424 3029 599 3112 πλατυσμῷ
616 3025 701 3090 κατὰ
716 3025 787 3102 τοὺς
805 3027 926 3117 καιρούς
949 3041 1007 3120 τῆς

260 3129 390 3221 θλίψεως
407 3134 538 3223 γίνεται·
557 3130 640 3195 ἀλλά
655 3155 693 3223 γε
710 3138 749 3208 ὡς
767 3133 840 3223 πρός
856 3134 910 3198 τόν
930 3135 1007 3199 Θεὸν

259 3242 275 3302 6
291 3249 430 3314 τοιοῦτος
446 3239 499 3316 ὢν,
515 3237 602 3302 κάτω
615 3240 708 3304 ἐστίν.
726 3244 764 3305 Oi
780 3239 839 3331 γὰρ
853 3239 1009 3332 ὀφθαλμοί

259 3345 370 3436 Κύριον
387 3343 510 3434 ὑψηλοί,
527 3350 542 3409 6
561 3337 594 3410 δὲ
611 3346 766 3435 ἄνθρωπος
783 3348 938 3426 ταπεινὸς,
954 3349 1008 3413 καί

262 3445 363 3519 δεῖται
386 3465 442 3518 τοῦ
467 3453 700 3543 οἱκτειρηθηναι
723 3455 782 3521 ύπδ
807 3463 896 3522 Θεοῦ.

303 3577 335 3622 v.
360 3559 389 3622 3.
413 3561 480 3626 Υίοί
503 3559 689 3652 ἀνθρώπων,
713 3563 766 3638 ἕως
797 3563 877 3628 πότε
906 3567 1007 3655 βαρυ-

260 3660 399 3760 κάρδιοι;

303 3779 357 3839 Tc·
381 3773 441 3838 υίοί
464 3772 648 3864 ἀνθρώπων,
673 3779 689 3839 ὁ
714 3775 769 3866 μέν
792 3801 839 3852 τις
864 3778 1007 3852 οἰήσεται

258 3891 506 3974 περιφραστικῶς
530 3881 688 3972 εἰρῆσθαι,
713 3890 752 3960 ὡς
775 3885 829 3949 καί
854 3884 1005 3960 Ἕλλησιν

258 3991 324 4068 ἔθος
348 4001 393 4074 τῷ
417 3990 549 4074 τοιούτῳ
573 3989 709 4082 χρῆσθαι
727 4003 940 4083 σχηματισμῷ
956 3993 1006 4060 λέ-

257 4123 373 4193 γουσιν·
391 4093 452 4174 υἷες
467 4100 614 4188 Ἀχαίων,
631 4099 684 4164 καὶ
707 4099 748 4164 τὰ
764 4101 864 4190 ὅρκοισι.
881 4141 926 4152 —-
941 4101 1007 4166 Ἐν-

256 4206 357 4271 ταῦθα
370 4204 562 4298 γινώσκομεν
580 4209 628 4272 ὅτι
647 4209 771 4298 βαρείας
788 4208 905 4299 φύσεώς
921 4213 1004 4275 ἐστιν

255 4320 274 4388 η
301 4315 411 4390 κακία,
437 4304 544 4403 διόπερ
568 4317 583 4376 6
608 4314 773 4404 ἐρχόμενος
798 4321 839 4392 εἰς
867 4316 926 4390 τὴν
952 4319 1006 4382 Αί-

255 4444 376 4514 γύπτον
399 4419 517 4510 Κύριος,
533 4421 583 4486 ἐπί
607 4421 739 4512 νεφέλης
762 4421 892 4514 λέγεται
915 4425 1006 4490 καθέ-

255 4525 362 4610 ζεσθαι
380 4531 506 4621 κούφης.
523 4531 644 4621 Νεφέλη
665 4523 698 4622 δὲ
714 4531 811 4621 κούφη
830 4532 899 4597 ἐστὶ
918 4533 1004 4623 φύσις

254 4639 379 4732 λογικὴ,
395 4639 498 4718 πάσης
516 4643 629 4731 ἀρετῆς
646 4640 833 4730 πληρωμένη
853 4641 906 4705 καί
920 4643 1004 4734 γνώ-

256 4771 340 4822 σεως.

299 4871 327 4924 v.
346 4850 374 4914 ί.
393 4853 454 4916 Καί
472 4862 574 4944 γνῶτε
591 4853 640 4917 ὅτι
656 4849 879 4943 ἑθανμόιστωσε
894 4856 1002 4946 Κύριος

253 4957 308 5021 τόν
333 4959 414 5023 ὅσιον
440 4963 544 5024 αὐτοῦ.

291 5190 317 5226 ο.
338 5169 365 5226 2.
386 5172 452 5227 Vnt.
470 5170 498 5226 5.
518 5172 557 5227 ct.
580 5173 628 5227 Pe.
648 5189 686 5241 cr,
704 5171 750 5231 20.

291 5283 317 5322 o.
338 5265 365 5318 θ.
386 5267 449 5322 vat.
469 5263 497 5320 5.
518 5265 556 5322 os.
576 5267 611 5321 ls.
632 5282 692 5335 xix,
715 5265 740 5324 ί.

1104 2164 1168 2228 Νοιι
1191 2174 1344 2248 postquam
1359 2165 1580 2248 invocaveram,
1598 2169 1650 2233 sed
1670 2187 1726 2251 pac
1748 2177 1813 2234 tem·

1064 2290 1133 2356 pore
1148 2273 1325 2338 ιἰινοιιιόιιιιι.
1341 2274 1522 2354 -Quando
1540 2277 1727 2359 percepimus
1748 2297 1814 2361 quae

1065 2381 1127 2445 sint
1147 2386 1277 2446 rationes
1298 2400 1349 2446 eur
1367 2380 1513 2464 patiamur
1533 2392 1564 2448 et
1579 2393 1734 2464 tentemur,
1753 2395 1813 2452 tum

1064 2489 1190 2553 maxime
1211 2487 1376 2553 dilatamur.
1393 2525 1433 2536 -
1448 2487 1605 2572 Propheta,
1622 2493 1813 2573 quantumvis

1063 2605 1096 2660 ιιι
1107 2596 1195 2661 homo
1208 2596 1333 2676 invocet,
1349 2613 1385 2660 ao
1395 2607 1547 2680 propterea
1562 2600 1638 2682 quod
1655 2601 1812 2670 invocave-

1064 2706 1116 2785 rit,
1132 2704 1250 2769 auditur
1265 2723 1282 2770 a
1297 2703 1358 2772 Deo
1366 2706 1488 2790 justitiae
1501 2707 1575 2790 ejus,
1591 2709 1665 2792 eius,
1680 2710 1811 2794 inquam,

1063 2814 1113 2900 qui
1129 2814 1269 2897 loquitur,
1290 2823 1321 2878 et
1342 2815 1449 2880 idcirco
1470 2815 1611 2882 dilatatus
1633 2818 1667 2882 fit
1688 2820 1717 2883 in
1739 2829 1811 2885 tem·

1062 2939 1133 3005 pore
1154 2920 1369 3005 oppressionis;
1399 2919 1590 2987 nihilominus
1610 2934 1746 3008 respectu
1774 2926 1810 2991 ad

1062 3029 1157 3098 Deum
1169 3025 1334 3110 hujusmodi
1349 3027 1397 3092 vir
1412 3035 1470 3092 stat
1484 3027 1515 3092 in
1528 3029 1628 3094 intimo
1642 3031 1714 3095 torn.
1728 3032 1811 3097 Oculi

1062 3133 1140 3199 enim
1162 3132 1279 3198 Domini
1293 3133 1412 3214 excelsi,
1433 3135 1503 3200 durn
1518 3133 1604 3201 homo
1617 3136 1736 3202 humitis
1750 3149 1810 3220 est,

1063 3246 1093 3303 et
1114 3237 1229 3321 indiget
1250 3239 1451 3304 misericordia
1475 3241 1540 3306 Dei.
1586 3265 1588 3270 ’

1101 3578 1134 3625 v.
1151 3561 1180 3624 3.
1194 3558 1266 3625 Filii
1279 3561 1436 3642 dominnm,
1449 3581 1590 3648 aequeque
1603 3567 1690 3647 proci·
1703 3567 1809 3632 corde?

1100 3772 1134 3838 ld
1154 3772 1207 3855 filii
1227 3773 1384 3855 dominum,
1407 3775 1515 3860 aliquis
1535 3778 1657 3844 tortasse
1677 3780 1812 3863 opinabi-

1059 3890 1107 3947 tur
1126 3882 1328 3966 paraphrasim
1356 3901 1435 3963 esse,
1455 3885 1540 3968 iuxta
1561 3887 1727 3954 Graeoorum
1749 3907 1809 3954 mo·

1059 4006 1122 4054 rem
1149 3987 1282 4054 eamdem
1311 3989 1470 4072 usurpandi
1499 3991 1619 4055 sormam
1647 3995 1807 4076 sermonis,

1059 4115 1149 4179 quum
1171 4095 1273 4162 dicunt
1295 4096 1373 4162 «titii
1395 4097 1609 4180 Achaeorum»
1631 4111 1663 4166 et
1682 4101 1805 4168 similia.

1060 4202 1125 4282 Quo
1147 4203 1210 4269 loco
1230 4204 1372 4269 discimus
1392 4205 1493 4287 gravis
1507 4223 1571 4271 esse
1590 4217 1703 4272 naturae
1725 4209 1810 4274 mali-

1060 4311 1146 4392 tiam;
1169 4310 1303 4396 ideoque,
1326 4311 1395 4376 dnm
1418 4311 1448 4375 in
1465 4314 1624 4397 AEgyptum
1646 4316 1729 4380 vadit
1750 4315 1809 4382 Do-

1059 4419 1166 4499 minus,
1182 4419 1284 4484 sedere
1303 4419 1409 4484 dieitur
1424 4419 1454 4483 in
1468 4420 1547 4485 nube
1561 4421 1631 4486 levi.
1649 4422 1735 4488 Levis
1755 4442 1807 4489 au-

1059 4537 1116 4592 tem
1138 4526 1231 4593 nubes
1251 4535 1297 4592 est
1317 4538 1421 4592 natum
1447 4530 1608 4611 rationalis,
1631 4531 1720 4596 totius
1740 4533 1803 4596 vir·

1058 4636 1130 4701 tutis
1152 4635 1238 4718 plena
1261 4646 1293 4701 et
1312 4636 1502 4718 cognitionis.

1160 4779 1177 4816 0

1097 4881 1128 4927 v.
1153 4862 1182 4927 ό.
1208 4863 1357 4927 dtccitntc
1378 4863 1514 4947 qouniam
1534 4863 1677 4930 deminuo
1698 4867 1805 4949 mirifi-

1057 4969 1137 5032 eonit
1153 4975 1282 5032 sonetum
1302 4988 1395 5032 caum.

1092 5199 1119 5236 τ.
1139 5180 1166 5234 4.
1186 5180 1249 5236 vat.
1273 5181 1314 5250 ln,
1339 5181 1380 5254 10,
1400 5180 1427 5237 5.
1447 5184 1508 5238 Νοιι
1533 5183 1644 5239 distulit
1664 5185 1802 5256 Origenes

1057 5272 1146 5347 γνῶσιν
1169 5287 1246 5326 suam
1272 5271 1364 5332 fovere
1383 5278 1411 5327 et
1434 5272 1573 5349 exaltare,
1593 5276 1684 5330 sobrie
1713 5281 1805 5332 ιαιιιειι
