4044 6098
857 523 896 590 ΙΝ
919 525 1095 592 PSALMOS
1693 529 1751 594 uu

201 665 235 738 δί
258 665 385 750 δικαίως
399 673 486 765 λίγει
502 673 573 752 τοὺς
591 669 787 765 ἀναίαθμοὺς
803 677 946 767 κλήρους,
1003 674 1124 757 grados,
1146 676 1237 740 otium
1258 676 1415 761 Apostolus
1435 685 1537 761 apertu
1550 676 1691 758 ostendit,
1708 679 1751 742 di·

200 779 254 845 καί
277 783 293 845 ό
319 781 493 856 ἀπόστολος
509 790 605 847 τουτο
621 791 724 874 σαρῶς
741 774 876 848 δείκνυσι
897 783 949 848 λό-
1002 797 1085 848 uene:
1108 807 1124 840 ι
1138 780 1195 859 Qui
1211 783 1285 847 bene
1298 782 1552 863 ministraverunt,
1568 783 1678 848 bonum
1693 783 1751 848 sibi

199 907 273 976 γων·
296 890 335 951 ot
357 885 417 978 γὰρ
434 889 536 962 καλῶς
554 877 806 972 διακονήσαντες,
829 887 947 978 βαθμὸν
1003 885 1126 966 grudnm
1147 886 1341 971 anquirunt.»

200 996 321 1067 ἑαυτοῖς
345 992 442 1057 καλὸν
465 1004 696 1082 περιποιοῦνται
711 993 742 1082 ¹).

244 1099 296 1162 Ἐν
319 1097 415 1189 ἑτέρῳ
439 1099 602 1191 ἐπιγράφει
619 1103 871 1193 Στηλογραρίσιν.
889 1110 949 1174 Δη-
1042 1100 1176 1165 Alterum
1188 1109 1286 1166 eutem
1300 1099 1445 1184 psalmum
1456 1101 1606 1186 inscripsit
1614 1102 1751 1186 rutupru·

93 1228 98 1236 ·
200 1205 254 1266 λοῐ
267 1193 301 1268 δί
316 1213 423 1289 τοῦτο,
441 1206 516 1296 ὅπερ
534 1197 690 1272 δέδεικται
708 1200 759 1273 διὰ
774 1217 836 1273 τῶν
854 1210 948 1300 ἁγίων
1002 1205 1111 1287 ptum.
1133 1205 1195 1271 Hoo
1214 1204 1350 1287 designat
1370 1207 1449 1289 quud
1468 1206 1562 1289 liquet
1580 1226 1632 1291 per
1653 1224 1753 1274 sueres

200 1317 337 1399 γραφῶν·
362 1309 465 1384 στήλη
493 1303 526 1375 δὲ
549 1312 673 1390 πάντως
687 1313 713 1402 ²)
731 1316 805 1406 πρὸς
830 1313 950 1404 μνημό-
1004 1313 1171 1395 scripturus.
1199 1315 1310 1388 Στήλη
1333 1312 1451 1378 omuino
1479 1314 1513 1379 tit
1533 1326 1752 1381 monumentum

201 1437 291 1480 συνον
304 1414 494 1493 τεθνηκότος
505 1419 637 1509 γίνεται·
651 1424 870 1514 στηλογραρία
885 1423 951 1486 τοί·
1004 1419 1121 1486 mortui.
1145 1419 1239 1501 Igitur
1267 1422 1352 1485 uiunt
1376 1419 1601 1504 stetopruptium
1628 1419 1659 1484 in
1685 1437 1753 1484 me·

200 1544 263 1599 νυν,
281 1527 322 1598 είς
347 1522 519 1612 ἀνάμνησιν
544 1536 599 1590 τοῦ
623 1525 829 1618 τεθαμμένου.
848 1536 950 1594 Τοῦτο
1006 1529 1126 1594 morium
1145 1526 1204 1594 viri
1226 1527 1345 1611 sepulti.
1362 1527 1425 1592 Hoo
1438 1545 1542 1592 rursus
1554 1526 1678 1612 mpstioo
1693 1525 1752 1590 ritu

201 1620 352 1695 deteritur
377 1641 534 1721 μυστικῶς
558 1637 704 1724 σημαίνει
727 1636 797 1728 περί
813 1635 949 1703 θανάτου
1004 1636 1151 1716 signiiiout
1170 1645 1292 1701 mortem
1312 1644 1342 1701 et
1366 1635 1608 1702 resurrectionem
1628 1631 1750 1698 Christi.

199 1735 253 1801 καί
270 1739 468 1816 ἀναστάσεως
486 1747 626 1830 Χριστοῦ·
642 1745 692 1808 ὄτι
708 1735 743 1809 δὲ
759 1746 856 1821 οὕτως
872 1744 948 1835 ἔχει,
1003 1745 1078 1810 Rem
1098 1760 1168 1809 uero
1189 1742 1233 1807 sio
1259 1761 1291 1807 se
1317 1741 1445 1821 hebere,
1467 1739 1655 1806 renunciabit
1681 1737 1752 1803 mihi

201 1845 393 1935 μαρτυρήσει
417 1869 469 1934 μοι
492 1852 512 1920 ι)
537 1850 712 1940 προγραρή·
735 1851 826 1926 αὑτός
849 1850 910 1943 γὰρ
934 1855 950 1914 ό
1005 1850 1117 1916 titulus.
1134 1848 1295 1932 Ipseenim
1309 1849 1441 1934 psalmus
1455 1846 1635 1912 hubethaec:
1652 1845 1753 1911 rCun·

202 1949 323 2040 ψαλμδς
350 1952 489 2042 περιέχει
504 1945 593 2019 τάδε·
611 1955 801 2047 Προορώμην
817 1958 872 2023 τδν
888 1957 951 2022 Kt—
1004 1962 1172 2027 sideralium
1186 1961 1343 2026 Dominnm
1357 1961 1389 2025 in
1402 1969 1561 2042 conspeetu
1574 1975 1652 2036 meo,
1671 1957 1752 2022 ude·

203 2081 264 2147 ριον
296 2056 426 2122 ἐνώπιόν
451 2082 528 2148 μου,
553 2064 588 2125 ἐκ
612 2052 720 2140 δεξιῶν
744 2087 804 2152 μου
826 2068 951 2129 ἑστῶτα
1004 2068 1077 2132 xtris
1097 2069 1171 2134 meis
1191 2077 1319 2133 euntem
1338 2067 1416 2132 omni
1440 2077 1587 2150 tempure,
1610 2083 1648 2130 ue
1668 2082 1753 2129 com-

201 2157 254 2230 διόι
269 2166 396 2244 παντός,
415 2169 464 2230 ἵνα
482 2166 524 2252 μὴ
544 2167 693 2234 σαλευθῶ.
712 2170 770 2236 Διά
784 2180 880 2236 τοῦτο
896 2175 952 2243 ui-
1005 2191 1136 2240 movear.
1160 2173 1231 2239 ideo
1245 2173 1381 2256 gavisum
1395 2182 1443 2238 est
1456 2190 1506 2237 rur
1527 2189 1638 2252 meum,
1651 2179 1683 2237 et
1703 2189 1752 2236 er-

201 2271 318 2364 φρίνθη
343 2279 363 2348 ri
389 2266 501 2365 καρδία
526 2299 596 2365 μου,
614 2277 667 2342 καί
683 2277 904 2370 ἠγαλλιάσατο
927 2284 947 2354 ri
1005 2283 1128 2349 sutorii
1141 2282 1244 2366 lingua
1267 2301 1341 2348 mee.
1358 2283 1461 2348 Adhuc
1481 2291 1512 2348 et
1532 2298 1600 2345 onro
1621 2297 1687 2345 mou
1708 2297 1753 2344 re·

200 2381 330 2473 γλῶσσά
353 2405 422 2471 μου.
443 2382 514 2447 Ἔτι
538 2375 571 2449 δὲ
595 2385 649 2449 καί
671 2391 691 2458 ι)
717 2380 793 2476 σάρξ
818 2411 876 2476 μου
893 2401 951 2451 κα·
1005 2389 1137 2471 quiesoet
1148 2389 1178 2453 in
1190 2385 1418 2470 spe.Noneni1n
1429 2385 1615 2468 derelinques
1625 2382 1754 2447 aninum

200 2487 400 2561 τασκηνώσει
422 2488 469 2554 ἐπ’
485 2482 598 2556 ἑλπίδι·
616 2496 651 2556 οό
667 2491 727 2584 γαρ
750 2490 950 2581 καταλείψεις
1005 2512 1100 2560 meum
1121 2496 1153 2560 iu
1168 2495 1291 2574 inferno,
1307 2513 1404 2578 neque
1417 2493 1502 2559 dubis
1515 2502 1649 2558 sanetum
1671 2499 1754 2556 tuum

200 2591 259 2667 τὴν
283 2591 386 2684 ψυχήν
411 2620 469 2684 μου
495 2602 536 2674 εἰς
559 2599 614 2664 τόν
638 2591 729 2684 ᾅδην,
746 2592 817 2667 οὐδὲ
841 2591 950 2678 δώσεις
1003 2603 1106 2668 ridere
1119 2601 1344 2685 curruptionem.
1362 2600 1455 2666 Notus
1475 2599 1546 2663 mihi
1568 2597 1663 2665 iecisti
1684 2597 1753 2663 viae

200 2703 256 2767 τόν
281 2704 363 2768 ὅσιόν
396 2729 450 2771 σου
477 2698 550 2772 ίδεϊν
581 2699 758 2800 διαφθοράν·
781 2703 950 2802 ὡδήγηοάς
1001 2712 1135 2796 justitiae,
1156 2708 1333 2792 adimplebis
1351 2727 1400 2774 me
1420 2707 1525 2774 raetiiiu
1545 2724 1644 2772 uorem
1664 2705 1753 2772 ruitu

202 2833 241 2898 με
264 2801 352 2887 ὁδοὺς
376 2803 583 2892 δικαιοσύνης,
601 2817 771 2904 ἐμπλήσεις
789 2841 828 2906 με
845 2822 950 2906 εὐρρο-
1003 2829 1064 2885 ιυο.
1090 2841 1104 2877 ι
1132 2817 1229 2900 Igitur
1248 2833 1267 2880 ο
1287 2815 1374 2882 Putre
1394 2815 1486 2880 uritur
1505 2813 1700 2898 etetopruptiu
1721 2813 1752 2877 in

202 2915 294 2993 πίνης
318 2917 422 2983 ἔναντι
445 2929 501 2985 τοῦ
525 2921 691 3011 προσώπου
709 2947 773 2988 σου.
792 2925 874 3015 ’Άρα
897 2920 948 2990 οὖν
1003 2925 1174 2992 memorium
1189 2925 1253 3007 ejus
1267 2923 1317 3008 qui
1329 2930 1513 2988 surrecturus
1523 2932 1579 3003 est,
1593 2930 1625 2986 ut
1635 2938 1751 2986 omnem

203 3027 244 3099 είς
273 3024 469 3112 μνημόσυνον
494 3025 579 3116 παρὰ
601 3030 723 3119 Πατρός
746 3031 949 3122 προσγίνεται
1003 3053 1089 3101 suam
1103 3050 1260 3118 capessens
1279 3032 1477 3097 hereditatem
1499 3029 1629 3110 uPutre,
1645 3028 1752 3094 merito

199 3137 219 3204 ή
245 3133 475 3224 στηλογραρία,
496 3132 665 3222 μέλλοντος
689 3134 882 3214 ἀνίστασθαι,
899 3140 949 3202 ἵνα
1001 3140 1066 3223 jure
1087 3139 1138 3204 nat
1150 3138 1315 3204 omiestium
1329 3147 1359 3203 et
1373 3137 1554 3203 terrestrium
1574 3143 1604 3201 et
1621 3133 1752 3200 interno·

200 3245 303 3300 πᾶσαν
320 3241 417 3301 αὑτοῦ
430 3239 639 3327 κληρονομίαν
652 3239 849 3328 κτησάμενος
865 3238 950 3328 παρὰ
1005 3265 1068 3312 rum
1091 3246 1266 3312 dominator.

200 3343 333 3433 Πατρός,
356 3345 543 3434 ἐπουρανίων
566 3344 620 3408 καί
643 3347 786 3438 ἐπιγείων
810 3346 863 3411 καί
886 3369 949 3411 κα·

199 3448 373 3540 ταχθονίων
398 3442 523 3529 δικαίως
547 3451 648 3541 κύριος
676 3453 836 3544 [γίνηταιγ.

244 3558 306 3622 Καὶ
321 3560 352 3623 ὲν
369 3557 463 3649 ἑτέρῳ
481 3550 515 3624 δὲ
530 3559 634 3626 πάλιν·
651 3561 786 3650 Ψαλμός
809 3570 856 3644 τῷ
873 3563 950 3652 ἀγα·
1043 3570 1082 3634 nt
1104 3568 1134 3632 in
1154 3567 1213 3632 etio
1228 3565 1341 3650 psalmo
1354 3566 1460 3632 denuo:
1477 3566 1618 3631 Ρυοίιιιυε
1638 3566 1749 3631 murto.

199 3675 292 3750 ποτῷ
306 3663 339 3748 ³}-
365 3668 417 3743 Τίς
442 3658 468 3732 δ’
494 3666 530 3733 ἂν
548 3669 594 3742 εἴη
621 3673 637 3733 ὁ
662 3669 826 3762 ἀγαπητὸς
843 3668 948 3746 ἄλλος,
1003 3675 1078 3754 Quis
1094 3693 1177 3758 porro
1190 3675 1248 3740 erit
1261 3673 1337 3739 eiius
1351 3673 1486 3753 diieutne,
1500 3692 1589 3757 quam
1610 3672 1748 3752 Verbum,

202 3773 270 3837 ἀλλ’
296 3772 316 3847 ἢ
342 3778 357 3837 ό
375 3781 451 3851 Παῖς
465 3785 522 3840 τοῦ
540 3782 621 3843 Θεοῦ
640 3777 748 3869 Λόγος,
766 3781 782 3841 ό
797 3778 857 3867 πρό
872 3781 950 3841 ἑωσ-
1002 3781 1078 3847 Puer
1098 3781 1163 3864 Dei,
1179 3791 1249 3847 ante
1269 3779 1430 3846 Luciferum
1444 3781 1576 3862 genitus,
1590 3798 1641 3864 per
1662 3797 1749 3865 quern

199 3881 291 3971 φόρου
315 3880 485 3973 γεννηθεὶς,
510 3875 548 3948 δι’
566 3880 601 3949 σί
623 3884 666 3949 τὰ
682 3885 787 3951 πάντα
804 3887 972 3956 ἐποίησεν.
1002 3890 1100 3955 omnia
1120 3889 1208 3955 Pater
1228 3889 1321 3955 iecit?
1342 3889 1392 3954 iiie
1410 3897 1456 3954 est
1475 3889 1611 3968 dilectus,
1633 3887 1671 3953 de
1691 3905 1749 3971 quo

201 3991 217 4050 ό
231 3988 351 4079 iterim
365 3984 454 4065 οὗτος
467 3994 482 4053 ό
497 3993 671 4082 ἀγαπητός,
684 3994 755 4085 περὶ
767 3989 802 4059 οὗ
816 3999 831 4058 ό
845 3993 950 4059 ἁπόό-
1003 3995 1027 4060 is
1041 3996 1091 4079 qni
1106 3995 1143 4060 du
1157 3995 1230 4062 coeio
1248 4003 1305 4073 eet,
1319 3994 1457 4060 clamarit
1471 3993 1587 4060 dicens:
1606 3993 1686 4057 σΗίο
1706 4003 1752 4058 est

203 4104 293 4183 ρανοῦ
316 4094 452 4187 κέκραγε
475 4097 586 4189 λέγων·
610 4094 708 4176 Οὗτός
732 4105 815 4164 ἐστιν
837 4106 852 4165 ό
878 4101 948 4178 Υἱός
1001 4101 1092 4167 Filius
1102 4117 1184 4166 meus
1198 4101 1332 4180 dilectus,
1345 4100 1376 4164 in
1387 4117 1447 4183 quo
1459 4097 1637 4183 compiuoui;
1655 4097 1751 4181 ipsum

200 4224 259 4288 μου
283 4205 300 4264 ὁ
324 4204 499 4293 ἀγαπητός,
522 4209 563 4282 είς
587 4203 621 4269 ὃν
645 4197 812 4280 εὐδόκησα·
833 4207 948 4273 τούτου
1002 4208 1141 4274 audite.»
1165 4207 1250 4286 Quod
1272 4206 1396 4273 veroid
1422 4205 1544 4289 scriptio
1572 4206 1690 4282 innuet,
1714 4206 1752 4271 de

200 4305 331 4371 ἀκούετε
345 4307 467 4395 4).“’οτι
485 4301 518 4375 δὲ
541 4319 635 4376 τοῦτο
660 4315 806 4401 σημαίνει
828 4318 848 4386 ή
874 4338 949 4406 γρα-
1003 4332 1062 4396 quo
1081 4313 1163 4380 dicit:
1187 4315 1269 4379 uilio
1288 4313 1413 4379 diieotus
1434 4331 1516 4378 meus
1536 4322 1620 4391 estu
1643 4311 1752 4378 olumnt

80 4461 83 4466 -
200 4411 254 4501 φή,
278 4413 332 4477 καί
355 4416 425 4506 περί
452 4415 567 4482 τούτου
598 4417 693 4509 λέγει·
717 4420 752 4485 Ὁ
784 4421 949 4513 ἀγαπητός
1004 4420 1144 4503 psalmon,
1160 4428 1191 4485 et
1211 4419 1262 4484 uit:
1287 4417 1471 4487 enrueurit
1491 4435 1542 4485 our
1562 4435 1659 4484 meum
1678 4418 1751 4486 Ver·

200 4516 289 4596 οίιτός
306 4526 400 4600 ἐστιν,
420 4525 479 4608 βοᾷ
501 4528 517 4587 ό
542 4521 663 4616 ψαλμδς
679 4526 733 4591 καί
748 4526 844 4619 λέγει·
859 4521 950 4605 Ἐξη·
1005 4529 1073 4594 bum
1095 4529 1240 4593 bonum.»

203 4623 331 4720 ρείιξατο
354 4635 374 4704 ri
401 4622 513 4730 καρδία
539 4655 598 4720 μου
621 4634 720 4725 Λόγον
745 4633 863 4726 ἀγαθόν
878 4634 910 4719 5).

241 4807 264 4871 ¹)
283 4822 294 4862 1
312 4808 384 4863 Tim·
399 4823 440 4878 1¹1,
458 4807 498 4866 13.
512 4839 545 4888 ὲ
556 4808 583 4874 ²)
598 4813 697 4871 πάντως
710 4811 737 4878 6,
755 4809 796 4866 14.
811 4840 846 4853 —-
859 4811 883 4875 ³)
903 4813 948 4867 Pe.
1006 4816 1054 4882 des
1067 4817 1107 4870 Le
1122 4816 1205 4871 Coeur
1214 4811 1372 4868 admirable
1381 4811 1416 4866 de
1426 4811 1454 4864 tu
1464 4811 1565 4866 tres-S.
1577 4811 1617 4866 Μ.
1629 4811 1664 4866 de
1676 4813 1751 4868 Βίου

202 4912 279 4965 nuru,
301 4895 372 4964 1‚2.
391 4927 427 4939 -
440 4898 465 4963 ⁴)
484 4899 587 4953 Mutth.
607 4915 657 4970 ιιι,
681 4898 722 4955 18.
742 4931 777 4943 -
790 4899 813 4966 5)
832 4900 949 4975 ’Aratri-
1006 4926 1034 4978 p.
1044 4904 1108 4974 276,
1120 4903 1183 4972 296,
1197 4905 1242 4958 nbi
1262 4902 1368 4957 texitur
1380 4906 1479 4955 rutena
1491 4903 1604 4955 testium
1618 4902 1750 4972 usquead

203 4991 290 5044 Vetus
303 5003 336 5041 ευ
350 4987 547 5058 fecundissime
559 4989 752 5059 interpretatio
766 5008 828 5061 quae
842 4991 950 5046 uPetru
1007 4995 1206 5065 Augustinum3
1220 4991 1287 5044 udde
1299 4989 1432 5045 Basilium
1446 4990 1493 5061 qui
1507 4989 1580 5044 idem
1592 4992 1709 5058 excutit,
1723 4996 1752 5045 et

204 5079 336 5130 Damieuu
349 5081 377 5130 et
388 5076 529 5130 Beruurdo
546 5077 683 5131 uberrime
694 5084 850 5150 propagate
862 5085 906 5134 est
916 5079 950 5134 ed
1006 5081 1155 5136 Eusebium
1167 5080 1330 5150 Gaurion,
1341 5080 1387 5151 qui
1398 5079 1438 5133 uti
1450 5079 1580 5147 Auienus,
1595 5077 1748 5148 redarguit,

202 5167 324 5237 optimos
333 5171 361 5219 et
373 5167 542 5221 recentiores
552 5165 699 5238 theologos
711 5169 759 5239 qni
769 5168 949 5236 secretissimi
1006 5175 1035 5222 et
1052 5169 1203 5240 origenem
1216 5168 1298 5240 paulo
1309 5167 1394 5237 infru,
1414 5173 1442 5222 et
1452 5167 1499 5222 hio
1511 5167 1630 5223 rorum
1644 5167 1751 5239 Hippo-

203 5255 487 5313 renuntiaveras
499 5257 614 5312 εοιιιίιίί
628 5263 702 5313 sunt.
716 5257 756 5312 Gi.
769 5259 837 5314 Veu.
852 5257 883 5314 P.
896 5261 951 5316 Eu·
1006 5260 1104 5332 lytum,
1123 5259 1182 5315 hue
1200 5259 1296 5316 Romu
1314 5257 1467 5329 dueentem,
1486 5273 1519 5311 ιιο
1537 5256 1645 5312 taudem
1665 5255 1749 5313 Meli-
