4064 6108
171 373 178 386 ‘
216 365 275 431 296
547 295 549 298 Ι
809 355 860 424 ltu
881 351 1165 422 ataxluultlttls

215 510 342 592 tauris,
362 514 393 576 2⁰
414 519 518 576 sancta
537 507 681 586 Ecclesia,
703 508 734 572 30
755 504 854 571 anima
874 503 980 583 fidelis,
1002 506 1068 570 siae
1088 503 1127 568 ad
1139 499 1270 568 ordinem
1291 507 1395 566 euecta
1410 497 1681 582 supernaturalem:
1705 513 1766 580 quo

214 617 323 702 triplici
342 615 462 682 cardine
482 623 542 680 tota
562 613 691 679 vertitur
710 610 853 690 allegoria
873 627 944 674 uere
964 607 1135 673 christiana.
1159 606 1313 672 colunnae
1335 603 1522 670 Tabammrrtls'
1541 612 1611 669 sont
1631 603 1765 668 duanam

215 725 368 790 Eccleslae.
391 720 718 798 emunctoriorum,
741 719 808 784 libri
830 716 917 799 Legis
936 722 968 781 et
988 715 1208 799 prophetarum.
1232 712 1365 778 dathus
1388 709 1587 790 Tudoraoccli,
1609 709 1765 775 multitudo

215 830 358 910 fidelium,
374 829 441 894 fidel
456 828 586 894 vinculis
601 835 691 908 atque
712 823 930 907 Scripturarum
950 822 1104 906 praeceptis
1125 836 1278 902 suspensa.
1303 817 1412 884 Sancta
1432 823 1607 897 semmaa,
1624 815 1764 882 interiora

214 936 297 1020 regni
318 934 455 1000 caelorum
481 935 536 1024 (τὰ
559 926 707 1024 ἐνδότερον
730 943 788 1007 τῆς
814 931 984 1016 βασιλείας,
1000 945 1080 1010 saepe
1094 943 1191 1008 graeca
1204 925 1358 1007 emicanti.
1374 924 1442 988 ouo
1456 922 1620 1003 amatu,
1636 923 1695 987 duo
1710 922 1766 987 'le-

215 1052 370 1110 stamenta.
380 1043 465 1108 drea
480 1041 660 1119 Testamenti,
682 1038 824 1104 Ecclesia.
842 1035 1081 1119 Propittotoriom
1094 1053 1178 1116 saper
1191 1033 1282 1114 droa,
1299 1030 1434 1098 Christus
1449 1029 1481 1094 iu
1502 1028 1598 1112 capite
1613 1026 1762 1091 Ecclesiae.

218 1151 349 1229 Quattuor
359 1149 455 1212 areoli
463 1152 550 1222 cord,
558 1155 684 1224 quatuor
694 1143 913 1226 evangeliorum
924 1141 1056 1219 libri,ael
1066 1140 1232 1224 spirituales
1244 1143 1274 1205 iu
1285 1139 1446 1225 Scripturis
1456 1137 1596 1204 circuitus
1604 1129 1769 1230 (περίοδοι,

218 1257 324 1322 iterum
345 1256 377 1319 in
399 1252 484 1320 Claoi
504 1249 832 1336 praemonuerunt
854 1247 986 1329 centies).
1009 1247 1291 1320 Consurrectum
1312 1248 1483 1329 saluatoris,
1499 1247 1608 1313 munda
1623 1252 1766 1329 perpetuo

220 1362 395 1428 Divinitatis
416 1380 521 1445 sapore
545 1360 667 1442 (duram
687 1357 765 1422 euim
787 1356 867 1421 Deus
888 1365 944 1432 eat,
965 1371 1054 1435 supra
1076 1373 1105 1434 p.
1129 1354 1191 1432 10).
1215 1353 1329 1433 Menan,
1351 1353 1495 1419 Dominus
1513 1355 1599 1418 lesus
1620 1349 1764 1429 Christus,

219 1471 270 1554 qui
290 1479 338 1537 est
358 1470 477 1536 relectio
497 1468 668 1534 electorum.
693 1463 914 1541 Candelabrum,
930 1479 1035 1546 corpus
1052 1459 1185 1538 Domini,
1201 1459 1250 1525 uel
1264 1459 1405 1525 Ecclesia.
1423 1459 1689 1544 Septemiacum,
1704 1475 1769 1540 sep·

219 1577 339 1644 tllorme
352 1575 494 1641 Ecclesiae
507 1578 722 1639 sacramentum
747 1571 851 1654 (Supra
873 1588 903 1653 p.
928 1569 1047 1648 08111).
1063 1567 1101 1632 Et
1113 1565 1172 1630 alia
1186 1566 1240 1644 lbi,
1254 1564 1362 1649 quibus
1375 1568 1433 1649 hic,
1449 1567 1526 1632 utin
1540 1575 1603 1631 toto
1622 1575 1655 1630 et
1672 1563 1770 1648 splen-

219 1683 288 1749 dido
308 1682 457 1763 allegoriae
477 1681 647 1748 christinam
668 1678 792 1758 theatro,
814 1676 954 1761 panditur
977 1691 1146 1756 «magnum
1167 1672 1287 1756 pietatis
1307 1683 1533 1756 sacramentum,
1549 1673 1628 1756 quod
1647 1671 1770 1737 manile-

218 1799 329 1855 statum
349 1799 394 1856 est
413 1808 444 1854 m
464 1806 569 1870 earne,
588 1785 781 1871 justificatum
803 1786 833 1849 im
857 1783 981 1866 spiritu,
1004 1782 1144 1866 apparuit
1180 1780 1313 1863 angelis,
1335 1779 1526 1864 predicatum
1552 1788 1599 1846 est
1624 1775 1772 1860 gentibus,

222 1896 364 1962 creditum
384 1905 429 1962 est
449 1897 481 1961 lu
502 1893 620 1974 mundo,
644 1901 829 1974 assumptum
848 1899 894 1956 est
914 1891 945 1956 ia
966 1890 1057 1972 gloria
1073 1890 1139 1968 ¹).a

258 2004 344 2069 Nunc
364 2022 433 2070 aero
453 2002 603 2068 Philonem
623 2003 780 2065 adeamus:
804 1998 847 2063 illi
870 1996 1095 2062 damnatum
1116 2004 1162 2061 est
1176 1996 1300 2061 virtutis
1314 1996 1455 2062 tancane
1468 1994 1643 2079 symbolum,
1669 1997 1768 2071 σκηνὴ

169 2153 172 2160 -
219 2105 416 2201 συμῧολικῶς
430 2104 507 2177 οὖσα
521 2107 681 2200 ἀνθρώπου
697 2109 794 2199 ἀρετή
810 2105 843 2186 11).
859 2139 897 2152 —-
916 2105 1005 2183 Arca,
1025 2103 1176 2186 sapientie
1193 2104 1393 2186 simulacrum,
1416 2107 1523 2197 σοφίας
1548 2108 1621 2186 [siue
1635 2103 1771 2184 articulo,

219 2219 395 2300 generatim)
410 2218 617 2306 ἀπεικόνισμα
630 2216 683 2281 καὶ
695 2216 825 2305 μίμημα
839 2219 870 2298 1).
887 2249 927 2259 -
941 2213 1056 2293 Mensa,
1073 2213 1168 2295 imago
1183 2222 1306 2296 quatuor
1319 2214 1537 2294 elementorum,
1552 2229 1674 2295 quorum
1698 2209 1772 2275 tule-

224 2325 287 2390 riut
302 2323 477 2390 emblemata
499 2321 577 2403 thus,
600 2321 772 2403 galbanum,
794 2320 943 2405 onychen,
965 2330 1078 2387 stacten
1091 2323 1132 2403 1).
1149 2359 1189 2368 -
1204 2321 1314 2402 ditare,
1330 2330 1413 2403 grata
1434 2319 1576 2404 sapientis
1589 2318 1772 2398 vitiamine,

222 2440 241 2510 at
258 2434 439 2524 εὐχάριστος
452 2443 507 2498 τοῦ
521 2441 614 2523 σοφοῦ
627 2430 711 2522 ψυχή
728 2432 761 2511 1).
777 2465 813 2476 -
830 2429 1076 2511 Propitiotorium
1091 2449 1181 2512 supra
1200 2428 1276 2512 quod
1294 2427 1373 2491 Deru
1395 2427 1528 2510 loqutus,
1544 2445 1651 2507 sermo,
1674 2444 1771 2492 rerum

222 2540 325 2622 auriga
340 2549 495 2622 elvestat,
513 2541 594 2605 ὥστε
610 2541 737 2629 ἡνίοχον
756 2538 810 2628 μὲν
829 2532 984 2603 εἶναιτῶν
1001 2528 1171 2626 δυνάμεων,
1194 2538 1248 2604 τὸν
1271 2538 1376 2631 λόγον,
1396 2563 1425 2604 κ.
1442 2563 1472 2604 τ.
1489 2543 1512 2602 ἑ.
1528 2537 1551 2621 ⁰)
1568 2572 1606 2583 -
1621 2535 1688 2600 Dato
1704 2537 1775 2602 Cite-

221 2644 327 2724 rttbim,
342 2643 443 2709 mundi
456 2643 607 2709 amborum
622 2642 891 2727 hemisphaeriorum
906 2645 1003 2724 sigua,
1022 2637 1164 2733 obpssolar
1177 2654 1240 2710 τῶν
1251 2646 1457 2736 ἡμισφαιρίων
1471 2648 1584 2736 ἀμφοῖν
1600 2643 1632 2730 7).
1648 2679 1685 2691 -
1699 2643 1773 2707 Curt-
1810 2682 1815 2692 ·

223 2751 381 2830 aluham,
402 2759 498 2816 motus
517 2751 680 2816 caelestium
694 2751 807 2816 orbium
821 2751 858 2828 8).
875 2786 913 2797 -
934 2749 998 2814 Arc
1010 2751 1131 2832 suffitus,
1148 2761 1225 2814 terra
1243 2749 1275 2815 in
1289 2749 1385 2814 medio
1399 2751 1507 2816 mundo
1520 2769 1663 2835 suspensa
1680 2753 1718 2831 1).
1736 2785 1774 2796 -

224 2857 305 2937 Quid
318 2876 390 2942 ergo
404 2867 517 2942 septem
532 2859 679 2924 luceruae‘l
695 2858 839 2922 abluisse
852 2866 899 2923 sat
912 2858 979 2936 erit,
992 2857 1099 2940 inquit,
1112 2858 1191 2942 quod
1205 2869 1317 2940 septem
1332 2859 1520 2925 erraticorum
1533 2859 1661 2927 siderum
1673 2879 1776 2926 cursus

222 2965 414 3030 simulacrum
431 2965 463 3029 lit
477 2965 532 3031 hoc
546 2982 658 3030 sacrum
674 2965 891 3046 candelabrum,
907 2984 973 3029 oum
991 2973 1104 3048 septem
1118 2965 1243 3030 lucernis
1256 2966 1459 3050 superpositis.
1476 2967 1641 3048 Quomodo,
1658 2967 1775 3050 rogabit

222 3073 330 3157 aliquis
349 3075 413 3154 (uec
427 3073 532 3137 lrustra
542 3072 588 3154 ill
603 3071 786 3153 despondeo,
799 3073 868 3155 quia
882 3073 958 3138 sicut
973 3072 1109 3150 lucernae,
1121 3073 1164 3135 sic
1174 3081 1204 3137 et
1216 3072 1396 3155 planetarum
1408 3075 1681 3158 quisquepraelucet
1691 3077 1739 3156 11).
1759 3101 1773 3136 a

261 3179 336 3259 Quae
347 3179 465 3263 quidem
476 3178 598 3245 vesania
614 3185 731 3244 nostros
746 3178 960 3249 Alexandrinos
974 3179 1047 3244 adeo
1061 3177 1298 3261 incestituram
1313 3180 1468 3246 interillos
1480 3183 1566 3266 longe
1580 3184 1775 3265 grauissimus

221 3298 252 3355 et
272 3287 357 3353 facile
377 3286 564 3353 doctissimus
579 3296 637 3368 est,
654 3285 788 3352 Clemens
808 3285 871 3365 ille,
892 3285 1021 3368 uestigia
1041 3285 1174 3350 Philonis
1195 3286 1227 3352 in
1247 3287 1302 3353 bac
1322 3290 1424 3355 eadem
1445 3291 1556 3356 theoria
1577 3291 1784 3357 Taberuaouli.

224 3395 341 3461 triverit
356 3392 545 3479 pedetentim.
562 3392 609 3458 llil
624 3412 740 3478 quoque
755 3394 867 3460 Sancta
880 3400 1044 3459 sambrum
1056 3405 1126 3460 suut
1140 3394 1269 3460 medium
1283 3397 1351 3460 eoeli
1371 3408 1402 3462 et
1422 3406 1518 3478 terrm,
1534 3408 1587 3463 aut
1603 3399 1771 3482 symbolum

227 3503 317 3566 totius
332 3501 434 3567 mundi
450 3501 498 3584 11);
514 3499 557 3564 illi
572 3520 623 3582 per
634 3501 850 3567 Candelabrum
864 3502 1029 3568 adeelerati
1050 3514 1119 3567 suut
1139 3512 1235 3570 motus
1249 3513 1359 3588 septem
1374 3505 1556 3587 planetarum
1570 3507 1639 3585 ¹²1.»
1657 3533 1670 3568 a
1687 3505 1776 3570 Porro

225 3620 325 3676 autem
339 3627 437 3675 aureae
452 3609 595 3692 imagines
609 3609 794 3692 (Cherubim),
811 3619 935 3692 utraque
949 3629 1001 3675 sex
1016 3608 1126 3676 habeas
1141 3609 1214 3693 alas,
1231 3621 1283 3678 aut
1297 3611 1370 3675 duaa
1386 3628 1480 3690 ursas,
1496 3609 1664 3692 significant
1683 3611 1727 3693 (1),
1744 3620 1776 3676 ut

228 3717 348 3801 quidam
363 3718 482 3796 uolunt,
497 3724 558 3798 aut,
574 3719 652 3801 quod
675 3719 773 3801 magis
788 3715 925 3800 quadrat,
941 3716 999 3782 duo
1013 3716 1219 3798 hemispheria
1236 3718 1287 3801 (1).
1304 3716 1361 3782 Sed
1375 3736 1464 3800 quum
1480 3716 1607 3784 habeant
1619 3717 1776 3784 Cherubim

227 3823 380 3890 duodecim
395 3825 468 3905 alas,
486 3843 537 3908 per
550 3825 691 3891 circulum
706 3825 895 3891 zodiacum...
912 3824 1083 3909 significant
1099 3826 1241 3892 muudum
1254 3826 1390 3892 sensilem
1402 3826 1453 3908 ¹³).
1469 3847 1483 3886 o
1499 3830 1572 3902 Quae
1585 3825 1685 3892 statim
1698 3825 1777 3892 idem

232 3931 341 4014 tragico
362 3932 490 3998 carmine
510 3932 625 3999 erudite
645 3943 677 3998 et
696 3934 848 4016 eleganter
868 3935 1032 4000 confirmat.
1053 3934 1183 4000 Tandem
1202 3943 1272 4000 sunt
1299 3934 1495 4001 tintinnabula
1516 3944 1646 4001 trecenta
1672 3945 1703 4002 et
1723 3955 1777 4002 se-

229 4043 363 4121 xaginta,
385 4059 441 4108 meo
461 4042 537 4127 plus,
560 4062 615 4108 neo
636 4043 743 4124 miuus,
765 4043 925 4126 pendentia
945 4062 962 4110 a
983 4053 1068 4110 veste
1091 4042 1172 4108 talari
1189 4041 1347 4124 pontilicis,
1363 4061 1417 4108 neo
1438 4042 1495 4108 nisi
1510 4060 1641 4108 annuum
1662 4054 1778 4126 tempus

265 4189 291 4266 1)
306 4190 401 4246 ll'im.
422 4207 463 4260 111,
479 4191 609 4258 ιιι-ν)
627 4189 737 4246 Philon.
757 4209 820 4262 opp.
839 4191 974 4266 Mamgey.
1030 4207 1086 4246 non
1104 4191 1139 4244 ad
1158 4190 1300 4244 Christum
1318 4188 1550 4260 intelligendum,
1570 4190 1599 4245 iu
1620 4209 1700 4264 quem
1721 4209 1776 4248 nom

226 4283 247 4337 t.
265 4297 292 4352 t,
310 4297 340 4351 p.
359 4278 422 4351 222,
443 4299 468 4335 r.
487 4282 516 4350 7,
536 4282 564 4338 8.
578 4281 650 4343 -31
674 4282 715 4338 lb.
736 4297 765 4349 ιι,
785 4282 814 4335 7.
835 4283 911 4359 -41
932 4284 975 4338 lb.
1030 4281 1195 4348 crediderat3
1214 4279 1263 4334 sed
1281 4282 1313 4332 ut
1326 4278 1388 4332 inde
1400 4281 1491 4349 magia
1510 4285 1667 4351 appareret,
1687 4296 1778 4352 quam·

219 4386 246 4436 .ι,
263 4367 328 4439 504,
347 4370 394 4428 12.
413 4403 449 4414 -
466 4371 490 4438 5)
510 4375 551 4430 lb.
573 4390 610 4440 ιι,
629 4370 693 4440 255,
716 4369 759 4431 10.
780 4403 816 4415 -
838 4376 861 4438 1)
882 4375 924 4429 15.
945 4389 976 4441 ιι,
1032 4374 1089 4425 tum
1108 4371 1221 4424 intersit
1239 4373 1332 4424 utrum
1345 4366 1379 4421 ad
1392 4367 1534 4424 Christum
1546 4367 1653 4422 referas
1669 4370 1774 4437 omnia,

229 4456 288 4514 150.
309 4490 344 4503 -
357 4458 382 4525 7)
403 4462 445 4516 lo.
465 4478 485 4528 ι,
510 4459 634 4530 113,23·,
647 4477 679 4523 ιι,
702 4458 819 4532 150,10.
840 4491 874 4502 -
889 4460 913 4526 8)
933 4461 976 4518 lb.
1031 4463 1247 4529 propterquam
1266 4471 1330 4510 aare
1356 4458 1397 4510 sic
1416 4454 1491 4510 dicta
1515 4460 1596 4522 sumt,
1616 4471 1651 4509 am
1670 4462 1777 4527 praeter

229 4545 289 4614 150,
303 4546 350 4603 38.
366 4551 438 4615 -1)
458 4551 501 4606 lo.
516 4564 547 4616 ιι,
565 4545 625 4617 150,
642 4545 688 4604 34.
701 4579 737 4592 -
750 4546 786 4614 10)
801 4549 844 4605 lo.
865 4547 929 4618 504,
949 4549 976 4620 53
1032 4545 1112 4601 illum
1122 4544 1263 4618 quaslibet
1276 4549 1452 4618 conjecturas
1462 4543 1587 4617 quolibet
1600 4546 1701 4598 mentis
1715 4562 1779 4601 aeu-

226 4651 258 4703 ιι,
278 4633 339 4703 150,
359 4634 404 4692 43.
424 4637 535 4693 Similia
553 4637 586 4691 de
606 4653 672 4693 area
690 4639 758 4705 Noe,
778 4638 863 4692 immo
882 4637 979 4710 putida
1031 4638 1105 4691 mine
1119 4638 1306 4709 persequaris.
1321 4657 1334 4688 s
1348 4667 1383 4678 -
1401 4635 1438 4702 11)
1452 4637 1556 4692 Strom.
1571 4653 1598 4689 a.
1615 4635 1724 4692 Patrai.
1738 4652 1779 4704 rx,

228 4723 394 4795 absidicula,
407 4727 582 4798 Augustinus
595 4729 668 4784 Ado.
684 4729 783 4784 Faust.
798 4726 818 4783 1.
832 4741 883 4795 ιιι,
897 4731 978 4781 nota·-
1031 4723 1085 4780 ool.
1105 4723 1140 4778 57
1159 4725 1192 4778 Β.
1211 4754 1247 4767 -
1266 4721 1306 4795 12)
1321 4725 1364 4779 lu.
1379 4722 1432 4779 eol.
1451 4721 1487 4776 60
1499 4725 1533 4780 Α.
1547 4751 1584 4766 -·
1601 4721 1637 4789 1³)
1658 4723 1700 4779 15.
1721 4722 1775 4779 col.

231 4814 281 4881 vit,
301 4820 330 4869 et
348 4831 430 4887 quam
448 4821 528 4871 cauto
545 4823 575 4872 et
589 4821 687 4873 acute:
705 4843 718 4866 a
729 4817 808 4873 Vidit
826 4816 878 4872 hoo
898 4813 978 4870 Philo
1031 4812 1063 4869 ol
1085 4817 1118 4870 B.
1131 4845 1167 4856 -
1186 4816 1224 4870 Ut
1241 4829 1328 4885 supro
1338 4811 1467 4867 Philonia
1478 4813 1599 4868 editores
1617 4809 1730 4884 singula
1744 4810 1779 4865 ad

230 4903 357 4975 quidam,
377 4905 420 4959 vir
438 4904 595 4961 liberaliter
613 4903 830 4972 eruditissimus,
851 4922 921 4961 unua
940 4903 978 4958 il·
1034 4903 1201 4958 Clementem
1211 4902 1356 4970 reducunt,
1366 4903 1407 4956 its
1415 4902 1449 4956 ad
1460 4902 1627 4958 Clementem
1637 4904 1776 4957 rariorum

233 4990 339 5061 lorum,
359 4997 442 5065 eujus
461 4991 599 5064 eloquium
619 4995 710 5049 Graeci
733 4992 843 5050 Platoni
867 5009 979 5065 aequsre
1034 4998 1106 5048 notae
1120 4991 1215 5046 eadem
1227 4991 1399 5046 referuntad
1413 4991 1569 5046 Philonem.
1582 4993 1634 5048 Sed
1648 4991 1710 5046 loca
1730 5006 1782 5062 pa-

227 5098 288 5135 mon
302 5081 441 5150 dubitant,
454 5089 483 5136 et
496 5091 609 5137 conatus
622 5089 665 5136 est
681 5082 774 5155 aliqua
788 5083 978 5154 interpretari,
1033 5081 1132 5136 rallela
1145 5083 1269 5154 pressius
1283 5085 1310 5135 et
1319 5081 1503 5136 abuudantius
1513 5081 1610 5154 colligi
1624 5087 1779 5155 oporteret.
