<?xml version="1.0" encoding="UTF-8"?>
<!DOCTYPE html PUBLIC "-//W3C//DTD XHTML 1.0 Transitional//EN"
    "http://www.w3.org/TR/xhtml1/DTD/xhtml1-transitional.dtd">
<html xmlns="http://www.w3.org/1999/xhtml" xml:lang="en" lang="en">
 <head>
  <title>
</title>
<meta http-equiv="Content-Type" content="text/html;charset=utf-8" />
  <meta name='ocr-system' content='tesseract 3.04.00' />
  <meta name='ocr-capabilities' content='ocr_page ocr_carea ocr_par ocr_line ocrx_word'/>
</head>
<body>
  <div class='ocr_page' id='page_1' title='image "./analectasacrasp01pitrgoog_0230.png"; bbox 0 0 3978 6086; ppageno 0'>
   <div class='ocr_carea' id='block_1_1' title="bbox 326 516 1282 586">
    <p class='ocr_par' dir='ltr' id='par_1_1' title="bbox 326 516 1282 586">
     <span class='ocr_line' id='line_1_1' title="bbox 326 516 1282 586; baseline 0.003 -6"><span class='ocrx_word' id='word_1_1' title='bbox 326 516 384 582; x_wconf 81' lang='grc'>171</span> <span class='ocrx_word' id='word_1_2' title='bbox 907 516 1077 585; x_wconf 75' lang='lat' dir='ltr'>SANCTUS</span> <span class='ocrx_word' id='word_1_3' title='bbox 1095 517 1282 586; x_wconf 78' lang='lat' dir='ltr'>attactus</span> 
     </span>
    </p>
   </div>
   <div class='ocr_carea' id='block_1_2' title="bbox 323 666 1987 772">
    <p class='ocr_par' dir='ltr' id='par_1_2' title="bbox 323 666 1987 772">
     <span class='ocr_line' id='line_1_2' title="bbox 323 666 1987 772; baseline 0.002 -38"><span class='ocrx_word' id='word_1_4' title='bbox 323 669 506 754; x_wconf 85' lang='lat' dir='ltr'>insignitam.</span> <span class='ocrx_word' id='word_1_5' title='bbox 516 669 536 750; x_wconf 81' lang='lat'>¹)</span> <span class='ocrx_word' id='word_1_6' title='bbox 550 667 693 736; x_wconf 80' lang='lat' dir='ltr'>dbercius</span> <span class='ocrx_word' id='word_1_7' title='bbox 702 668 792 749; x_wconf 90' lang='lat' dir='ltr'>anim,</span> <span class='ocrx_word' id='word_1_8' title='bbox 805 668 905 753; x_wconf 82' lang='lat' dir='ltr'>Papira</span> <span class='ocrx_word' id='word_1_9' title='bbox 915 669 1087 755; x_wconf 88' lang='lat' dir='ltr'>discipulus,</span> <span class='ocrx_word' id='word_1_10' title='bbox 1100 671 1369 754; x_wconf 82' lang='lat' dir='ltr'>Joauuamquoqua</span> <span class='ocrx_word' id='word_1_11' title='bbox 1378 666 1527 734; x_wconf 84' lang='lat' dir='ltr'>audivisse</span> <span class='ocrx_word' id='word_1_12' title='bbox 1538 666 1656 736; x_wconf 88' lang='lat' dir='ltr'>videtur</span> <span class='ocrx_word' id='word_1_13' title='bbox 1670 671 1847 738; x_wconf 85' lang='lat' dir='ltr'>scribentem</span> <span class='ocrx_word' id='word_1_14' title='bbox 1863 693 1871 736; x_wconf 76' lang='grc' dir='ltr'><strong><em>ε</em></strong></span> <span class='ocrx_word' id='word_1_15' title='bbox 1985 725 1987 772; x_wconf 67' lang='lat'>,</span> 
     </span>
    </p>
   </div>
   <div class='ocr_carea' id='block_1_3' title="bbox 320 767 1873 3741">
    <p class='ocr_par' dir='ltr' id='par_1_3' title="bbox 323 767 1361 872">
     <span class='ocr_line' id='line_1_3' title="bbox 323 767 1361 872; baseline -0.002 -29"><span class='ocrx_word' id='word_1_16' title='bbox 323 776 383 843; x_wconf 72' lang='grc' dir='ltr'>Καὶ</span> <span class='ocrx_word' id='word_1_17' title='bbox 407 767 487 844; x_wconf 75' lang='grc' dir='ltr'>εἶδον</span> <span class='ocrx_word' id='word_1_18' title='bbox 511 775 606 842; x_wconf 78' lang='grc' dir='ltr'>ἄλλον</span> <span class='ocrx_word' id='word_1_19' title='bbox 630 777 794 870; x_wconf 74' lang='grc' dir='ltr'>ἄγγελον...</span> <span class='ocrx_word' id='word_1_20' title='bbox 818 778 934 868; x_wconf 81' lang='grc' dir='ltr'>ἔχοντα</span> <span class='ocrx_word' id='word_1_21' title='bbox 956 771 1112 872; x_wconf 75' lang='grc' dir='ltr'>σφραγῖδα</span> <span class='ocrx_word' id='word_1_22' title='bbox 1134 786 1213 846; x_wconf 78' lang='grc' dir='ltr'>Θεοῦ</span> <span class='ocrx_word' id='word_1_23' title='bbox 1237 773 1361 858; x_wconf 83' lang='grc' dir='ltr'>ζῶντος.</span> 
     </span>
    </p>

    <p class='ocr_par' dir='ltr' id='par_1_4' title="bbox 320 879 1873 3538">
     <span class='ocr_line' id='line_1_4' title="bbox 361 879 1873 967; baseline 0.004 -21"><span class='ocrx_word' id='word_1_24' title='bbox 361 899 394 946; x_wconf 89' lang='lat' dir='ltr'>v.</span> <span class='ocrx_word' id='word_1_25' title='bbox 416 882 467 947; x_wconf 88' lang='lat' dir='ltr'>tt.</span> <span class='ocrx_word' id='word_1_26' title='bbox 488 881 557 948; x_wconf 85' lang='lat' dir='ltr'>ldox</span> <span class='ocrx_word' id='word_1_27' title='bbox 578 880 682 948; x_wconf 89' lang='lat' dir='ltr'>N&#39;oster</span> <span class='ocrx_word' id='word_1_28' title='bbox 702 881 824 948; x_wconf 87' lang='lat' dir='ltr'>Paulum</span> <span class='ocrx_word' id='word_1_29' title='bbox 845 882 1034 964; x_wconf 78' lang='lat' dir='ltr'>adducturus,</span> <span class='ocrx_word' id='word_1_30' title='bbox 1051 883 1133 964; x_wconf 90' lang='lat' dir='ltr'>prius</span> <span class='ocrx_word' id='word_1_31' title='bbox 1145 885 1238 949; x_wconf 92' lang='lat' dir='ltr'>verba</span> <span class='ocrx_word' id='word_1_32' title='bbox 1265 884 1329 967; x_wconf 88' lang='lat' dir='ltr'>ejus</span> <span class='ocrx_word' id='word_1_33' title='bbox 1349 883 1483 965; x_wconf 80' lang='lat' dir='ltr'><strong>reponit:</strong></span> <span class='ocrx_word' id='word_1_34' title='bbox 1506 882 1618 948; x_wconf 79' lang='grc' dir='ltr'>ἔπειτα</span> <span class='ocrx_word' id='word_1_35' title='bbox 1641 879 1739 958; x_wconf 81' lang='grc' dir='ltr'>ἦλθον</span> <span class='ocrx_word' id='word_1_36' title='bbox 1764 891 1805 962; x_wconf 74' lang='grc' dir='ltr'>εἰς</span> <span class='ocrx_word' id='word_1_37' title='bbox 1829 886 1873 952; x_wconf 78' lang='grc' dir='ltr'>τά</span> 
     </span>
     <span class='ocr_line' id='line_1_5' title="bbox 321 986 1871 1080; baseline 0.002 -26"><span class='ocrx_word' id='word_1_38' title='bbox 321 991 463 1079; x_wconf 76' lang='grc' dir='ltr'>κλίματα</span> <span class='ocrx_word' id='word_1_39' title='bbox 490 999 548 1066; x_wconf 78' lang='grc' dir='ltr'>τῆς</span> <span class='ocrx_word' id='word_1_40' title='bbox 576 990 695 1080; x_wconf 77' lang='grc' dir='ltr'><strong>Συρίας.</strong></span> <span class='ocrx_word' id='word_1_41' title='bbox 710 987 733 1070; x_wconf 84' lang='lat'>²)</span> <span class='ocrx_word' id='word_1_42' title='bbox 750 988 857 1056; x_wconf 83' lang='lat' dir='ltr'>Verum</span> <span class='ocrx_word' id='word_1_43' title='bbox 871 989 1026 1054; x_wconf 88' lang='lat' dir='ltr'>obscurum</span> <span class='ocrx_word' id='word_1_44' title='bbox 1045 1000 1145 1056; x_wconf 87' lang='lat' dir='ltr'>manet</span> <span class='ocrx_word' id='word_1_45' title='bbox 1163 989 1318 1073; x_wconf 77' lang='lat' dir='ltr'>multiplex</span> <span class='ocrx_word' id='word_1_46' title='bbox 1338 986 1453 1052; x_wconf 79' lang='lat' dir='ltr'>bbercii</span> <span class='ocrx_word' id='word_1_47' title='bbox 1469 987 1534 1052; x_wconf 88' lang='lat' dir='ltr'>iter.</span> <span class='ocrx_word' id='word_1_48' title='bbox 1556 987 1591 1053; x_wconf 95' lang='lat' dir='ltr'>lu</span> <span class='ocrx_word' id='word_1_49' title='bbox 1606 989 1689 1056; x_wconf 75' lang='lat' dir='ltr'>Actis</span> <span class='ocrx_word' id='word_1_50' title='bbox 1704 991 1798 1055; x_wconf 90' lang='lat' dir='ltr'>solum</span> <span class='ocrx_word' id='word_1_51' title='bbox 1819 1010 1871 1057; x_wconf 94' lang='lat' dir='ltr'>ur-</span> 
     </span>
     <span class='ocr_line' id='line_1_6' title="bbox 321 1093 1870 1182; baseline 0.001 -22"><span class='ocrx_word' id='word_1_52' title='bbox 321 1103 407 1178; x_wconf 89' lang='lat' dir='ltr'>getur</span> <span class='ocrx_word' id='word_1_53' title='bbox 427 1103 576 1182; x_wconf 88' lang='lat' dir='ltr'>certamen</span> <span class='ocrx_word' id='word_1_54' title='bbox 596 1113 663 1162; x_wconf 93' lang='lat' dir='ltr'>cum</span> <span class='ocrx_word' id='word_1_55' title='bbox 682 1095 884 1176; x_wconf 83' lang='lat' dir='ltr'>daemonibus;</span> <span class='ocrx_word' id='word_1_56' title='bbox 900 1116 955 1182; x_wconf 86' lang='lat' dir='ltr'>nuc</span> <span class='ocrx_word' id='word_1_57' title='bbox 968 1097 1024 1163; x_wconf 91' lang='lat' dir='ltr'>uisi</span> <span class='ocrx_word' id='word_1_58' title='bbox 1039 1098 1140 1181; x_wconf 90' lang='lat' dir='ltr'>inepte</span> <span class='ocrx_word' id='word_1_59' title='bbox 1152 1104 1321 1181; x_wconf 74' lang='lat' dir='ltr'>negaretur,</span> <span class='ocrx_word' id='word_1_60' title='bbox 1336 1105 1398 1162; x_wconf 92' lang='lat' dir='ltr'>tum</span> <span class='ocrx_word' id='word_1_61' title='bbox 1418 1111 1437 1157; x_wconf 89' lang='lat' dir='ltr'>a</span> <span class='ocrx_word' id='word_1_62' title='bbox 1457 1093 1616 1178; x_wconf 92' lang='lat' dir='ltr'>primordio</span> <span class='ocrx_word' id='word_1_63' title='bbox 1635 1096 1677 1160; x_wconf 89' lang='lat' dir='ltr'>rei</span> <span class='ocrx_word' id='word_1_64' title='bbox 1698 1095 1870 1163; x_wconf 84' lang='lat' dir='ltr'>christianae</span> 
     </span>
     <span class='ocr_line' id='line_1_7' title="bbox 321 1201 1873 1286; baseline 0.001 -18"><span class='ocrx_word' id='word_1_65' title='bbox 321 1202 429 1286; x_wconf 88' lang='lat' dir='ltr'>ubique</span> <span class='ocrx_word' id='word_1_66' title='bbox 449 1212 592 1269; x_wconf 88' lang='lat' dir='ltr'>terrarum</span> <span class='ocrx_word' id='word_1_67' title='bbox 611 1202 756 1268; x_wconf 85' lang='lat' dir='ltr'>exarsisse</span> <span class='ocrx_word' id='word_1_68' title='bbox 774 1202 937 1268; x_wconf 67' lang='lat' dir='ltr'>monicum</span> <span class='ocrx_word' id='word_1_69' title='bbox 956 1203 1084 1280; x_wconf 88' lang='lat' dir='ltr'>bellum;</span> <span class='ocrx_word' id='word_1_70' title='bbox 1109 1211 1170 1268; x_wconf 90' lang='lat' dir='ltr'>tum</span> <span class='ocrx_word' id='word_1_71' title='bbox 1189 1203 1283 1270; x_wconf 90' lang='lat' dir='ltr'>aciem</span> <span class='ocrx_word' id='word_1_72' title='bbox 1302 1201 1481 1284; x_wconf 77' lang='lat' dir='ltr'>praecipuam</span> <span class='ocrx_word' id='word_1_73' title='bbox 1503 1201 1604 1266; x_wconf 76' lang='lat' dir='ltr'>Romae</span> <span class='ocrx_word' id='word_1_74' title='bbox 1617 1201 1745 1284; x_wconf 84' lang='lat' dir='ltr'>stetisse,</span> <span class='ocrx_word' id='word_1_75' title='bbox 1762 1203 1812 1268; x_wconf 93' lang='lat' dir='ltr'>ubi</span> <span class='ocrx_word' id='word_1_76' title='bbox 1827 1205 1873 1269; x_wconf 89' lang='lat' dir='ltr'>la-</span> 
     </span>
     <span class='ocr_line' id='line_1_8' title="bbox 321 1306 1873 1395; baseline 0.001 -22"><span class='ocrx_word' id='word_1_77' title='bbox 321 1308 497 1391; x_wconf 88' lang='lat' dir='ltr'>migeratam</span> <span class='ocrx_word' id='word_1_78' title='bbox 517 1306 595 1370; x_wconf 85' lang='lat' dir='ltr'>Patri</span> <span class='ocrx_word' id='word_1_79' title='bbox 609 1326 676 1372; x_wconf 93' lang='lat' dir='ltr'>cum</span> <span class='ocrx_word' id='word_1_80' title='bbox 696 1307 814 1373; x_wconf 87' lang='lat' dir='ltr'>Simone</span> <span class='ocrx_word' id='word_1_81' title='bbox 834 1307 1080 1375; x_wconf 81' lang='lat' dir='ltr'>conflictationem</span> <span class='ocrx_word' id='word_1_82' title='bbox 1099 1307 1252 1389; x_wconf 79' lang='lat' dir='ltr'>abercius,</span> <span class='ocrx_word' id='word_1_83' title='bbox 1275 1325 1340 1372; x_wconf 93' lang='lat' dir='ltr'>cum</span> <span class='ocrx_word' id='word_1_84' title='bbox 1360 1324 1474 1373; x_wconf 89' lang='lat' dir='ltr'>vesano</span> <span class='ocrx_word' id='word_1_85' title='bbox 1493 1307 1599 1391; x_wconf 90' lang='lat' dir='ltr'>spiritu</span> <span class='ocrx_word' id='word_1_86' title='bbox 1620 1309 1746 1388; x_wconf 89' lang='lat' dir='ltr'>luctans,</span> <span class='ocrx_word' id='word_1_87' title='bbox 1765 1328 1873 1395; x_wconf 92' lang='lat' dir='ltr'>prope-</span> 
     </span>
     <span class='ocr_line' id='line_1_9' title="bbox 321 1412 1872 1498; baseline 0.001 -18"><span class='ocrx_word' id='word_1_88' title='bbox 321 1413 440 1480; x_wconf 87' lang='lat' dir='ltr'>modum</span> <span class='ocrx_word' id='word_1_89' title='bbox 459 1412 627 1479; x_wconf 87' lang='lat' dir='ltr'>reuovavit.</span> <span class='ocrx_word' id='word_1_90' title='bbox 651 1412 709 1480; x_wconf 89' lang='lat' dir='ltr'>Sed</span> <span class='ocrx_word' id='word_1_91' title='bbox 728 1414 819 1479; x_wconf 89' lang='lat' dir='ltr'>menti</span> <span class='ocrx_word' id='word_1_92' title='bbox 842 1414 898 1480; x_wconf 92' lang='lat' dir='ltr'>tria</span> <span class='ocrx_word' id='word_1_93' title='bbox 917 1415 1060 1482; x_wconf 86' lang='lat' dir='ltr'>subeunt:</span> <span class='ocrx_word' id='word_1_94' title='bbox 1084 1414 1228 1498; x_wconf 91' lang='lat' dir='ltr'>primum,</span> <span class='ocrx_word' id='word_1_95' title='bbox 1250 1433 1317 1481; x_wconf 91' lang='lat' dir='ltr'>cum</span> <span class='ocrx_word' id='word_1_96' title='bbox 1337 1413 1491 1498; x_wconf 76' lang='lat' dir='ltr'>epistulam</span> <span class='ocrx_word' id='word_1_97' title='bbox 1510 1413 1652 1480; x_wconf 78' lang='lat' dir='ltr'>Abercius</span> <span class='ocrx_word' id='word_1_98' title='bbox 1678 1414 1717 1480; x_wconf 91' lang='lat' dir='ltr'>ad</span> <span class='ocrx_word' id='word_1_99' title='bbox 1737 1415 1872 1483; x_wconf 88' lang='lat' dir='ltr'>ldarcum</span> 
     </span>
     <span class='ocr_line' id='line_1_10' title="bbox 320 1518 1869 1604; baseline 0.003 -20"><span class='ocrx_word' id='word_1_100' title='bbox 320 1519 472 1586; x_wconf 80' lang='lat' dir='ltr'>aurelium</span> <span class='ocrx_word' id='word_1_101' title='bbox 492 1518 655 1603; x_wconf 78' lang='lat' dir='ltr'>scripserit,</span> <span class='ocrx_word' id='word_1_102' title='bbox 675 1519 803 1586; x_wconf 79' lang='lat' dir='ltr'>baronio</span> <span class='ocrx_word' id='word_1_103' title='bbox 821 1519 937 1602; x_wconf 90' lang='lat' dir='ltr'>lectam,</span> <span class='ocrx_word' id='word_1_104' title='bbox 960 1520 1039 1588; x_wconf 90' lang='lat' dir='ltr'>haud</span> <span class='ocrx_word' id='word_1_105' title='bbox 1061 1521 1179 1587; x_wconf 89' lang='lat' dir='ltr'>ultimus</span> <span class='ocrx_word' id='word_1_106' title='bbox 1198 1521 1257 1586; x_wconf 93' lang='lat' dir='ltr'>erit</span> <span class='ocrx_word' id='word_1_107' title='bbox 1276 1521 1352 1586; x_wconf 87' lang='lat' dir='ltr'>inter</span> <span class='ocrx_word' id='word_1_108' title='bbox 1372 1521 1592 1604; x_wconf 85' lang='lat' dir='ltr'>pmtagouistas</span> <span class='ocrx_word' id='word_1_109' title='bbox 1614 1522 1690 1602; x_wconf 92' lang='lat' dir='ltr'>illos,</span> <span class='ocrx_word' id='word_1_110' title='bbox 1702 1522 1869 1602; x_wconf 80' lang='lat' dir='ltr'>lustinum,</span> 
     </span>
     <span class='ocr_line' id='line_1_11' title="bbox 321 1625 1868 1714; baseline 0.001 -21"><span class='ocrx_word' id='word_1_111' title='bbox 321 1626 505 1708; x_wconf 85' lang='lat' dir='ltr'>idelitonem,</span> <span class='ocrx_word' id='word_1_112' title='bbox 521 1625 716 1708; x_wconf 87' lang='lat' dir='ltr'>Quadratum,</span> <span class='ocrx_word' id='word_1_113' title='bbox 730 1627 901 1710; x_wconf 78' lang='lat' dir='ltr'>Aristidem,</span> <span class='ocrx_word' id='word_1_114' title='bbox 917 1629 967 1714; x_wconf 91' lang='lat' dir='ltr'>qui</span> <span class='ocrx_word' id='word_1_115' title='bbox 981 1629 1126 1696; x_wconf 88' lang='lat' dir='ltr'>vindicias</span> <span class='ocrx_word' id='word_1_116' title='bbox 1144 1627 1270 1694; x_wconf 90' lang='lat' dir='ltr'>nominis</span> <span class='ocrx_word' id='word_1_117' title='bbox 1283 1627 1437 1694; x_wconf 86' lang='lat' dir='ltr'>christiani</span> <span class='ocrx_word' id='word_1_118' title='bbox 1450 1645 1549 1693; x_wconf 90' lang='lat' dir='ltr'>coram</span> <span class='ocrx_word' id='word_1_119' title='bbox 1567 1629 1617 1694; x_wconf 94' lang='lat' dir='ltr'>illo</span> <span class='ocrx_word' id='word_1_120' title='bbox 1637 1629 1735 1694; x_wconf 88' lang='lat' dir='ltr'>Marco</span> <span class='ocrx_word' id='word_1_121' title='bbox 1755 1627 1868 1708; x_wconf 78' lang='lat' dir='ltr'>dixere,</span> 
     </span>
     <span class='ocr_line' id='line_1_12' title="bbox 321 1733 1872 1818; baseline 0.001 -18"><span class='ocrx_word' id='word_1_122' title='bbox 321 1744 352 1800; x_wconf 89' lang='lat' dir='ltr'>et</span> <span class='ocrx_word' id='word_1_123' title='bbox 370 1733 487 1800; x_wconf 91' lang='lat' dir='ltr'>libellos</span> <span class='ocrx_word' id='word_1_124' title='bbox 506 1751 576 1800; x_wconf 87' lang='lat' dir='ltr'>suos</span> <span class='ocrx_word' id='word_1_125' title='bbox 596 1733 695 1799; x_wconf 88' lang='lat' dir='ltr'>valvis</span> <span class='ocrx_word' id='word_1_126' title='bbox 716 1735 776 1801; x_wconf 88' lang='lat' dir='ltr'>lere</span> <span class='ocrx_word' id='word_1_127' title='bbox 789 1737 920 1818; x_wconf 79' lang='lat' dir='ltr'>pretorii</span> <span class='ocrx_word' id='word_1_128' title='bbox 933 1737 1073 1803; x_wconf 87' lang='lat' dir='ltr'>audacter</span> <span class='ocrx_word' id='word_1_129' title='bbox 1086 1739 1250 1801; x_wconf 80' lang='lat' dir='ltr'>aflixerunt.</span> <span class='ocrx_word' id='word_1_130' title='bbox 1266 1735 1424 1815; x_wconf 80' lang='lat' dir='ltr'>Praeterea,</span> <span class='ocrx_word' id='word_1_131' title='bbox 1440 1753 1563 1818; x_wconf 89' lang='lat' dir='ltr'>quume</span> <span class='ocrx_word' id='word_1_132' title='bbox 1582 1736 1674 1801; x_wconf 79' lang='lat' dir='ltr'>boma</span> <span class='ocrx_word' id='word_1_133' title='bbox 1695 1735 1786 1801; x_wconf 87' lang='lat' dir='ltr'>redux</span> <span class='ocrx_word' id='word_1_134' title='bbox 1806 1737 1872 1802; x_wconf 91' lang='lat' dir='ltr'>suis</span> 
     </span>
     <span class='ocr_line' id='line_1_13' title="bbox 320 1833 1871 1927; baseline 0.001 -22"><span class='ocrx_word' id='word_1_135' title='bbox 320 1839 433 1907; x_wconf 87' lang='lat' dir='ltr'>clericis</span> <span class='ocrx_word' id='word_1_136' title='bbox 452 1838 613 1908; x_wconf 71' lang='lat' dir='ltr'>dictaverit</span> <span class='ocrx_word' id='word_1_137' title='bbox 632 1833 847 1923; x_wconf 73' lang='grc' dir='ltr'>διδασκαλίαν,</span> <span class='ocrx_word' id='word_1_138' title='bbox 861 1861 985 1927; x_wconf 90' lang='lat' dir='ltr'>pronum</span> <span class='ocrx_word' id='word_1_139' title='bbox 1004 1852 1050 1909; x_wconf 89' lang='lat' dir='ltr'>ast</span> <span class='ocrx_word' id='word_1_140' title='bbox 1069 1841 1195 1926; x_wconf 90' lang='lat' dir='ltr'>opinari,</span> <span class='ocrx_word' id='word_1_141' title='bbox 1210 1860 1277 1908; x_wconf 91' lang='lat' dir='ltr'>eum</span> <span class='ocrx_word' id='word_1_142' title='bbox 1297 1859 1356 1907; x_wconf 90' lang='lat' dir='ltr'>nou</span> <span class='ocrx_word' id='word_1_143' title='bbox 1375 1842 1539 1925; x_wconf 75' lang='lat' dir='ltr'>neglexisse</span> <span class='ocrx_word' id='word_1_144' title='bbox 1557 1842 1705 1908; x_wconf 82' lang='lat' dir='ltr'>humanas</span> <span class='ocrx_word' id='word_1_145' title='bbox 1718 1841 1871 1908; x_wconf 86' lang='lat' dir='ltr'>Christia-</span> 
     </span>
     <span class='ocr_line' id='line_1_14' title="bbox 321 1941 1870 2035; baseline 0.003 -23"><span class='ocrx_word' id='word_1_146' title='bbox 321 1966 423 2013; x_wconf 91' lang='lat' dir='ltr'>norum</span> <span class='ocrx_word' id='word_1_147' title='bbox 443 1947 524 2031; x_wconf 83' lang='lat' dir='ltr'>leges</span> <span class='ocrx_word' id='word_1_148' title='bbox 543 1956 575 2014; x_wconf 89' lang='lat' dir='ltr'>et</span> <span class='ocrx_word' id='word_1_149' title='bbox 594 1946 820 2014; x_wconf 79' lang='lat' dir='ltr'>consuetudines</span> <span class='ocrx_word' id='word_1_150' title='bbox 840 1948 996 2032; x_wconf 89' lang='lat' dir='ltr'>colligere,</span> <span class='ocrx_word' id='word_1_151' title='bbox 1019 1967 1093 2032; x_wconf 87' lang='lat' dir='ltr'>quas</span> <span class='ocrx_word' id='word_1_152' title='bbox 1112 1948 1257 2031; x_wconf 78' lang='lat' dir='ltr'>singulari</span> <span class='ocrx_word' id='word_1_153' title='bbox 1277 1941 1345 2013; x_wconf 87' lang='lat' dir='ltr'>cum</span> <span class='ocrx_word' id='word_1_154' title='bbox 1366 1965 1524 2030; x_wconf 86' lang='lat' dir='ltr'>consensu,</span> <span class='ocrx_word' id='word_1_155' title='bbox 1546 1948 1712 2014; x_wconf 86' lang='lat' dir='ltr'>Orientalas</span> <span class='ocrx_word' id='word_1_156' title='bbox 1731 1961 1870 2035; x_wconf 85' lang='lat' dir='ltr'>acceptas</span> 
     </span>
     <span class='ocr_line' id='line_1_15' title="bbox 326 2055 1868 2140; baseline 0.003 -18"><span class='ocrx_word' id='word_1_157' title='bbox 326 2059 457 2124; x_wconf 87' lang='lat' dir='ltr'>rclcruut</span> <span class='ocrx_word' id='word_1_158' title='bbox 475 2057 543 2125; x_wconf 91' lang='lat' dir='ltr'>sive</span> <span class='ocrx_word' id='word_1_159' title='bbox 562 2057 703 2124; x_wconf 86' lang='lat' dir='ltr'>Clementi</span> <span class='ocrx_word' id='word_1_160' title='bbox 724 2057 867 2138; x_wconf 89' lang='lat' dir='ltr'>liomauo,</span> <span class='ocrx_word' id='word_1_161' title='bbox 886 2057 952 2124; x_wconf 88' lang='lat' dir='ltr'>sive</span> <span class='ocrx_word' id='word_1_162' title='bbox 971 2056 1132 2140; x_wconf 79' lang='lat' dir='ltr'>Hippolyto</span> <span class='ocrx_word' id='word_1_163' title='bbox 1151 2055 1313 2122; x_wconf 89' lang='lat' dir='ltr'>Portueusi.</span> <span class='ocrx_word' id='word_1_164' title='bbox 1330 2057 1352 2138; x_wconf 78' lang='lat'>³)</span> <span class='ocrx_word' id='word_1_165' title='bbox 1375 2055 1409 2122; x_wconf 93' lang='lat' dir='ltr'>ld</span> <span class='ocrx_word' id='word_1_166' title='bbox 1430 2055 1557 2140; x_wconf 90' lang='lat' dir='ltr'>denique</span> <span class='ocrx_word' id='word_1_167' title='bbox 1569 2075 1618 2120; x_wconf 91' lang='lat' dir='ltr'>me</span> <span class='ocrx_word' id='word_1_168' title='bbox 1638 2060 1733 2139; x_wconf 86' lang='lat' dir='ltr'>magis</span> <span class='ocrx_word' id='word_1_169' title='bbox 1753 2070 1868 2140; x_wconf 91' lang='lat' dir='ltr'>movet,</span> 
     </span>
     <span class='ocr_line' id='line_1_16' title="bbox 321 2161 1869 2250; baseline -0.001 -19"><span class='ocrx_word' id='word_1_170' title='bbox 321 2165 501 2250; x_wconf 85' lang='lat' dir='ltr'>propiusque</span> <span class='ocrx_word' id='word_1_171' title='bbox 520 2165 558 2231; x_wconf 92' lang='lat' dir='ltr'>ad</span> <span class='ocrx_word' id='word_1_172' title='bbox 576 2165 757 2249; x_wconf 89' lang='lat' dir='ltr'>epigmmma</span> <span class='ocrx_word' id='word_1_173' title='bbox 778 2165 901 2245; x_wconf 89' lang='lat' dir='ltr'>accedit,</span> <span class='ocrx_word' id='word_1_174' title='bbox 923 2164 955 2229; x_wconf 92' lang='lat' dir='ltr'>iu</span> <span class='ocrx_word' id='word_1_175' title='bbox 975 2182 1033 2248; x_wconf 88' lang='lat' dir='ltr'>quo</span> <span class='ocrx_word' id='word_1_176' title='bbox 1054 2162 1161 2228; x_wconf 91' lang='lat' dir='ltr'>dicitur</span> <span class='ocrx_word' id='word_1_177' title='bbox 1181 2162 1323 2227; x_wconf 73' lang='lat' dir='ltr'>abercius</span> <span class='ocrx_word' id='word_1_178' title='bbox 1337 2163 1439 2227; x_wconf 87' lang='lat' dir='ltr'>turbas</span> <span class='ocrx_word' id='word_1_179' title='bbox 1462 2161 1493 2225; x_wconf 91' lang='lat' dir='ltr'>in</span> <span class='ocrx_word' id='word_1_180' title='bbox 1512 2161 1681 2227; x_wconf 89' lang='lat' dir='ltr'>concionem</span> <span class='ocrx_word' id='word_1_181' title='bbox 1701 2165 1869 2244; x_wconf 89' lang='lat' dir='ltr'>vacavisse,</span> 
     </span>
     <span class='ocr_line' id='line_1_17' title="bbox 324 2266 1867 2356; baseline 0 -20"><span class='ocrx_word' id='word_1_182' title='bbox 324 2273 412 2356; x_wconf 85' lang='lat' dir='ltr'>inque</span> <span class='ocrx_word' id='word_1_183' title='bbox 433 2289 616 2337; x_wconf 91' lang='lat' dir='ltr'>communem</span> <span class='ocrx_word' id='word_1_184' title='bbox 635 2287 752 2336; x_wconf 87' lang='lat' dir='ltr'>sensum</span> <span class='ocrx_word' id='word_1_185' title='bbox 771 2270 939 2336; x_wconf 81' lang='lat' dir='ltr'>adduxisse.</span> <span class='ocrx_word' id='word_1_186' title='bbox 963 2270 1043 2351; x_wconf 86' lang='lat' dir='ltr'>Quid</span> <span class='ocrx_word' id='word_1_187' title='bbox 1063 2269 1157 2352; x_wconf 85' lang='lat' dir='ltr'>ergol</span> <span class='ocrx_word' id='word_1_188' title='bbox 1177 2269 1322 2336; x_wconf 81' lang='lat' dir='ltr'>Fervente</span> <span class='ocrx_word' id='word_1_189' title='bbox 1345 2266 1475 2352; x_wconf 88' lang='lat' dir='ltr'>paschali</span> <span class='ocrx_word' id='word_1_190' title='bbox 1489 2268 1700 2350; x_wconf 90' lang='lat' dir='ltr'>coutmversia,</span> <span class='ocrx_word' id='word_1_191' title='bbox 1715 2289 1781 2336; x_wconf 93' lang='lat' dir='ltr'>cum</span> <span class='ocrx_word' id='word_1_192' title='bbox 1802 2271 1867 2336; x_wconf 87' lang='lat' dir='ltr'>Pc-</span> 
     </span>
     <span class='ocr_line' id='line_1_18' title="bbox 322 2372 1871 2461; baseline 0 -19"><span class='ocrx_word' id='word_1_193' title='bbox 322 2379 454 2461; x_wconf 80' lang='lat' dir='ltr'>lycarpo,</span> <span class='ocrx_word' id='word_1_194' title='bbox 475 2397 542 2444; x_wconf 91' lang='lat' dir='ltr'>cum</span> <span class='ocrx_word' id='word_1_195' title='bbox 555 2377 680 2455; x_wconf 81' lang='lat' dir='ltr'>lreuaeo,</span> <span class='ocrx_word' id='word_1_196' title='bbox 695 2376 773 2443; x_wconf 90' lang='lat' dir='ltr'>baud</span> <span class='ocrx_word' id='word_1_197' title='bbox 787 2377 875 2460; x_wconf 91' lang='lat' dir='ltr'>pauci</span> <span class='ocrx_word' id='word_1_198' title='bbox 889 2376 1056 2442; x_wconf 85' lang='lat' dir='ltr'>Orientales</span> <span class='ocrx_word' id='word_1_199' title='bbox 1071 2375 1183 2459; x_wconf 88' lang='lat' dir='ltr'>[quidni</span> <span class='ocrx_word' id='word_1_200' title='bbox 1197 2373 1335 2456; x_wconf 82' lang='lat' dir='ltr'>Nestori)</span> <span class='ocrx_word' id='word_1_201' title='bbox 1355 2374 1385 2439; x_wconf 92' lang='lat' dir='ltr'>iu</span> <span class='ocrx_word' id='word_1_202' title='bbox 1402 2372 1507 2438; x_wconf 89' lang='lat' dir='ltr'>Urbem</span> <span class='ocrx_word' id='word_1_203' title='bbox 1521 2372 1743 2441; x_wconf 88' lang='lat' dir='ltr'>concurrebant.</span> <span class='ocrx_word' id='word_1_204' title='bbox 1757 2375 1871 2459; x_wconf 86' lang='lat' dir='ltr'>Cuique</span> 
     </span>
     <span class='ocr_line' id='line_1_19' title="bbox 323 2479 1868 2568; baseline -0.001 -20"><span class='ocrx_word' id='word_1_205' title='bbox 323 2491 437 2567; x_wconf 91' lang='lat' dir='ltr'>uotum,</span> <span class='ocrx_word' id='word_1_206' title='bbox 459 2483 568 2550; x_wconf 89' lang='lat' dir='ltr'>multas</span> <span class='ocrx_word' id='word_1_207' title='bbox 586 2494 657 2549; x_wconf 93' lang='lat' dir='ltr'>tunc</span> <span class='ocrx_word' id='word_1_208' title='bbox 677 2482 793 2549; x_wconf 87' lang='lat' dir='ltr'>habitas</span> <span class='ocrx_word' id='word_1_209' title='bbox 812 2483 904 2549; x_wconf 88' lang='lat' dir='ltr'>luisse</span> <span class='ocrx_word' id='word_1_210' title='bbox 924 2481 980 2547; x_wconf 92' lang='lat' dir='ltr'>hac</span> <span class='ocrx_word' id='word_1_211' title='bbox 999 2483 1037 2548; x_wconf 89' lang='lat' dir='ltr'>do</span> <span class='ocrx_word' id='word_1_212' title='bbox 1056 2500 1089 2549; x_wconf 92' lang='lat' dir='ltr'>re</span> <span class='ocrx_word' id='word_1_213' title='bbox 1107 2482 1248 2568; x_wconf 78' lang='lat' dir='ltr'>synodos,</span> <span class='ocrx_word' id='word_1_214' title='bbox 1270 2479 1492 2558; x_wconf 77' lang='lat' dir='ltr'>essartanscm,</span> <span class='ocrx_word' id='word_1_215' title='bbox 1516 2479 1676 2560; x_wconf 86' lang='lat' dir='ltr'>Ponticam,</span> <span class='ocrx_word' id='word_1_216' title='bbox 1698 2480 1868 2564; x_wconf 77' lang='lat' dir='ltr'>achaicum,</span> 
     </span>
     <span class='ocr_line' id='line_1_20' title="bbox 322 2585 1871 2674; baseline -0.004 -18"><span class='ocrx_word' id='word_1_217' title='bbox 322 2589 513 2674; x_wconf 85' lang='lat' dir='ltr'>Ephesiuam,</span> <span class='ocrx_word' id='word_1_218' title='bbox 527 2590 699 2670; x_wconf 86' lang='lat' dir='ltr'>Osroeuam,</span> <span class='ocrx_word' id='word_1_219' title='bbox 716 2589 942 2667; x_wconf 80' lang='lat' dir='ltr'>seleuciensem,</span> <span class='ocrx_word' id='word_1_220' title='bbox 952 2589 1024 2671; x_wconf 89' lang='lat' dir='ltr'>quin</span> <span class='ocrx_word' id='word_1_221' title='bbox 1035 2587 1123 2654; x_wconf 93' lang='lat' dir='ltr'>immo</span> <span class='ocrx_word' id='word_1_222' title='bbox 1137 2585 1400 2670; x_wconf 71' lang='lat' dir='ltr'>hierapolitanam,</span> <span class='ocrx_word' id='word_1_223' title='bbox 1414 2595 1488 2651; x_wconf 89' lang='lat' dir='ltr'>teate</span> <span class='ocrx_word' id='word_1_224' title='bbox 1502 2585 1644 2667; x_wconf 85' lang='lat' dir='ltr'>Euschic;</span> <span class='ocrx_word' id='word_1_225' title='bbox 1659 2590 1682 2668; x_wconf 73' lang='lat'>⁴)</span> <span class='ocrx_word' id='word_1_226' title='bbox 1700 2605 1793 2670; x_wconf 88' lang='lat' dir='ltr'>eoque</span> <span class='ocrx_word' id='word_1_227' title='bbox 1807 2587 1871 2672; x_wconf 90' lang='lat' dir='ltr'>ipsu</span> 
     </span>
     <span class='ocr_line' id='line_1_21' title="bbox 324 2694 1872 2788; baseline -0.001 -26"><span class='ocrx_word' id='word_1_228' title='bbox 324 2705 466 2778; x_wconf 88' lang='lat' dir='ltr'>tempore,</span> <span class='ocrx_word' id='word_1_229' title='bbox 488 2713 580 2778; x_wconf 87' lang='lat' dir='ltr'>quum</span> <span class='ocrx_word' id='word_1_230' title='bbox 599 2694 741 2762; x_wconf 84' lang='lat' dir='ltr'>dbarcius</span> <span class='ocrx_word' id='word_1_231' title='bbox 760 2703 854 2762; x_wconf 92' lang='lat' dir='ltr'>totum</span> <span class='ocrx_word' id='word_1_232' title='bbox 875 2695 1026 2763; x_wconf 88' lang='lat' dir='ltr'>Orientem</span> <span class='ocrx_word' id='word_1_233' title='bbox 1046 2705 1234 2776; x_wconf 82' lang='lat' dir='ltr'>convocaret,</span> <span class='ocrx_word' id='word_1_234' title='bbox 1255 2695 1375 2772; x_wconf 81' lang='grc' dir='ltr'>πάντας</span> <span class='ocrx_word' id='word_1_235' title='bbox 1397 2695 1490 2786; x_wconf 79' lang='grc' dir='ltr'>ἔσχον</span> <span class='ocrx_word' id='word_1_236' title='bbox 1513 2695 1696 2788; x_wconf 68' lang='lat' dir='ltr'>cpe-sepiar.</span> <span class='ocrx_word' id='word_1_237' title='bbox 1711 2694 1781 2760; x_wconf 73' lang='lat' dir='ltr'>liam</span> <span class='ocrx_word' id='word_1_238' title='bbox 1795 2694 1872 2762; x_wconf 90' lang='lat' dir='ltr'>inter</span> 
     </span>
     <span class='ocr_line' id='line_1_22' title="bbox 323 2800 1870 2886; baseline -0.001 -18"><span class='ocrx_word' id='word_1_239' title='bbox 323 2818 355 2868; x_wconf 81' lang='lat' dir='ltr'>se</span> <span class='ocrx_word' id='word_1_240' title='bbox 375 2801 401 2864; x_wconf 87' lang='lat' dir='ltr'>si</span> <span class='ocrx_word' id='word_1_241' title='bbox 422 2800 563 2867; x_wconf 90' lang='lat' dir='ltr'>nonnullo</span> <span class='ocrx_word' id='word_1_242' title='bbox 583 2818 661 2867; x_wconf 86' lang='lat' dir='ltr'>nexu</span> <span class='ocrx_word' id='word_1_243' title='bbox 682 2800 861 2883; x_wconf 80' lang='lat' dir='ltr'>cohereant,</span> <span class='ocrx_word' id='word_1_244' title='bbox 877 2802 993 2882; x_wconf 90' lang='lat' dir='ltr'>iterum,</span> <span class='ocrx_word' id='word_1_245' title='bbox 1009 2802 1062 2868; x_wconf 88' lang='lat' dir='ltr'>sed</span> <span class='ocrx_word' id='word_1_246' title='bbox 1072 2805 1133 2886; x_wconf 88' lang='lat' dir='ltr'>jam</span> <span class='ocrx_word' id='word_1_247' title='bbox 1148 2803 1268 2882; x_wconf 88' lang='lat' dir='ltr'>trustra,</span> <span class='ocrx_word' id='word_1_248' title='bbox 1284 2802 1313 2868; x_wconf 93' lang='lat' dir='ltr'>id</span> <span class='ocrx_word' id='word_1_249' title='bbox 1328 2801 1488 2867; x_wconf 86' lang='lat' dir='ltr'>rescribere</span> <span class='ocrx_word' id='word_1_250' title='bbox 1508 2801 1600 2882; x_wconf 92' lang='lat' dir='ltr'>lubet,</span> <span class='ocrx_word' id='word_1_251' title='bbox 1622 2801 1700 2885; x_wconf 88' lang='lat' dir='ltr'>quod</span> <span class='ocrx_word' id='word_1_252' title='bbox 1720 2820 1738 2866; x_wconf 91' lang='lat' dir='ltr'>a</span> <span class='ocrx_word' id='word_1_253' title='bbox 1759 2802 1870 2885; x_wconf 91' lang='lat' dir='ltr'>viginti</span> 
     </span>
     <span class='ocr_line' id='line_1_23' title="bbox 323 2907 1871 2993; baseline 0.001 -20"><span class='ocrx_word' id='word_1_254' title='bbox 323 2909 384 2975; x_wconf 86' lang='lat' dir='ltr'>iere</span> <span class='ocrx_word' id='word_1_255' title='bbox 403 2908 490 2974; x_wconf 88' lang='lat' dir='ltr'>anuis</span> <span class='ocrx_word' id='word_1_256' title='bbox 512 2908 582 2975; x_wconf 89' lang='lat' dir='ltr'>mihi</span> <span class='ocrx_word' id='word_1_257' title='bbox 604 2907 636 2973; x_wconf 92' lang='lat' dir='ltr'>iu</span> <span class='ocrx_word' id='word_1_258' title='bbox 656 2909 736 2974; x_wconf 89' lang='lat' dir='ltr'>votis</span> <span class='ocrx_word' id='word_1_259' title='bbox 755 2919 829 2992; x_wconf 87' lang='lat' dir='ltr'>erat,</span> <span class='ocrx_word' id='word_1_260' title='bbox 846 2909 906 2976; x_wconf 89' lang='lat' dir='ltr'>lore</span> <span class='ocrx_word' id='word_1_261' title='bbox 927 2918 960 2976; x_wconf 91' lang='lat' dir='ltr'>ut</span> <span class='ocrx_word' id='word_1_262' title='bbox 981 2909 1006 2973; x_wconf 90' lang='lat' dir='ltr'>is</span> <span class='ocrx_word' id='word_1_263' title='bbox 1020 2913 1117 2993; x_wconf 89' lang='lat' dir='ltr'>parics</span> <span class='ocrx_word' id='word_1_264' title='bbox 1131 2909 1293 2990; x_wconf 83' lang='lat' dir='ltr'>foderetur,</span> <span class='ocrx_word' id='word_1_265' title='bbox 1308 2927 1399 2992; x_wconf 89' lang='lat' dir='ltr'>quum</span> <span class='ocrx_word' id='word_1_266' title='bbox 1417 2907 1456 2973; x_wconf 95' lang='lat' dir='ltr'>ad</span> <span class='ocrx_word' id='word_1_267' title='bbox 1470 2907 1551 2974; x_wconf 82' lang='lat' dir='ltr'>XXII</span> <span class='ocrx_word' id='word_1_268' title='bbox 1564 2908 1644 2974; x_wconf 73' lang='lat' dir='ltr'>dem</span> <span class='ocrx_word' id='word_1_269' title='bbox 1657 2909 1782 2974; x_wconf 87' lang='lat' dir='ltr'>octobris</span> <span class='ocrx_word' id='word_1_270' title='bbox 1796 2927 1871 2975; x_wconf 91' lang='lat' dir='ltr'>sau-</span> 
     </span>
     <span class='ocr_line' id='line_1_24' title="bbox 324 3013 1869 3102; baseline 0 -23"><span class='ocrx_word' id='word_1_271' title='bbox 324 3023 437 3080; x_wconf 92' lang='lat' dir='ltr'>ctorum</span> <span class='ocrx_word' id='word_1_272' title='bbox 448 3018 523 3080; x_wconf 82' lang='lat' dir='ltr'>dcta</span> <span class='ocrx_word' id='word_1_273' title='bbox 537 3014 747 3081; x_wconf 88' lang='lat' dir='ltr'>cribrarentur.</span> <span class='ocrx_word' id='word_1_274' title='bbox 764 3015 898 3097; x_wconf 74' lang='lat' dir='ltr'>«linire,</span> <span class='ocrx_word' id='word_1_275' title='bbox 909 3014 1038 3097; x_wconf 87' lang='lat' dir='ltr'>aiebam,</span> <span class='ocrx_word' id='word_1_276' title='bbox 1053 3015 1219 3102; x_wconf 81' lang='lat' dir='ltr'>optaverim</span> <span class='ocrx_word' id='word_1_277' title='bbox 1234 3032 1251 3080; x_wconf 91' lang='lat' dir='ltr'>a</span> <span class='ocrx_word' id='word_1_278' title='bbox 1265 3015 1446 3082; x_wconf 84' lang='lat' dir='ltr'>doctissimis</span> <span class='ocrx_word' id='word_1_279' title='bbox 1459 3013 1659 3096; x_wconf 83' lang='lat' dir='ltr'>bollandistis,</span> <span class='ocrx_word' id='word_1_280' title='bbox 1676 3013 1817 3080; x_wconf 91' lang='lat' dir='ltr'>illustrari</span> <span class='ocrx_word' id='word_1_281' title='bbox 1832 3034 1869 3082; x_wconf 84' lang='lat' dir='ltr'>ex</span> 
     </span>
     <span class='ocr_line' id='line_1_25' title="bbox 322 3119 1870 3207; baseline -0.001 -22"><span class='ocrx_word' id='word_1_282' title='bbox 322 3119 378 3186; x_wconf 93' lang='lat' dir='ltr'>hoc</span> <span class='ocrx_word' id='word_1_283' title='bbox 400 3119 486 3188; x_wconf 91' lang='lat' dir='ltr'>titulo</span> <span class='ocrx_word' id='word_1_284' title='bbox 507 3121 538 3186; x_wconf 91' lang='lat' dir='ltr'>iu</span> <span class='ocrx_word' id='word_1_285' title='bbox 558 3120 662 3205; x_wconf 91' lang='lat' dir='ltr'>primis</span> <span class='ocrx_word' id='word_1_286' title='bbox 675 3139 866 3207; x_wconf 72' lang='lat' dir='ltr'>quecumque</span> <span class='ocrx_word' id='word_1_287' title='bbox 881 3119 918 3188; x_wconf 92' lang='lat' dir='ltr'>ad</span> <span class='ocrx_word' id='word_1_288' title='bbox 932 3121 1096 3188; x_wconf 64' lang='lat' dir='ltr'>Muranum</span> <span class='ocrx_word' id='word_1_289' title='bbox 1116 3123 1174 3190; x_wconf 86' lang='lat' dir='ltr'>iter</span> <span class='ocrx_word' id='word_1_290' title='bbox 1193 3119 1309 3186; x_wconf 80' lang='lat' dir='ltr'>hbercii</span> <span class='ocrx_word' id='word_1_291' title='bbox 1332 3120 1489 3205; x_wconf 91' lang='lat' dir='ltr'>pertiueut,</span> <span class='ocrx_word' id='word_1_292' title='bbox 1505 3137 1564 3203; x_wconf 93' lang='lat' dir='ltr'>quo</span> <span class='ocrx_word' id='word_1_293' title='bbox 1577 3120 1652 3186; x_wconf 82' lang='lat' dir='ltr'>forte</span> <span class='ocrx_word' id='word_1_294' title='bbox 1666 3138 1725 3185; x_wconf 93' lang='lat' dir='ltr'>uon</span> <span class='ocrx_word' id='word_1_295' title='bbox 1745 3119 1870 3186; x_wconf 88' lang='lat' dir='ltr'>minima</span> 
     </span>
     <span class='ocr_line' id='line_1_26' title="bbox 321 3229 1868 3313; baseline -0.001 -19"><span class='ocrx_word' id='word_1_296' title='bbox 321 3229 371 3296; x_wconf 80' lang='lat' dir='ltr'>lux</span> <span class='ocrx_word' id='word_1_297' title='bbox 385 3229 414 3295; x_wconf 92' lang='lat' dir='ltr'>iu</span> <span class='ocrx_word' id='word_1_298' title='bbox 436 3229 788 3310; x_wconf 85' lang='lat' dir='ltr'>Quatuordecimanorum</span> <span class='ocrx_word' id='word_1_299' title='bbox 808 3231 921 3312; x_wconf 88' lang='lat' dir='ltr'>turbas,</span> <span class='ocrx_word' id='word_1_300' title='bbox 938 3231 969 3296; x_wconf 92' lang='lat' dir='ltr'>iu</span> <span class='ocrx_word' id='word_1_301' title='bbox 981 3231 1102 3296; x_wconf 91' lang='lat' dir='ltr'>brevem</span> <span class='ocrx_word' id='word_1_302' title='bbox 1116 3230 1195 3296; x_wconf 80' lang='lat' dir='ltr'>asiae</span> <span class='ocrx_word' id='word_1_303' title='bbox 1215 3229 1437 3310; x_wconf 88' lang='lat' dir='ltr'>discessionem,</span> <span class='ocrx_word' id='word_1_304' title='bbox 1452 3231 1718 3313; x_wconf 90' lang='lat' dir='ltr'>promptioremque</span> <span class='ocrx_word' id='word_1_305' title='bbox 1737 3229 1868 3294; x_wconf 87' lang='lat' dir='ltr'>Orientis</span> 
     </span>
     <span class='ocr_line' id='line_1_27' title="bbox 321 3335 1868 3421; baseline -0.001 -19"><span class='ocrx_word' id='word_1_306' title='bbox 321 3347 352 3403; x_wconf 93' lang='lat' dir='ltr'>et</span> <span class='ocrx_word' id='word_1_307' title='bbox 366 3337 533 3404; x_wconf 88' lang='lat' dir='ltr'>Occidentis</span> <span class='ocrx_word' id='word_1_308' title='bbox 547 3335 602 3402; x_wconf 90' lang='lat' dir='ltr'>sub</span> <span class='ocrx_word' id='word_1_309' title='bbox 615 3336 740 3404; x_wconf 82' lang='lat' dir='ltr'>Romani</span> <span class='ocrx_word' id='word_1_310' title='bbox 760 3338 911 3404; x_wconf 86' lang='lat' dir='ltr'>Pontificis</span> <span class='ocrx_word' id='word_1_311' title='bbox 924 3338 1069 3405; x_wconf 89' lang='lat' dir='ltr'>sententia</span> <span class='ocrx_word' id='word_1_312' title='bbox 1083 3337 1284 3404; x_wconf 89' lang='lat' dir='ltr'>concordiam:</span> <span class='ocrx_word' id='word_1_313' title='bbox 1301 3353 1368 3421; x_wconf 83' lang='lat' dir='ltr'>quaa</span> <span class='ocrx_word' id='word_1_314' title='bbox 1381 3345 1460 3403; x_wconf 89' lang='lat' dir='ltr'>certe</span> <span class='ocrx_word' id='word_1_315' title='bbox 1469 3335 1659 3420; x_wconf 89' lang='lat' dir='ltr'>apostolicam</span> <span class='ocrx_word' id='word_1_316' title='bbox 1675 3335 1754 3402; x_wconf 90' lang='lat' dir='ltr'>illam</span> <span class='ocrx_word' id='word_1_317' title='bbox 1767 3337 1868 3418; x_wconf 92' lang='lat' dir='ltr'>magni</span> 
     </span>
     <span class='ocr_line' id='line_1_28' title="bbox 324 3437 1663 3538; baseline -0.006 -24"><span class='ocrx_word' id='word_1_318' title='bbox 324 3443 444 3514; x_wconf 82' lang='lat' dir='ltr'>abarca</span> <span class='ocrx_word' id='word_1_319' title='bbox 465 3445 729 3528; x_wconf 89' lang='lat' dir='ltr'>peregrinationem</span> <span class='ocrx_word' id='word_1_320' title='bbox 749 3462 820 3511; x_wconf 90' lang='lat' dir='ltr'>vara</span> <span class='ocrx_word' id='word_1_321' title='bbox 842 3445 953 3513; x_wconf 83' lang='lat' dir='ltr'>iaciunt</span> <span class='ocrx_word' id='word_1_322' title='bbox 972 3445 1192 3511; x_wconf 75' lang='lat' dir='ltr'>simillimam.»</span> <span class='ocrx_word' id='word_1_323' title='bbox 1215 3477 1254 3492; x_wconf 92' lang='lat'>—</span> <span class='ocrx_word' id='word_1_324' title='bbox 1277 3445 1384 3538; x_wconf 78' lang='grc' dir='ltr'>Χώρας</span> <span class='ocrx_word' id='word_1_325' title='bbox 1408 3437 1488 3511; x_wconf 77' lang='grc' dir='ltr'>εἶδον</span> <span class='ocrx_word' id='word_1_326' title='bbox 1512 3444 1565 3510; x_wconf 81' lang='grc' dir='ltr'>καί</span> <span class='ocrx_word' id='word_1_327' title='bbox 1587 3442 1663 3508; x_wconf 89' lang='lat' dir='ltr'>llall.</span> 
     </span>
    </p>

    <p class='ocr_par' dir='ltr' id='par_1_5' title="bbox 322 3545 1868 3741">
     <span class='ocr_line' id='line_1_29' title="bbox 362 3545 1868 3631; baseline -0.003 -16"><span class='ocrx_word' id='word_1_328' title='bbox 362 3567 395 3615; x_wconf 89' lang='lat' dir='ltr'>v.</span> <span class='ocrx_word' id='word_1_329' title='bbox 419 3550 468 3613; x_wconf 91' lang='grc'>11.</span> <span class='ocrx_word' id='word_1_330' title='bbox 491 3549 650 3618; x_wconf 88' lang='lat' dir='ltr'>lucidimus</span> <span class='ocrx_word' id='word_1_331' title='bbox 670 3552 701 3617; x_wconf 93' lang='lat' dir='ltr'>iu</span> <span class='ocrx_word' id='word_1_332' title='bbox 721 3550 816 3616; x_wconf 93' lang='lat' dir='ltr'>locum</span> <span class='ocrx_word' id='word_1_333' title='bbox 831 3551 1061 3631; x_wconf 85' lang='lat' dir='ltr'>vexatissimum,</span> <span class='ocrx_word' id='word_1_334' title='bbox 1077 3570 1133 3617; x_wconf 91' lang='lat' dir='ltr'>uec</span> <span class='ocrx_word' id='word_1_335' title='bbox 1145 3552 1252 3616; x_wconf 91' lang='lat' dir='ltr'>mirum</span> <span class='ocrx_word' id='word_1_336' title='bbox 1266 3550 1314 3614; x_wconf 92' lang='lat' dir='ltr'>hic</span> <span class='ocrx_word' id='word_1_337' title='bbox 1327 3550 1436 3616; x_wconf 90' lang='lat' dir='ltr'>victum</span> <span class='ocrx_word' id='word_1_338' title='bbox 1451 3548 1591 3614; x_wconf 86' lang='lat' dir='ltr'>cecidisse</span> <span class='ocrx_word' id='word_1_339' title='bbox 1612 3547 1659 3614; x_wconf 89' lang='lat' dir='ltr'>bis</span> <span class='ocrx_word' id='word_1_340' title='bbox 1678 3545 1868 3628; x_wconf 86' lang='lat' dir='ltr'>llalloixium,</span> 
     </span>
     <span class='ocr_line' id='line_1_30' title="bbox 322 3654 1240 3741; baseline 0.003 -23"><span class='ocrx_word' id='word_1_341' title='bbox 322 3671 388 3722; x_wconf 89' lang='lat' dir='ltr'>cum</span> <span class='ocrx_word' id='word_1_342' title='bbox 408 3654 528 3722; x_wconf 87' lang='lat' dir='ltr'>mutilas</span> <span class='ocrx_word' id='word_1_343' title='bbox 548 3673 584 3721; x_wconf 92' lang='lat' dir='ltr'>ac</span> <span class='ocrx_word' id='word_1_344' title='bbox 603 3657 708 3723; x_wconf 89' lang='lat' dir='ltr'>misere</span> <span class='ocrx_word' id='word_1_345' title='bbox 730 3664 878 3722; x_wconf 88' lang='lat' dir='ltr'>truncatos</span> <span class='ocrx_word' id='word_1_346' title='bbox 899 3675 1001 3722; x_wconf 89' lang='lat' dir='ltr'>versus</span> <span class='ocrx_word' id='word_1_347' title='bbox 1021 3657 1086 3725; x_wconf 89' lang='lat' dir='ltr'>illos</span> <span class='ocrx_word' id='word_1_348' title='bbox 1106 3656 1240 3741; x_wconf 90' lang='lat' dir='ltr'>liquarit:</span> 
     </span>
    </p>
   </div>
   <div class='ocr_carea' id='block_1_4' title="bbox 632 3865 1516 4287">
    <p class='ocr_par' dir='ltr' id='par_1_6' title="bbox 676 3865 1316 3964">
     <span class='ocr_line' id='line_1_31' title="bbox 676 3865 1316 3964; baseline -0.003 -26"><span class='ocrx_word' id='word_1_349' title='bbox 676 3865 802 3954; x_wconf 67' lang='grc' dir='ltr'>Νίοιῦιν,</span> <span class='ocrx_word' id='word_1_350' title='bbox 827 3872 991 3964; x_wconf 78' lang='grc' dir='ltr'>Εὐφράτην</span> <span class='ocrx_word' id='word_1_351' title='bbox 1015 3865 1124 3950; x_wconf 60' lang='lat' dir='ltr'>brabia</span> <span class='ocrx_word' id='word_1_352' title='bbox 1147 3922 1316 3936; x_wconf 93' lang='grc'><strong>......</strong></span> 
     </span>
    </p>

    <p class='ocr_par' dir='ltr' id='par_1_7' title="bbox 632 3972 1516 4287">
     <span class='ocr_line' id='line_1_32' title="bbox 632 3972 1516 4074; baseline -0.005 -27"><span class='ocrx_word' id='word_1_353' title='bbox 632 3993 649 4020; x_wconf 83' lang='grc'><strong>“</strong></span> <span class='ocrx_word' id='word_1_354' title='bbox 675 3980 798 4058; x_wconf 83' lang='grc' dir='ltr'>Πάντας</span> <span class='ocrx_word' id='word_1_355' title='bbox 822 3972 850 4046; x_wconf 79' lang='grc' dir='ltr'>δ’</span> <span class='ocrx_word' id='word_1_356' title='bbox 865 3981 956 4071; x_wconf 82' lang='grc' dir='ltr'>ἔσχον</span> <span class='ocrx_word' id='word_1_357' title='bbox 980 3982 1152 4074; x_wconf 76' lang='grc' dir='ltr'>ὀμηγερέας</span> <span class='ocrx_word' id='word_1_358' title='bbox 1175 3983 1227 4046; x_wconf 79' lang='grc' dir='ltr'>καὶ</span> <span class='ocrx_word' id='word_1_359' title='bbox 1250 3985 1371 4046; x_wconf 86' lang='grc' dir='ltr'>Παῦλον</span> <span class='ocrx_word' id='word_1_360' title='bbox 1395 3978 1516 4046; x_wconf 83' lang='grc' dir='ltr'>ἔσωθεν.</span> 
     </span>
     <span class='ocr_line' id='line_1_33' title="bbox 677 4079 1471 4178; baseline -0.001 -25"><span class='ocrx_word' id='word_1_361' title='bbox 677 4139 1036 4153; x_wconf 91' lang='grc'><strong>............</strong></span> <span class='ocrx_word' id='word_1_362' title='bbox 1061 4092 1163 4164; x_wconf 84' lang='grc' dir='ltr'>πίστις</span> <span class='ocrx_word' id='word_1_363' title='bbox 1187 4079 1220 4152; x_wconf 72' lang='grc' dir='ltr'>δὲ</span> <span class='ocrx_word' id='word_1_364' title='bbox 1243 4096 1362 4178; x_wconf 79' lang='grc' dir='ltr'>προῆγε</span> <span class='ocrx_word' id='word_1_365' title='bbox 1465 4101 1471 4112; x_wconf 90' lang='grc'><strong>”</strong></span> 
     </span>
     <span class='ocr_line' id='line_1_34' title="bbox 675 4195 1134 4287; baseline -0.009 -24"><span class='ocrx_word' id='word_1_366' title='bbox 675 4196 782 4271; x_wconf 68' lang='grc' dir='ltr'>Πάντα</span> <span class='ocrx_word' id='word_1_367' title='bbox 809 4197 862 4262; x_wconf 75' lang='grc' dir='ltr'>καὶ</span> <span class='ocrx_word' id='word_1_368' title='bbox 885 4195 1042 4287; x_wconf 76' lang='grc' dir='ltr'>παρέθηκε</span> <span class='ocrx_word' id='word_1_369' title='bbox 1065 4199 1134 4261; x_wconf 75' lang='lat' dir='ltr'>arb.</span> 
     </span>
    </p>
   </div>
   <div class='ocr_carea' id='block_1_5' title="bbox 319 4406 1872 5034">
    <p class='ocr_par' dir='ltr' id='par_1_8' title="bbox 319 4406 1872 5034">
     <span class='ocr_line' id='line_1_35' title="bbox 322 4406 1872 4491; baseline -0.003 -15"><span class='ocrx_word' id='word_1_370' title='bbox 322 4411 479 4477; x_wconf 87' lang='lat' dir='ltr'>intricatur</span> <span class='ocrx_word' id='word_1_371' title='bbox 493 4409 618 4476; x_wconf 82' lang='lat' dir='ltr'>maxime</span> <span class='ocrx_word' id='word_1_372' title='bbox 632 4408 729 4476; x_wconf 89' lang='lat' dir='ltr'>nodus</span> <span class='ocrx_word' id='word_1_373' title='bbox 744 4410 775 4475; x_wconf 91' lang='lat' dir='ltr'>iu</span> <span class='ocrx_word' id='word_1_374' title='bbox 789 4409 844 4477; x_wconf 92' lang='lat' dir='ltr'>hoc</span> <span class='ocrx_word' id='word_1_375' title='bbox 858 4410 1001 4478; x_wconf 90' lang='lat' dir='ltr'>adverbio</span> <span class='ocrx_word' id='word_1_376' title='bbox 1013 4410 1135 4478; x_wconf 74' lang='grc' dir='ltr'>ἔσωθεν.</span> <span class='ocrx_word' id='word_1_377' title='bbox 1150 4408 1247 4489; x_wconf 86' lang='lat' dir='ltr'>Quem</span> <span class='ocrx_word' id='word_1_378' title='bbox 1259 4407 1369 4491; x_wconf 89' lang='lat' dir='ltr'>primus</span> <span class='ocrx_word' id='word_1_379' title='bbox 1383 4407 1502 4490; x_wconf 87' lang='lat' dir='ltr'>quidem</span> <span class='ocrx_word' id='word_1_380' title='bbox 1522 4406 1678 4472; x_wconf 87' lang='lat' dir='ltr'>babuerus</span> <span class='ocrx_word' id='word_1_381' title='bbox 1691 4418 1739 4472; x_wconf 89' lang='lat' dir='ltr'>sat</span> <span class='ocrx_word' id='word_1_382' title='bbox 1752 4407 1872 4472; x_wconf 86' lang='lat' dir='ltr'>deutera</span> 
     </span>
     <span class='ocr_line' id='line_1_36' title="bbox 320 4512 1868 4601; baseline -0.003 -18"><span class='ocrx_word' id='word_1_383' title='bbox 320 4518 407 4584; x_wconf 83' lang='lat' dir='ltr'>visus</span> <span class='ocrx_word' id='word_1_384' title='bbox 427 4527 472 4585; x_wconf 88' lang='lat' dir='ltr'>est</span> <span class='ocrx_word' id='word_1_385' title='bbox 490 4517 625 4600; x_wconf 85' lang='lat' dir='ltr'>solvisse,</span> <span class='ocrx_word' id='word_1_386' title='bbox 647 4516 774 4583; x_wconf 91' lang='lat' dir='ltr'>litterula</span> <span class='ocrx_word' id='word_1_387' title='bbox 795 4534 851 4583; x_wconf 92' lang='lat' dir='ltr'>uua</span> <span class='ocrx_word' id='word_1_388' title='bbox 869 4516 1021 4601; x_wconf 85' lang='lat' dir='ltr'>jugulata:</span> <span class='ocrx_word' id='word_1_389' title='bbox 1044 4516 1147 4598; x_wconf 80' lang='grc' dir='ltr'>ἕωθεν,</span> <span class='ocrx_word' id='word_1_390' title='bbox 1169 4526 1200 4582; x_wconf 91' lang='lat' dir='ltr'>et</span> <span class='ocrx_word' id='word_1_391' title='bbox 1220 4525 1288 4600; x_wconf 92' lang='lat' dir='ltr'>post</span> <span class='ocrx_word' id='word_1_392' title='bbox 1307 4534 1375 4581; x_wconf 91' lang='lat' dir='ltr'>eum</span> <span class='ocrx_word' id='word_1_393' title='bbox 1394 4515 1490 4599; x_wconf 91' lang='lat' dir='ltr'>recepi</span> <span class='ocrx_word' id='word_1_394' title='bbox 1510 4521 1550 4592; x_wconf 86' lang='grc' dir='ltr'>ὡς</span> <span class='ocrx_word' id='word_1_395' title='bbox 1573 4520 1694 4592; x_wconf 81' lang='grc' dir='ltr'>Παῦλος</span> <span class='ocrx_word' id='word_1_396' title='bbox 1719 4512 1821 4595; x_wconf 79' lang='grc' dir='ltr'>ἔωθεν,</span> <span class='ocrx_word' id='word_1_397' title='bbox 1838 4513 1868 4578; x_wconf 89' lang='lat' dir='ltr'>ia</span> 
     </span>
     <span class='ocr_line' id='line_1_37' title="bbox 321 4619 1870 4710; baseline -0.003 -20"><span class='ocrx_word' id='word_1_398' title='bbox 321 4625 400 4690; x_wconf 90' lang='lat' dir='ltr'>hunc</span> <span class='ocrx_word' id='word_1_399' title='bbox 420 4643 557 4692; x_wconf 87' lang='lat' dir='ltr'>sensum:</span> <span class='ocrx_word' id='word_1_400' title='bbox 578 4625 650 4692; x_wconf 85' lang='lat' dir='ltr'>olter</span> <span class='ocrx_word' id='word_1_401' title='bbox 662 4624 750 4692; x_wconf 80' lang='lat' dir='ltr'>uoluti</span> <span class='ocrx_word' id='word_1_402' title='bbox 762 4624 887 4706; x_wconf 75' lang='lat' dir='ltr'>Poetae,</span> <span class='ocrx_word' id='word_1_403' title='bbox 901 4645 954 4710; x_wconf 84' lang='lat' dir='ltr'>per</span> <span class='ocrx_word' id='word_1_404' title='bbox 975 4625 1117 4690; x_wconf 77' lang='lat' dir='ltr'>Orientem</span> <span class='ocrx_word' id='word_1_405' title='bbox 1129 4621 1277 4689; x_wconf 80' lang='lat' dir='ltr'>Ecclesiae</span> <span class='ocrx_word' id='word_1_406' title='bbox 1291 4621 1431 4700; x_wconf 83' lang='lat' dir='ltr'>devinxi;</span> <span class='ocrx_word' id='word_1_407' title='bbox 1447 4619 1499 4688; x_wconf 86' lang='lat' dir='ltr'>sed</span> <span class='ocrx_word' id='word_1_408' title='bbox 1512 4621 1654 4686; x_wconf 89' lang='lat' dir='ltr'>remansit</span> <span class='ocrx_word' id='word_1_409' title='bbox 1673 4619 1785 4704; x_wconf 88' lang='lat' dir='ltr'>aliquid</span> <span class='ocrx_word' id='word_1_410' title='bbox 1798 4622 1870 4686; x_wconf 87' lang='lat' dir='ltr'>sub-</span> 
     </span>
     <span class='ocr_line' id='line_1_38' title="bbox 319 4728 1869 4820; baseline -0.004 -19"><span class='ocrx_word' id='word_1_411' title='bbox 319 4733 476 4802; x_wconf 89' lang='lat' dir='ltr'>sultorium</span> <span class='ocrx_word' id='word_1_412' title='bbox 496 4736 528 4802; x_wconf 92' lang='lat' dir='ltr'>in</span> <span class='ocrx_word' id='word_1_413' title='bbox 549 4734 663 4820; x_wconf 91' lang='lat' dir='ltr'>placido</span> <span class='ocrx_word' id='word_1_414' title='bbox 689 4753 777 4801; x_wconf 89' lang='lat' dir='ltr'>cursu</span> <span class='ocrx_word' id='word_1_415' title='bbox 797 4735 1027 4818; x_wconf 88' lang='lat' dir='ltr'>epigrammatis.</span> <span class='ocrx_word' id='word_1_416' title='bbox 1050 4734 1132 4800; x_wconf 74' lang='lat' dir='ltr'>Alter</span> <span class='ocrx_word' id='word_1_417' title='bbox 1151 4731 1224 4796; x_wconf 94' lang='lat' dir='ltr'>mihi</span> <span class='ocrx_word' id='word_1_418' title='bbox 1244 4730 1388 4796; x_wconf 89' lang='lat' dir='ltr'>succurrit</span> <span class='ocrx_word' id='word_1_419' title='bbox 1407 4729 1455 4795; x_wconf 84' lang='lat' dir='ltr'>vir</span> <span class='ocrx_word' id='word_1_420' title='bbox 1476 4729 1701 4809; x_wconf 88' lang='lat' dir='ltr'>solertissimus,</span> <span class='ocrx_word' id='word_1_421' title='bbox 1723 4728 1869 4795; x_wconf 88' lang='lat' dir='ltr'>lleuricus</span> 
     </span>
     <span class='ocr_line' id='line_1_39' title="bbox 319 4833 1868 4928; baseline -0.003 -22"><span class='ocrx_word' id='word_1_422' title='bbox 319 4841 497 4924; x_wconf 85' lang='lat' dir='ltr'>stercrscn,</span> <span class='ocrx_word' id='word_1_423' title='bbox 520 4843 666 4928; x_wconf 74' lang='lat' dir='ltr'>tuasque</span> <span class='ocrx_word' id='word_1_424' title='bbox 684 4843 804 4927; x_wconf 79' lang='lat' dir='ltr'>expedit</span> <span class='ocrx_word' id='word_1_425' title='bbox 821 4861 880 4908; x_wconf 93' lang='lat' dir='ltr'>uno</span> <span class='ocrx_word' id='word_1_426' title='bbox 900 4843 970 4925; x_wconf 89' lang='lat' dir='ltr'>ictu,</span> <span class='ocrx_word' id='word_1_427' title='bbox 993 4842 1059 4909; x_wconf 89' lang='lat' dir='ltr'>aive</span> <span class='ocrx_word' id='word_1_428' title='bbox 1078 4851 1201 4908; x_wconf 89' lang='lat' dir='ltr'>accentu</span> <span class='ocrx_word' id='word_1_429' title='bbox 1213 4839 1271 4906; x_wconf 90' lang='lat' dir='ltr'>loni</span> <span class='ocrx_word' id='word_1_430' title='bbox 1285 4837 1388 4920; x_wconf 78' lang='grc' dir='ltr'>ἔωθεν,</span> <span class='ocrx_word' id='word_1_431' title='bbox 1406 4834 1501 4902; x_wconf 87' lang='lat' dir='ltr'>ionice</span> <span class='ocrx_word' id='word_1_432' title='bbox 1515 4853 1568 4920; x_wconf 89' lang='lat' dir='ltr'>pro</span> <span class='ocrx_word' id='word_1_433' title='bbox 1582 4836 1698 4919; x_wconf 80' lang='grc' dir='ltr'>εἴωθεν,</span> <span class='ocrx_word' id='word_1_434' title='bbox 1713 4853 1730 4900; x_wconf 90' lang='lat' dir='ltr'>a</span> <span class='ocrx_word' id='word_1_435' title='bbox 1745 4854 1803 4920; x_wconf 91' lang='lat' dir='ltr'>quo</span> <span class='ocrx_word' id='word_1_436' title='bbox 1818 4833 1868 4903; x_wconf 84' lang='lat' dir='ltr'>vix</span> 
     </span>
     <span class='ocr_line' id='line_1_40' title="bbox 319 4942 1866 5034; baseline -0.004 -21"><span class='ocrx_word' id='word_1_437' title='bbox 319 4965 375 5030; x_wconf 85' lang='lat' dir='ltr'>ega</span> <span class='ocrx_word' id='word_1_438' title='bbox 387 4947 514 5031; x_wconf 80' lang='lat' dir='ltr'>refugio,</span> <span class='ocrx_word' id='word_1_439' title='bbox 530 4967 621 5032; x_wconf 86' lang='lat' dir='ltr'>quum</span> <span class='ocrx_word' id='word_1_440' title='bbox 634 4947 828 5033; x_wconf 87' lang='lat' dir='ltr'>diphtongum</span> <span class='ocrx_word' id='word_1_441' title='bbox 842 4974 868 5016; x_wconf 82' lang='grc' dir='ltr'>ει</span> <span class='ocrx_word' id='word_1_442' title='bbox 881 4958 969 5034; x_wconf 91' lang='lat' dir='ltr'>poeta</span> <span class='ocrx_word' id='word_1_443' title='bbox 982 4957 1085 5016; x_wconf 87' lang='lat' dir='ltr'>noster</span> <span class='ocrx_word' id='word_1_444' title='bbox 1098 4947 1183 5014; x_wconf 89' lang='lat' dir='ltr'>lacile</span> <span class='ocrx_word' id='word_1_445' title='bbox 1196 4945 1347 5031; x_wconf 89' lang='lat' dir='ltr'>corripiat.</span> <span class='ocrx_word' id='word_1_446' title='bbox 1364 4943 1473 5012; x_wconf 84' lang='lat' dir='ltr'>Sedeat</span> <span class='ocrx_word' id='word_1_447' title='bbox 1487 4945 1575 5010; x_wconf 88' lang='lat' dir='ltr'>lector</span> <span class='ocrx_word' id='word_1_448' title='bbox 1585 4943 1675 5027; x_wconf 84' lang='lat' dir='ltr'>juder</span> <span class='ocrx_word' id='word_1_449' title='bbox 1696 4951 1728 5010; x_wconf 91' lang='lat' dir='ltr'>et</span> <span class='ocrx_word' id='word_1_450' title='bbox 1745 4942 1866 5009; x_wconf 88' lang='lat' dir='ltr'>arbiter.</span> 
     </span>
    </p>
   </div>
   <div class='ocr_carea' id='block_1_6' title="bbox 317 5159 1865 5326">
    <p class='ocr_par' dir='ltr' id='par_1_9' title="bbox 317 5151 1865 5326">
     <span class='ocr_line' id='line_1_41' title="bbox 355 5159 1865 5236; baseline -0.003 -20"><span class='ocrx_word' id='word_1_451' title='bbox 355 5161 383 5236; x_wconf 82' lang='grc' dir='ltr'>ι)</span> <span class='ocrx_word' id='word_1_452' title='bbox 403 5161 442 5217; x_wconf 84' lang='lat' dir='ltr'>cl.</span> <span class='ocrx_word' id='word_1_453' title='bbox 462 5161 542 5217; x_wconf 76' lang='lat' dir='ltr'>Ram.</span> <span class='ocrx_word' id='word_1_454' title='bbox 562 5179 621 5234; x_wconf 87' lang='lat' dir='ltr'>xrv,</span> <span class='ocrx_word' id='word_1_455' title='bbox 643 5161 671 5217; x_wconf 91' lang='lat' dir='ltr'>tt</span> <span class='ocrx_word' id='word_1_456' title='bbox 684 5184 692 5234; x_wconf 77' lang='lat'>3</span> <span class='ocrx_word' id='word_1_457' title='bbox 706 5167 791 5236; x_wconf 79' lang='lat' dir='ltr'>Apcc.</span> <span class='ocrx_word' id='word_1_458' title='bbox 805 5179 854 5230; x_wconf 90' lang='lat' dir='ltr'>vu,</span> <span class='ocrx_word' id='word_1_459' title='bbox 872 5163 900 5220; x_wconf 82' lang='lat'>2.</span> <span class='ocrx_word' id='word_1_460' title='bbox 911 5193 942 5205; x_wconf 93' lang='lat'>-</span> <span class='ocrx_word' id='word_1_461' title='bbox 959 5161 984 5226; x_wconf 74' lang='lat'>²)</span> <span class='ocrx_word' id='word_1_462' title='bbox 1005 5163 1061 5218; x_wconf 86' lang='lat' dir='ltr'>Ga·</span> <span class='ocrx_word' id='word_1_463' title='bbox 1116 5163 1156 5236; x_wconf 79' lang='lat' dir='ltr'>de</span> <span class='ocrx_word' id='word_1_464' title='bbox 1169 5163 1328 5234; x_wconf 86' lang='lat' dir='ltr'>Haaeberg.</span> <span class='ocrx_word' id='word_1_465' title='bbox 1348 5163 1478 5219; x_wconf 85' lang='lat' dir='ltr'>Mouech.</span> <span class='ocrx_word' id='word_1_466' title='bbox 1501 5159 1579 5217; x_wconf 81' lang='lat' dir='ltr'>tato.</span> <span class='ocrx_word' id='word_1_467' title='bbox 1594 5191 1629 5205; x_wconf 90' lang='lat'>-</span> <span class='ocrx_word' id='word_1_468' title='bbox 1643 5163 1666 5225; x_wconf 76' lang='lat'>⁴)</span> <span class='ocrx_word' id='word_1_469' title='bbox 1682 5161 1755 5218; x_wconf 74' lang='lat' dir='ltr'>Hist-</span> <span class='ocrx_word' id='word_1_470' title='bbox 1770 5161 1865 5216; x_wconf 81' lang='lat' dir='ltr'>eccles.</span> 
     </span>
     <span class='ocr_line' id='line_1_42' title="bbox 317 5249 1865 5326; baseline -0.003 -20"><span class='ocrx_word' id='word_1_471' title='bbox 317 5250 367 5306; x_wconf 89' lang='lat' dir='ltr'>lat.</span> <span class='ocrx_word' id='word_1_472' title='bbox 385 5249 463 5318; x_wconf 81' lang='lat' dir='ltr'>t,21.</span> <span class='ocrx_word' id='word_1_473' title='bbox 475 5281 510 5294; x_wconf 95' lang='lat'><strong>—</strong></span> <span class='ocrx_word' id='word_1_474' title='bbox 523 5251 547 5317; x_wconf 82' lang='lat'>³)</span> <span class='ocrx_word' id='word_1_475' title='bbox 560 5255 589 5311; x_wconf 88' lang='lat' dir='ltr'>S.</span> <span class='ocrx_word' id='word_1_476' title='bbox 606 5253 719 5326; x_wconf 85' lang='lat' dir='ltr'>Hippoi.</span> <span class='ocrx_word' id='word_1_477' title='bbox 735 5255 863 5312; x_wconf 76' lang='grc' dir='ltr'>Οονιοοαε</span> <span class='ocrx_word' id='word_1_478' title='bbox 875 5257 957 5310; x_wconf 84' lang='lat' dir='ltr'>arab.</span> <span class='ocrx_word' id='word_1_479' title='bbox 972 5254 1015 5308; x_wconf 86' lang='lat' dir='ltr'>ed.</span> <span class='ocrx_word' id='word_1_480' title='bbox 1029 5255 1060 5308; x_wconf 88' lang='lat' dir='ltr'>B.</span> <span class='ocrx_word' id='word_1_481' title='bbox 1117 5254 1152 5306; x_wconf 89' lang='lat' dir='ltr'>V.</span> <span class='ocrx_word' id='word_1_482' title='bbox 1171 5251 1216 5320; x_wconf 78' lang='lat'>23,</span> <span class='ocrx_word' id='word_1_483' title='bbox 1235 5251 1281 5320; x_wconf 76' lang='lat'>2⁴,</span> <span class='ocrx_word' id='word_1_484' title='bbox 1301 5271 1331 5323; x_wconf 88' lang='lat' dir='ltr'>p.</span> <span class='ocrx_word' id='word_1_485' title='bbox 1355 5249 1415 5309; x_wconf 81' lang='grc'>190.</span> <span class='ocrx_word' id='word_1_486' title='bbox 1435 5250 1478 5308; x_wconf 80' lang='lat' dir='ltr'>Gi.</span> <span class='ocrx_word' id='word_1_487' title='bbox 1496 5251 1600 5318; x_wconf 83' lang='lat' dir='ltr'>blansi,</span> <span class='ocrx_word' id='word_1_488' title='bbox 1621 5252 1727 5306; x_wconf 81' lang='lat' dir='ltr'>Gortcil.</span> <span class='ocrx_word' id='word_1_489' title='bbox 1747 5265 1811 5306; x_wconf 80' lang='lat' dir='ltr'>saec.</span> <span class='ocrx_word' id='word_1_490' title='bbox 1830 5251 1865 5302; x_wconf 90' lang='lat' dir='ltr'>ll.</span> 
     </span>
    </p>
   </div>
   <div class='ocr_carea' id='block_1_7' title="bbox 0 0 1994 6086">
    <p class='ocr_par' dir='ltr' id='par_1_10' title="bbox 0 0 1994 6086">
     <span class='ocr_line' id='line_1_43' title="bbox 0 0 1994 6086; baseline 0 0"><span class='ocrx_word' id='word_1_491' title='bbox 0 0 1994 6086; x_wconf 95' lang='lat' dir='ltr'> </span> 
     </span>
    </p>
   </div>
  </div>
 </body>
</html>
