4064 6108
889 466 1082 535 emersas
1713 475 1771 542 alu

213 621 326 683 esocen
339 615 467 706 σπορὰν,
480 616 535 681 καὶ
550 616 605 694 ἕως
615 611 653 716 οὗ
668 617 850 705 μετανοήσῃ
865 611 965 698 ἀξίως,
1019 636 1106 686 suun
1119 619 1220 686 offert:
1234 636 1270 686 ac
1284 620 1343 688 nisi
1357 621 1446 705 digne
1465 640 1533 690 enm
1550 622 1704 707 omniunt,
1716 625 1771 691 ab·

215 725 425 802 ἀκοινώνητος
447 723 538 791 ἔσται
552 734 608 790 τοῦ
625 723 770 814 σώματος
793 725 847 790 >tul
870 728 966 816 αἵμασ-
1017 721 1130 792 siluere
1149 739 1183 792 st
1200 722 1352 806 jubebitur
1378 743 1396 790 u
1422 743 1545 809 empore
1571 736 1601 793 at
1626 728 1772 812 sanguina

213 856 266 944 ρος
287 843 344 899 τοῦ
369 831 509 926 μεγάλου
531 838 612 899 Θεοῦ
633 832 688 898 zat
711 839 857 923 Σωτῆρος
873 838 964 922 ἡμῶν
1018 829 1118 912 magni
1144 828 1223 896 illius
1249 829 1305 900 Dei
1326 849 1362 898 ao
1388 831 1553 898 Salvamb
1582 835 1675 900 nostri
1702 835 1772 902 Jesu

224 945 316 1012 Ιησοῢ
339 945 482 1030 Χριστοῦ.
1018 936 1138 1004 Cbrbti.

252 1045 288 1112 X.
306 1045 402 1114 Ὅσον
426 1039 514 1114 δοκεῖ
527 1052 648 1139 μᾶλλον
665 1042 742 1114 εἶναι
767 1048 879 1137 (καλόν
903 1046 963 1142 γὰρ
1057 1045 1093 1110 Χ.
1110 1043 1259 1124 Quantum
1273 1055 1413 1130 moeurs
1425 1046 1544 1116 tidelur
1559 1050 1602 1126 (et
1622 1047 1678 1114 hoa
1697 1067 1772 1118 sera·

214 1155 278 1244 est)
302 1166 365 1221 τῶν
388 1155 575 1246 κρειττόνων
599 1157 619 1229 ἢ
639 1165 702 1222 τῶν
719 1156 866 1248 χειρόνων
889 1158 965 1221 ἀνιο-
1018 1168 1071 1234 per
1091 1149 1200 1216 bonum
1214 1155 1271 1231 est)
1287 1153 1406 1222 meliora
1420 1152 1503 1236 acqui
1518 1169 1606 1236 quam
1626 1154 1770 1222 deteriora

213 1261 335 1328 λοοθεϊν
361 1254 413 1328 διὰ
438 1261 632 1349 βελτιώσεως
656 1255 777 1328 ἐλπίδα.
1019 1257 1050 1321 in
1069 1275 1152 1342 spem
1171 1258 1282 1341 optimc
1302 1259 1486 1342 capessendi.

74 1421 79 1430 .
174 1437 190 1451 ,
254 1369 305 1436 ΧΙ.
321 1377 403 1436 llam
419 1361 462 1448 di,
480 1375 520 1446 ὡς
535 1369 607 1446 ἔτος
624 1375 731 1447 εἰπεῖν,
749 1361 964 1461 διαμαχητέον
1057 1365 1108 1432 xl.
1124 1367 1318 1446 aiensibus,
1329 1377 1363 1434 ut
1375 1368 1658 1448 verbodicum,cum
1669 1387 1771 1436 somno

215 1483 291 1568 ἡμῖν
313 1478 388 1569 πρὸς
411 1478 467 1544 ‘cde
491 1479 585 1544 ὕπνον
593 1533 605 1569 ,
628 1483 669 1555 ὡς
693 1483 734 1554 εἰς
758 1478 964 1571 ἐγρηγόρησιν
1018 1471 1227 1544 decertandum
1247 1473 1333 1544 aubia
1352 1484 1407 1554 esi,
1421 1494 1457 1547 aa
1475 1477 1500 1542 si
1513 1477 1552 1542 ad
1566 1475 1770 1562 evigilandum

215 1585 485 1676 ἀποκρινομένοις.
1017 1581 1138 1665 sepositi
1159 1592 1190 1647 et
1209 1581 1321 1652 addicti
1341 1582 1444 1648 simus.

255 1693 319 1757 xil.
335 1686 493 1783 Μηδαμῶς
509 1693 569 1769 τὴν
586 1693 675 1784 φύσιν
688 1691 872 1782 αἰτιώμεθοσ
887 1694 965 1760 πάν·
1057 1687 1122 1759 XII·
1144 1688 1189 1756 Ne
1208 1699 1345 1760 naturam
1366 1689 1398 1755 in
1418 1706 1538 1756 causam
1553 1688 1703 1756 trahamus
1717 1709 1770 1755 uu·

215 1826 258 1868 τα
272 1802 332 1894 γὰρ
349 1805 415 1888 βίον
431 1794 544 1878 ήδὺνῆ
565 1793 648 1878 ἀηδῆ
665 1808 685 1878 η
704 1800 850 1878 συνήθεια
873 1813 963 1869 coest.
1017 1815 1120 1880 quam:
1134 1816 1250 1865 omnem
1267 1800 1346 1864 enim
1359 1799 1455 1866 ritum
1467 1815 1591 1866 suarem
1603 1807 1655 1864 aut
1668 1799 1771 1864 insua-

1016 1923 1084 1972 vem
1105 1907 1285 1973 consuetudo
1306 1906 1389 1972 lacit.
1798 1990 1800 1996 ,

255 2019 333 2086 xlll.
352 2007 449 2088 Οὐδὲν
462 2017 559 2094 οὕτως
571 2025 617 2100 τῷ
630 2022 700 2101 Θεῷ
716 2017 815 2108 φίλον,
828 2021 868 2095 ὡς
882 2015 964 2106 μετὰ
1056 2013 1136 2080 xlll.
1152 2013 1232 2080 Nihil
1248 2023 1308 2080 tum
1322 2015 1383 2081 Deo
1402 2031 1503 2082 carum
1517 2031 1606 2093 quarn
1620 2023 1712 2082 mmet
1727 2015 1770 2081 in·

145 2161 146 2164 ο
216 2135 278 2191 τῶν
302 2124 443 2216 ἐσχάτων
466 2125 578 2192 bsurde
602 2122 779 2215 ἀριθμῆσαι.
1018 2128 1062 2189 ter
1082 2121 1200 2188 ultimos
1220 2137 1423 2190 annumerare.

261 2339 377 2396 x-xllt.
398 2339 441 2394 Ex
460 2339 576 2395 Berber.
597 2355 625 2406 ν,
649 2337 676 2392 ll
701 2339 722 2397 i.
741 2339 788 2407 973
807 2356 827 2409 ι,
846 2339 864 2395 6
883 2339 903 2395 l'.
927 2336 987 2393 119.
1007 2333 1093 2391 Plura
1110 2338 1302 2409 suppetebant,
1320 2337 1369 2393 sed
1388 2339 1479 2409 msgie
1497 2336 1589 2393 dubia.

746 2975 1235 3128 ORIGENESss

938 3312 1043 3326 -D

824 3641 872 3714 Io
901 3637 1154 3715 moeremium.

256 3835 437 3904 Condiderat
457 3835 611 3920 Origenes,
633 3845 708 3902 teste
727 3836 919 3922 Hieronymo,
941 3835 972 3901 in
993 3843 1059 3901 octo
1079 3835 1194 3918 priores
1214 3833 1375 3900 llibliorum
1390 3832 1493 3912 libros,
1508 3842 1627 3902 centurn
1642 3843 1673 3902 ct
1686 3851 1764 3918 qua-

216 3944 354 4028 draginta
374 3943 525 4012 rolumina
545 3943 609 4012 sive
630 3952 785 4026 bmomm,
801 3945 866 4014 sire
886 3963 1064 4024 sermonum,
1084 3946 1149 4009 sive
1167 3942 1354 4008 scholiorum.
1377 3941 1430 4008 Sat
1450 3939 1541 4007 multa
1562 3941 1692 4027 quidem,
1711 3947 1763 4010 sed

217 4051 309 4120 latine
331 4061 447 4120 tantum
469 4060 627 4136 supersunt
641 4051 671 4116 in
684 4051 823 4121 undecim
841 4068 932 4136 supra
952 4059 1071 4118 centum
1091 4049 1234 4132 homiliis,
1249 4069 1323 4134 quas
1334 4049 1457 4118 liulinus
1470 4050 1632 4134 elegante,
1648 4051 1762 4116 utinum

218 4158 343 4241 auctius,
358 4159 445 4225 bonis
467 4169 563 4226 umen
585 4158 692 4226 avibus
713 4163 828 4242 (porcat
847 4159 1054 4242 Hieronymus)
1069 4158 1156 4224 nobis
1179 4159 1339 4224 transtulit.
1356 4158 1413 4222 Ser
1434 4157 1509 4223 alius
1531 4158 1626 4223 tenuit
1640 4156 1765 4234 cessio-

219 4264 320 4346 dorus,
335 4265 456 4349 suisque
474 4265 701 4335 vivariensibus
721 4265 861 4349 legendus
880 4267 1099 4333 commendauit
1113 4265 1150 4348 ¹),
1167 4283 1235 4350 qua
1248 4265 1351 4332 nullibi
1370 4273 1554 4349 comparent,
1570 4265 1626 4332 nisi
1643 4266 1765 4332 bustula

220 4371 294 4436 torte
316 4371 460 4456 excipias,
482 4371 514 4438 in
535 4372 662 4456 quodam
682 4371 776 4437 latino
796 4371 939 4456 florilegio
959 4390 1074 4458 sparso,
1094 4391 1163 4457 que
1182 4373 1278 4440 obiter
1297 4373 1367 4442 olim
1387 4372 1524 4457 colligere
1543 4372 1668 4440 nitebar.
1752 4379 1755 4384 '

258 4477 361 4543 Graece
381 4487 479 4544 cutem
493 4482 536 4558 (et
548 4477 718 4559 dolendum)
737 4488 856 4548 cistam
874 4481 966 4548 multo
980 4483 1128 4566 pauciora.
1145 4481 1257 4550 Praetsr
1277 4485 1392 4550 unicam
1409 4482 1489 4548 illem
1502 4481 1670 4549 concionem
1687 4481 1762 4575 ὑπὲρ

218 4597 276 4663 τῆς
292 4587 552 4680 ογγαστριμοθσο,
574 4605 663 4672 quun
683 4587 829 4672 integram
848 4589 961 4658 detexit
974 4590 1101 4657 illarius
1114 4590 1145 4656 in
1163 4589 1313 4657 codicibus
1327 4590 1478 4659 Vaticanis
1491 4587 1529 4670 ἵ),
1541 4597 1646 4656 creare
1666 4591 1765 4658 omnic

219 4693 381 4777 fragmenta
395 4695 462 4778 plus
475 4697 573 4761 minus
585 4697 688 4763 mutila
704 4707 735 4764 et
745 4698 842 4783 jejuna
861 4708 940 4766 sunt.
954 4699 1066 4784 Maiora
1079 4699 1203 4766 retinuit
1215 4709 1304 4767 vetos
1324 4697 1498 4780 Philomlie,
1520 4698 1571 4782 pie
1583 4707 1614 4765 et
1627 4698 1763 4783 diligenti

218 4819 308 4866 manu
320 4799 409 4867 llorcs
423 4801 626 4885 colligentibus
641 4803 747 4870 Basilio
762 4805 871 4890 blegne
891 4816 922 4873 et
935 4807 1079 4891 Gregorio
1091 4807 1289 4874 Nazianzeno.
1306 4805 1480 4871 Levinscnla
1494 4805 1666 4890 plemmque
1679 4805 1763 4873 lluu·

217 4907 285 4988 rini,
298 4907 377 4974 baud
386 4907 451 4974 sine
460 4907 585 4988 fastidio,
596 4921 767 4994 receperunt
777 4929 813 4979 ex
824 4913 940 4980 schedis
953 4913 1130 4994 combefisii,
1141 4913 1192 4998 qui
1201 4913 1349 4979 Romanas
1360 4913 1393 4978 ln
1403 4911 1506 4996 primis
1520 4911 1646 4978 Catenae
1659 4929 1759 4977 excus-

218 5014 271 5080 sit.
283 5015 348 5082 llic
359 5033 431 5084 sane
441 5034 499 5084 non
511 5016 667 5086 temnenda
678 5017 857 5090 addiderunt
867 5030 1015 5088 cursores
1025 5019 1214 5088 bibliothece
1227 5019 1443 5098 Gcllandicnae,
1455 5030 1521 5104 post
1531 5019 1644 5086 obitum
1655 5018 1763 5085 eruditi
1872 5086 1880 5098 ,

254 5212 277 5286 l)
297 5217 338 5271 De
355 5215 481 5272 Instituit.
501 5216 567 5270 Dio.
589 5215 640 5273 litt.
663 5233 726 5289 cap.
746 5217 850 5288 1.-2)
870 5220 933 5274 Vct.
957 5217 1035 5286 1073,
1054 5219 1139 5274 codex
1158 5219 1275 5274 formise
1297 5219 1406 5274 unicus.
