3976 6078
979 489 1012 560 X

215 635 418 724 elegantias
443 635 538 706 inter
561 639 597 706 et
619 635 866 727 propheticum
892 629 931 701 τδ
956 629 1064 736 dprpu*
1081 637 1310 706 Hebraeorum
1338 645 1374 706 et
1409 634 1664 708 Orientalium.
1685 637 1779 708 Sane

216 757 389 844 propheta
413 756 540 841 Papias
565 755 676 834 audit,
702 753 880 841 propheta
902 755 1039 836 Melite,
1065 756 1242 842 propheta
1259 755 1473 837 Quadratus,
1495 756 1777 844 apologistarurn

218 873 399 960 princeps.
426 871 530 939 Haud
563 871 724 950 aliaest,
751 874 791 939 ut
813 871 859 939 ad
895 873 1019 940 nostra
1041 876 1215 952 revertar,
1240 871 1421 941 Melitonis
1452 873 1522 960 mei
1554 873 1687 942 eximia
1719 863 1780 941 ἔκ-

217 1009 341 1089 φρασις
390 988 433 1056 de
475 987 671 1074 Baptismo‚
714 1005 798 1073 quae
830 987 958 1056 horum
992 988 1257 1057 Anecdotorum
1299 988 1487 1076 praeludio
1529 991 1624 1070 data,
1660 990 1780 1078 potius

217 1105 398 1194 paschalis
422 1104 576 1190 hymnus
610 1103 755 1172 videtur
787 1121 894 1190 quarn
919 1105 1040 1174 concio
1066 1105 1110 1174 ad
1146 1105 1422 1176 cathecumenos
1458 1107 1584 1176 effusa.
1609 1108 1778 1194 Ejusdem

217 1223 312 1292 modi
337 1225 422 1290 sunt
445 1221 641 1289 Saniorum
666 1221 827 1289 carmina
849 1223 943 1308 apud
968 1225 1158 1304 Irenaeum,
1184 1241 1225 1292 ac
1260 1223 1434 1310 pleraque
1467 1223 1648 1316 Hippolyti
1681 1243 1780 1293 com·

217 1339 408 1419 mentaria‚
435 1337 592 1407 canticis
617 1339 838 1406 canticorum
865 1340 902 1407 et
923 1340 1083 1407 Joanneo
1109 1339 1302 1425 evangelio
1326 1342 1525 1428 aptissima.
1552 1343 1653 1412 Talia
1687 1345 1774 1414 sunt

219 1460 406 1528 Seniorum
432 1455 760 1525 Alexandrinorum
778 1455 1038 1542 extemporalia
1055 1454 1209 1530 scholia,
1227 1474 1308 1543 quae
1328 1459 1533 1543 iaculorum
1553 1459 1669 1528 instar
1687 1460 1779 1528 erni-

218 1578 312 1645 cant.
340 1575 429 1651 Quid
453 1573 641 1642 dicendum
666 1574 709 1642 de
745 1590 939 1659 puerorum
962 1573 1155 1660 melopoeia
1182 1574 1276 1662 apud
1301 1573 1550 1644 Clementem?
1569 1575 1613 1644 de
1636 1566 1781 1663 psalmo

219 1691 403 1778 virginum
427 1691 520 1778 apud
544 1689 790 1758 Methodiuml
814 1691 859 1758 Et
882 1690 925 1758 de
962 1689 1025 1758 illa
1048 1689 1200 1760 alterius
1232 1690 1429 1760 Clementis
1454 1693 1603 1761 Romani
1627 1694 1771 1780 pagiua,

218 1827 333 1897 nuper
357 1826 463 1876 novae
488 1809 610 1876 Romae
628 1805 803 1887 rediviva,
831 1805 866 1874 in
896 1825 966 1893 qua
991 1825 1115 1876 omnes
1151 1809 1340 1895 quemdam
1365 1808 1517 1878 fratrum
1556 1810 1775 1880 cantilenam

222 1928 462 2013 agnoverunt,
484 1925 579 1994 haud
603 1923 750 1992 fortuito
775 1943 854 1992 cum
877 1924 1032 1993 vetustis
1057 1925 1216 2010 liturgiis
1239 1925 1489 1995 simillimam?
1512 1927 1653 1996 Utinam
1672 1927 1782 1998 liceat

221 2045 291 2112 hue
322 2061 495 2113 revocare
531 2041 760 2129 Areopagitae
791 2041 1159 2128 grandiloquentiam,
1201 2043 1256 2111 cui
1293 2061 1374 2128 ego,
1401 2046 1442 2112 ut
1465 2045 1614 2114 candide
1639 2041 1778 2132 loquar,

223 2161 361 2230 nullam
386 2161 530 2230 invenio
567 2161 756 2230 insaniori
784 2164 892 2230 aetate
928 2162 1063 2242 sedern,
1089 2161 1175 2248 quin
1200 2179 1332 2246 cycnus
1357 2163 1452 2232 inter
1474 2164 1592 2233 olores
1627 2181 1779 2234 censea-

218 2281 290 2348 tur.
329 2279 375 2348 ht
400 2281 441 2347 ut
464 2281 532 2359 est,
559 2296 601 2347 eo
625 2279 743 2363 magis
767 2282 972 2347 nostrorum
1012 2296 1052 2346 os
1075 2278 1138 2346 vix
1162 2278 1329 2347 mortalia
1352 2297 1484 2350 sonans
1521 2283 1660 2368 stupeo,
1683 2282 1775 2368 quod

222 2397 347 2466 eodem
372 2397 410 2464 in
434 2399 593 2484 tempore
617 2414 819 2482 exsangues
843 2395 1073 2464 classicorum
1098 2393 1271 2480 haeredes
1296 2397 1405 2465 etiam
1429 2399 1525 2484 apud
1548 2399 1700 2484 Graecos,
1726 2399 1777 2466 ita

224 2533 351 2584 aurum
369 2513 513 2601 plumbo
538 2515 769 2592 commutant,
791 2516 832 2580 ut
846 2512 1010 2600 plerique
1028 2511 1104 2580 sint
1126 2511 1322 2600 sophistae,
1343 2514 1571 2598 scholiastae,
1591 2531 1777 2601 gramma-

208 2631 302 2713 tici,
328 2631 470 2706 medici,
490 2630 677 2716 astrologi,
703 2628 857 2698 technici
879 2629 1007 2696 vilium
1038 2629 1172 2706 artium
1206 2629 1365 2720 opifices,
1391 2615 1435 2702 et
1451 2633 1567 2702 ultimi
1609 2634 1772 2704 subsellii
1852 2644 1854 2648 ’

226 2749 411 2819 didascali.
658 2741 660 2744 ’

322 2867 388 2935 Sed
413 2866 522 2935 altius
546 2867 781 2954 repetundum
819 2864 972 2934 fortasse
997 2867 1053 2934 est
1075 2864 1164 2933 illud
1189 2883 1302 2936 musae
1326 2868 1573 2938 antenicaenae
1595 2887 1778 2940 arcanum:

229 2985 274 3055 ab
299 2985 406 3071 igneo
431 3002 559 3070 nempe
583 2983 740 3064 flamine,
767 2984 860 3069 quod
897 2983 933 3050 in
957 2983 1140 3051 coenaculo
1165 2983 1332 3071 primum,
1358 2986 1580 3072 postmodum
1607 2986 1643 3054 in
1676 2987 1785 3056 coeti-

226 3105 291 3171 bus
314 3101 519 3171 christianis
543 3099 687 3185 linguas
712 3101 886 3189 inspersit
909 3099 1180 3181 flammivomas·
1205 3101 1249 3168 ah
1284 3111 1388 3170 aestu
1410 3102 1566 3188 pectoris
1590 3103 1669 3183 fide,
1701 3122 1779 3192 spe,

225 3237 346 3290 amore
384 3217 649 3303 condam-antis
675 3219 719 3286 ab
743 3217 878 3305 impetu
913 3216 1023 3286 animi
1060 3217 1194 3287 recenti
1220 3219 1360 3288 Christo
1384 3219 1616 3300 occursantis;
1643 3221 1687 3288 ab
1712 3222 1783 3308 hy-

226 3338 320 3407 mnis
344 3337 452 3406 etiam
477 3338 515 3404 et
537 3335 686 3404 canticis
722 3334 979 3423 spiritualibus
1005 3336 1164 3422 quotidie
1188 3339 1272 3406 ante
1296 3335 1412 3406 lucem
1446 3356 1511 3424 per
1537 3354 1600 3406 ora
1623 3337 1775 3408 fratrum

225 3455 506 3542 erumpentibus,
543 3471 585 3522 ac
618 3453 823 3522 necessario
857 3452 972 3521 veluti
1008 3453 1188 3537 rhythmo,
1207 3454 1358 3540 J'nbente
1393 3455 1515 3523 divino
1540 3457 1699 3540 numine,
1740 3463 1778 3528 et

227 3571 329 3661 quasi
353 3569 464 3658 lyrico
488 3569 673 3640 uolumine
698 3575 734 3642 et
756 3571 913 3658 tripudio
938 3570 1172 3640 concinnatis.
1198 3573 1244 3639 Et
1265 3572 1332 3639 hoc
1355 3573 1463 3640 etiam
1487 3591 1615 3644 censor
1632 3577 1777 3663 quidam

226 3689 349 3776 gravis
373 3692 410 3758 et
432 3691 570 3770 acutus,
595 3692 720 3757 notare
737 3707 809 3757 non
829 3687 1007 3756 dubitavit
1030 3687 1067 3755 in
1090 3689 1257 3757 coronide
1281 3688 1456 3775 epistolae
1480 3693 1525 3762 ad
1548 3692 1771 3780 Diognetum,

227 3810 268 3894 ut
283 3807 390 3875 etiam
410 3807 526 3875 metra
544 3804 707 3879 iambica,
725 3807 921 3879 trochaica,
943 3806 1173 3892 anapaestica
1189 3825 1460 3892 connumerare,
1479 3813 1517 3880 et
1538 3812 1651 3880 doctis
1669 3813 1784 3881 conil-

229 3927 356 3996 denter
378 3941 577 4014 proponere
602 3925 639 3993 in
663 3923 756 3993 hunc
774 3924 917 3993 modum
936 3922 1078 4008 iuverit
1101 3920 1140 4013 ¹).

753 4227 774 4244 h
798 4220 820 4250 V
887 4227 909 4244 Ι
965 4228 986 4251 ν
1021 4228 1042 4245 ¹¹
1065 4221 1090 4248 V
1142 4226 1167 4245 Π
1189 4222 1213 4246 υ

736 4257 823 4338 ”liro
848 4263 904 4336 cor*
936 4261 1068 4362 καρδία
1092 4271 1228 4360 γνῶσις,

744 4481 818 4567 zon*
843 4479 878 4553 δὲ
904 4479 1007 4578 λόγος
1031 4479 1174 4571 ἀληθής,
1198 4477 1429 4585 χωρούμενος·

969 4667 990 4721 7

745 4662 793 4774 (ἷῦ
818 4664 919 4787 {ohe
945 4665 1047 4806 pepon
1071 4697 1132 4772 καὶ
1157 4659 1287 4804 nepeta
1307 4660 1425 4794 λᾶβῶν

789 4879 1097 4902 W.
1151 4877 1397 4902 ww

746 4914 941 5023 Tpuyn'oetg,
966 4915 1023 4990 αἐἰ
1047 4915 1093 4990 rc?
1116 4917 1210 5023 capel
1251 4918 1312 5014 θεῷ
1355 4916 1560 5014 ποθούμενα·

292 5235 316 5298 t)
336 5229 366 5285 b.
384 5230 408 5285 J.
427 5231 456 5286 lt.
473 5229 581 5300 Jacoot,
600 5230 659 5287 Zur
678 5229 840 5286 deseruere
857 5227 905 5284 des
924 5229 1135 5284 Gr·iescbtscbcn
1151 5225 1358 5284 llr'rcberdtados
1377 5229 1460 5283 Aiunt.
1471 5239 1558 5282 socru
1570 5223 1664 5292 sprcu.
1678 5227 1732 5282 Sol.
1743 5229 1795 5282 etc.

230 5326 258 5381 p.
276 5317 328 5366 roo.
