3978 6086
307 524 363 586 ιιι
757 517 764 522 ·
825 617 830 626 Ι
897 522 1065 589 seuerus
1085 521 1263 587 insumus

304 673 382 739 inter
402 673 546 752 llosotrlos,
562 679 667 756 quater
679 674 786 739 emicat
804 675 906 741 eadem
927 675 1105 760 epigraphe:
1123 673 1173 740 Nl.
1195 673 1251 739 PP.
1276 673 1310 740 V.
1333 671 1428 754 Igitur
1449 672 1525 738 intra
1545 680 1690 738 extmmos
1704 686 1849 737 annorum
1977 645 1979 770 j

303 780 381 845 1137
397 790 428 846 et
443 779 521 846 tito
537 779 676 846 terminos
690 782 893 863 consistimns;
916 801 974 868 ιιι
995 782 1031 848 lit
1049 791 1083 849 ut
1102 781 1245 849 moestior
1259 779 1466 848 Vaticanorum
1481 777 1622 846 vossiano
1635 776 1785 862 antiquior
1801 775 1852 842 sit.
1977 775 1979 822 ³

305 885 342 952 Ut
368 886 398 952 in
424 887 514 954 altero
535 886 692 966 Vaticano,
712 889 796 956 nulla
819 890 877 956 lere
896 887 1009 956 scholia
1030 889 1155 975 liquidos
1175 887 1324 973 margines
1349 885 1541 954 obnubilent:
1568 887 1698 954 omnium
1722 886 1854 970 capitam

305 993 398 1078 prime
419 993 518 1061 littera
544 1002 596 1060 aut
620 994 709 1062 rutilo
733 1014 805 1063 auro
825 1000 915 1067 micat
934 1001 965 1067 in
986 1019 1054 1069 area
1075 999 1194 1083 llorida,
1216 1011 1270 1068 aut
1290 997 1404 1067 renidet
1424 997 1553 1064 flosculis
1577 997 1609 1063 in
1635 1015 1740 1083 campo
1765 1013 1855 1063 aureo

306 1099 436 1184 sparsis:
461 1098 491 1164 in
512 1117 570 1185 qno
589 1100 681 1166 etiam
701 1101 732 1167 id
752 1119 818 1168 rara
831 1116 862 1172 et
875 1107 1016 1191 peculiari
1031 1117 1096 1175 arte
1107 1107 1237 1187 additur,
1251 1107 1329 1192 qnod
1344 1104 1432 1172 tare
1447 1104 1602 1189 gemmulas
1614 1103 1718 1170 ocellis
1729 1103 1853 1183 similes,

305 1205 357 1272 sed
379 1206 445 1290 ipso
464 1205 618 1272 nitidiores
637 1226 719 1290 auro,
743 1209 875 1278 rutilant.
897 1213 981 1281 adde
999 1213 1163 1300 bibliopegi
1182 1213 1372 1298 elegantiam,
1387 1211 1438 1297 qui
1453 1210 1561 1277 librum
1580 1209 1854 1280 subornaretur

305 1312 423 1396 ligurit,
444 1312 524 1379 baud
544 1313 662 1380 omissis
683 1315 800 1400 apibus,
822 1317 888 1386 sire
902 1335 920 1384 a
934 1319 1022 1387 dorso
1036 1320 1116 1399 libri,
1129 1320 1194 1387 sire
1208 1319 1239 1384 in
1252 1317 1412 1385 Barberino
1431 1325 1583 1383 stemmate
1602 1335 1621 1383 a
1640 1325 1725 1402 parte
1743 1315 1852 1392 antica,
1887 1351 1898 1370 ·

305 1422 528 1508 dumapostioa
538 1422 622 1490 leone
633 1433 730 1491 erecto
743 1425 937 1510 distinguitur
946 1437 1060 1500 scutum
1072 1428 1223 1513 enjusdam
1234 1427 1378 1512 presulis,
1388 1428 1511 1493 tortasse
1521 1426 1608 1492 unius
1618 1445 1655 1494 ex
1666 1424 1854 1492 bibliotheca

307 1529 461 1611 proiectis.
478 1529 502 1609 ¹)
515 1529 610 1594 Etiam
621 1547 692 1596 auro
702 1531 813 1598 ditatur
827 1534 993 1616 marginum
1006 1544 1136 1602 antaeum
1150 1551 1212 1614 ora,
1223 1535 1274 1601 sed
1285 1534 1316 1600 in
1330 1551 1365 1601 eo
1379 1543 1540 1619 peccatum,
1551 1542 1584 1598 ut
1594 1533 1703 1618 sapius
1717 1532 1761 1610 lit,
1775 1532 1853 1616 quod

304 1636 420 1720 forceps
440 1636 602 1719 levigando
623 1639 818 1722 membranas,
841 1640 904 1707 dire
924 1640 1055 1709 exsecuit
1075 1649 1135 1707 tam
1157 1641 1300 1709 indiculos
1319 1639 1560 1726 quaternionum,
1582 1639 1773 1726 quampiam
1792 1655 1854 1704 mo·

306 1760 475 1827 nogramma
496 1744 527 1810 S.
543 1745 728 1829 ltcmnrdini,
740 1747 866 1831 siugulis
879 1747 956 1815 loliis
972 1751 1044 1816 torte
1058 1766 1076 1815 s
1089 1747 1209 1815 librario
1223 1749 1362 1817 Minorits
1376 1749 1536 1835 appictum.
1551 1749 1635 1816 llaud
1656 1748 1853 1816 dissimulan-

307 1851 378 1916 dnm
392 1860 501 1934 umen,
514 1851 593 1918 bunc
605 1852 736 1918 codicem
749 1854 796 1919 bis
816 1853 1000 1937 pontificium
1015 1853 1137 1921 minime
1150 1855 1262 1922 calaris
1281 1875 1346 1923 esse
1366 1857 1608 1941 praestantiorem,
1624 1873 1714 1940 ιιιιι
1735 1863 1854 1939 propter

307 1957 528 2041 indiligentiam
539 1957 654 2042 opificis
667 1958 769 2025 multis
782 1969 893 2028 scateat
905 1962 1007 2044 uitiis3
1030 1964 1119 2045 idque
1138 1979 1217 2047 saepe
1236 1963 1392 2030 dolendum
1404 1963 1437 2029 in
1452 1962 1701 2049 splendidioribus
1714 1961 1855 2028 membra·

250 2131 256 2141 ¹
307 2061 366 2144 nis,
389 2063 496 2148 quibus
516 2063 618 2144 oculis,
637 2083 697 2131 non
718 2067 818 2146 menti,
838 2076 869 2132 et
889 2069 987 2151 potius
1007 2068 1131 2155 principi
1152 2085 1240 2153 qnam
1260 2068 1360 2136 lectori
1382 2069 1553 2136 consulitur.

348 2170 484 2250 Quatuor
499 2171 577 2238 inter
598 2171 652 2239 bos
665 2173 780 2240 codices
794 2171 891 2258 qualis
904 2173 943 2239 sit
955 2175 1108 2242 consensio
1121 2174 1170 2244 rel
1183 2173 1395 2258 discrepantia,
1416 2173 1564 2259 quibusve
1576 2172 1694 2240 dotibus
1705 2179 1759 2238 ant
1771 2171 1855 2238 uitiis

308 2278 447 2345 recedant
465 2297 484 2346 a
505 2280 628 2362 cnaeus,
649 2280 701 2366 qui
721 2281 862 2349 hactenus
882 2279 994 2346 lrenaeu
1013 2281 1125 2348 mendo
1146 2281 1200 2346 soli
1220 2279 1427 2365 inservierunt,
1447 2290 1553 2367 preter
1571 2299 1607 2349 ιι
1627 2297 1695 2367 ιιι
1713 2279 1851 2358 diximus,

309 2385 407 2469 palam
428 2387 486 2453 erit
504 2406 541 2454 ιιι
562 2389 687 2473 copiosis
706 2389 827 2454 scholiis
846 2398 878 2454 et
897 2387 1101 2465 varietatibus,
1122 2389 1160 2455 ab
1181 2405 1239 2454 nno
1260 2387 1364 2454 saltem
1385 2397 1417 2454 et
1435 2389 1529 2473 primo
1549 2390 1646 2472 eapite
1665 2385 1801 2471 sumptis,
1824 2397 1856 2453 et

309 2494 385 2559 inira
406 2495 607 2579 subjiciendis.
630 2495 716 2563 Nora
737 2496 837 2578 igitur,
859 2505 927 2582 post
946 2507 1099 2582 receptum
1117 2497 1178 2581 jam
1198 2495 1276 2563 Flnri
1297 2494 1461 2580 prologum,
1482 2493 1613 2560 subsidia
1628 2493 1742 2561 Ιιιιιι
1761 2491 1854 2556 tauns

307 2603 521 2686 prestabimus.
537 2607 563 2685 2)

348 2712 405 2779 Sed
425 2711 464 2778 de
476 2713 561 2780 Floro
579 2715 721 2798 qnoniam
741 2730 836 2780 sermo
855 2713 941 2790 redit,
954 2714 1051 2781 eidem
1071 2713 1151 2780 lubet
1171 2722 1323 2797 acceptum
1343 2700 1452 2778 reterr'e
1470 2709 1633 2790 conlertnm
1654 2705 1727 2774 illud
1748 2721 1853 2789 agmen

306 2830 545 2903 argumentcmm
565 2822 674 2906 quibus
694 2822 812 2905 singula
831 2821 928 2907 capita
948 2821 1142 2888 exordiuntur
1156 2821 1187 2885 in
1206 2819 1314 2885 nostris
1334 2819 1420 2885 codd.
1442 2824 1475 2883 ut
1495 2817 1526 2882 in
1546 2815 1756 2882 arundeliano.
1778 2812 1855 2892 Ωιι

307 2927 426 3015 qnidam
447 2928 578 3012 capitula
598 2929 725 2996 barbara
745 2931 818 2996 satis
832 2940 863 2995 et
876 2948 980 3014 aspera
993 2938 1072 3012 aunt,
1088 2931 1160 3014 quin
1180 2935 1276 2996 tamen
1297 2936 1428 2993 ueterem
1447 2924 1552 2992 Irenaei
1574 2924 1762 3007 interpretem
1777 2917 1855 2984 clare

308 3046 340 3104 et
359 3037 472 3123 liquido
492 3037 620 3103 referant
640 3046 693 3103 ant
711 3037 839 3122 sapiant.
861 3036 892 3103 Is
911 3036 962 3105 nir
980 3054 1095 3122 granas
1114 3045 1190 3117 ιιιι,
1213 3053 1311 3102 coram
1331 3034 1442 3099 Irenaeo
1455 3039 1508 3098 aut
1518 3031 1602 3115 juxta
1621 3027 1762 3110 scribens,
1777 3033 1855 3092 certe

307 3154 376 3212 ante
395 3145 627 3226 Tertulliannm3
648 3153 679 3211 et
699 3145 889 3230 quantumvis
905 3143 997 3211 latine
1016 3143 1110 3226 rudis,
1126 3143 1224 3210 tenuit
1237 3152 1335 3209 tamen
1349 3157 1444 3225 grace
1457 3157 1493 3205 ιι
1506 3155 1574 3223 ιιι
1592 3135 1737 3204 emebat.
1751 3133 1855 3215 Neque

308 3254 516 3338 commisisset,
538 3253 603 3320 sire
620 3253 770 3337 excipiens
783 3255 821 3319 ab
834 3271 886 3319 ore
898 3251 1045 3336 magistri,
1060 3251 1128 3318 sire
1141 3269 1203 3336 ιιι
1216 3249 1309 3316 oculis
1322 3249 1436 3314 habens
1449 3262 1578 3331 grecum
1590 3243 1722 3328 ejusdem
1734 3241 1853 3320 librum,

310 3362 461 3430 effundere
482 3371 525 3428 tot
544 3363 690 3448 incompta
712 3363 842 3448 capitum
862 3362 1011 3442 lemmata,
1031 3379 1098 3445 quaa
1118 3360 1223 3426 seriem
1243 3365 1427 3443 pervertunt,
1448 3373 1516 3440 (ιιι
1535 3352 1646 3420 indunt
1665 3349 1854 3428 sententiam,

310 3487 377 3552 quae
398 3469 551 3554 periodum
571 3471 651 3538 band
672 3472 761 3538 mmel
783 3472 970 3554 abmmpunt.
984 3468 1074 3550 Quid,
1090 3467 1169 3554 qnod
1183 3467 1261 3532 sicco
1273 3464 1348 3550 pede
1362 3472 1457 3530 totum
1470 3460 1630 3527 transilivit
1649 3459 1757 3524 librum
1770 3455 1856 3541 quin·

311 3586 383 3655 tum,
406 3593 464 3642 uno
486 3577 546 3643 iere
567 3585 663 3644 tractu
685 3577 825 3661 scriptum
846 3578 877 3641 in
898 3576 1035 3642 omnibus
1055 3593 1125 3640 mss.
1149 3573 1320 3640 codicibus?
1343 3571 1400 3638 Sed
1421 3579 1532 3656 quanto
1552 3567 1659 3654 potiori
1678 3566 1742 3651 jure
1761 3582 1855 3646 argu·

311 3693 410 3749 menta
421 3682 451 3749 id
463 3702 557 3766 genus
567 3685 689 3768 prolixa,
697 3685 822 3766 lubrica,
835 3683 1321 3769 pinguia,praepostera,qnadrant
1332 3701 1398 3747 cum
1409 3679 1527 3745 homine
1537 3675 1684 3754 Camlino,
1693 3670 1792 3738 seculi
1803 3671 1854 3751 tlt,

309 3809 377 3856 cum
399 3790 500 3856 Floro:
522 3799 629 3872 arguto
649 3794 829 3877 ceteroquin
850 3809 903 3876 pro
922 3799 1063 3876 temporo,
1086 3792 1136 3876 qui
1159 3791 1280 3857 lorussa
1301 3789 1391 3856 ctiam
1411 3785 1578 3853 barbariem
1598 3779 1761 3862 alienarii,
1776 3779 1855 3845 haud

311 3897 461 3980 refugiens
480 3915 499 3962 a
519 3897 727 3982 qualicumque
746 3899 856 3966 notens
876 3899 1046 3983 interpretis
1066 3899 1159 3965 ardua
1181 3896 1354 3962 imitatione.

351 4002 479 4085 Pergere
499 4003 582 4069 lubet
601 4004 736 4071 ulterius.
758 4004 794 4070 ln
809 4004 1010 4073 0ttoboniano
1024 4004 1211 4070 membraneo
1221 4004 1283 4087 jam
1295 4002 1459 4068 ιιιιιιιιιὶ
1472 3998 1565 4082 digito
1578 3995 1714 4079 quasdam
1728 3992 1855 4059 volatica

310 4109 431 4191 scholia,
455 4129 521 4193 qma
540 4112 669 4193 assidam,
685 4113 738 4180 sed
751 4131 830 4197 egre
842 4113 942 4180 verbis
955 4111 1128 4196 graecanicis
1141 4110 1313 4190 cohaerent;
1329 4109 1466 4174 fruticare
1479 4105 1618 4174 ridentur
1631 4104 1673 4170 ab
1688 4100 1771 4166 initio
1789 4097 1856 4164 libri

311 4217 408 4301 primi,
430 4227 566 4286 crescunt
584 4220 692 4300 eundo,
712 4239 815 4286 rerum
837 4237 896 4286 non
916 4218 1023 4286 sensim
1044 4219 1226 4298 minuuntur,
1242 4217 1294 4283 sed
1315 4217 1441 4299 abrupto
1458 4214 1541 4298 quasi
1563 4211 1612 4278 iilo
1632 4209 1730 4276 subito
1750 4223 1859 4274 erana·

311 4331 408 4388 scunt
432 4322 506 4403 Quas
524 4326 553 4388 ai
573 4327 698 4394 plurius
719 4337 884 4411 pergerent,
907 4327 1021 4394 lucilius
1041 4333 1118 4392 essct
1139 4343 1239 4393 eorum
1259 4333 1405 4392 auctorem
1426 4333 1457 4391 et
1476 4321 1618 4406 originem
1639 4318 1796 4386 declarare.
1814 4316 1857 4382 lla

314 4445 384 4494 rero
402 4448 471 4512 quar
490 4429 586 4496 adbuc
605 4442 774 4516 supersunt,
790 4433 867 4500 inira
880 4433 995 4516 collegi,
1008 4443 1042 4500 ut
1053 4433 1181 4516 diligens
1195 4433 1287 4498 lector
1298 4433 1434 4510 estimet,
1450 4449 1549 4498 annon
1564 4429 1642 4496 idem
1661 4427 1775 4505 moras,
1790 4435 1859 4509 post

314 4536 466 4620 prologum
485 4555 584 4618 suum,
600 4538 707 4604 scholia
723 4540 907 4625 marginibus
921 4541 988 4606 libri
1003 4543 1050 4608 sui
1064 4541 1208 4619 alienorit,
1223 4559 1289 4624 quaa
1302 4541 1435 4624 pauculis
1456 4547 1569 4606 tantum
1584 4537 1615 4603 in
1629 4537 1713 4613 loliis,
1730 4553 1786 4602 ιιι
1798 4533 1856 4600 nisi

360 4833 382 4906 ¹)
395 4832 473 4889 Hand
487 4831 605 4888 multum
618 4833 754 4892 dissimile
767 4840 884 4891 summa
893 4834 1053 4907 proeligitur
1107 4833 1225 4887 debeant
1239 4829 1349 4885 codices
1361 4829 1490 4901 inscripti
1509 4828 1543 4881 sb
1562 4826 1716 4882 editoribus
1736 4825 1855 4881 Mereor.

309 4924 399 4980 codici
419 4923 485 4978 vat.
498 4921 562 4992 728,
576 4923 623 4994 qui
636 4924 745 4979 ridstnr
757 4923 845 4979 fuisso
857 4923 972 4979 Antonii
986 4921 1054 4976 Gar·
1112 4917 1177 4988 t‚23
1188 4919 1256 4974 adeo
1267 4918 1370 4991 prioris
1381 4916 1517 4973 lectiones
1530 4920 1597 4971 sunt
1607 4914 1784 4988 negliganter
1796 4911 1857 4970 col-

310 5010 412 5066 dinalis
433 5009 549 5081 Amulii,
568 5011 640 5067 baud
668 5011 760 5068 ultimi
785 5013 860 5068 intsr
882 5011 1054 5068 clarissimos
1110 5007 1206 5080 lecim,
1226 5008 1397 5081 posteriores
1422 5023 1488 5061 raro
1515 5007 1555 5062 ita
1573 5005 1714 5073 contusae,
1737 5006 1769 5058 ut
1790 5001 1857 5058 velit
1933 5059 1937 5068 ,

309 5103 338 5158 S.
358 5101 391 5158 E.
413 5101 447 5156 tt.
467 5099 704 5160 bibliothecarios.
1110 5085 1441 5168 Stiemniuqnoannum,
1454 5089 1856 5152 sedduoscodicesdiciMsr-
1898 5085 1903 5094 '

358 5191 383 5256 ²)
398 5191 493 5263 Piguit
504 5207 547 5246 me
557 5193 689 5250 interhos
700 5194 809 5250 codices
819 5194 899 5250 snxie
910 5187 1057 5264 quaesivis-
1110 5205 1166 5244 cer.
1180 5187 1208 5254 2,
1223 5188 1281 5241 sire
1303 5184 1314 5239 l
1336 5189 1365 5241 at
1381 5183 1411 5254 2,
1425 5183 1496 5255 quod
1510 5185 1604 5239 crateri
1619 5185 1738 5239 editores
1756 5180 1857 5236 habant

314 5299 354 5351 aa,
371 5283 435 5356 quis
453 5283 587 5340 Massurii
607 5284 819 5353 Ottobonianus,
837 5281 933 5359 quales
952 5298 984 5336 va
1002 5280 1056 5336 diei
1110 5297 1162 5352 pro
1180 5275 1269 5334 altem
1287 5277 1347 5334 cod.
1369 5275 1552 5332 Mureniana.
