3978 6086
638 511 968 582 monopolitanus
988 514 1195 582 artscoetts
1635 517 1694 584 trs

142 667 207 752 Ego
226 666 357 752 quidem,
379 664 512 752 neglecta
532 681 622 752 quern
642 663 712 734 olim
731 664 782 734 six
803 667 952 753 proposui,
974 663 1142 760 suspicione
1160 663 1344 749 glossematis
1357 683 1375 732 e
1387 667 1520 750 margus
1540 667 1697 753 irrepentis

1 771 2 794 ³
144 790 182 838 ex
204 772 274 839 cor.
295 771 347 854 xl,
369 773 420 854 hh,
443 791 592 859 quumque
606 772 716 840 soleam
730 772 829 858 potius
842 773 1020 842 membranis
1034 769 1179 838 mordicus
1200 769 1356 852 inherere,
1379 789 1416 838 ne
1435 790 1505 857 ergo
1525 791 1629 842 omues
1645 775 1698 841 ha·
1840 815 1843 822 ·

144 881 232 946 heum
254 879 432 948 reluctantes
460 879 594 959 codices,
616 879 727 945 retineo
753 879 876 963 tamise,
897 879 992 946 etsie
1011 876 1143 960 intelligo
1162 876 1340 962 exqundam
1360 877 1509 960 antithesi,
1525 878 1698 947 hiucPaulu

1 963 2 1042 ³
144 986 227 1051 intus
249 986 369 1054 iouente
388 1002 424 1052 ac
442 985 536 1054 verba
556 991 747 1068 suggerente,
769 984 851 1050 illinc
869 984 1046 1051 circumfusa
1065 983 1196 1050 omnium
1215 983 1356 1050 unanimo
1376 985 1559 1051 audientium
1576 1005 1694 1070 corona,

141 1094 198 1158 secel
220 1100 343 1160 Παῦλον
368 1093 480 1161 ἔσωθεν
502 1094 625 1184 (ἔσχον),
641 1093 760 1170 πάντας
784 1085 818 1160 δὲ
840 1094 1032 1187 ὁμηγερέας;
1055 1091 1128 1156 acsi
1144 1090 1276 1157 dmonos
1289 1090 1452 1158 orientales
1466 1091 1697 1161 mutiliaveritd

145 1199 366 1281 ἰσασοστολος,
388 1199 490 1266 eodem
510 1198 607 1277 modo,
630 1197 733 1264 ἰιοοοιο
753 1197 854 1264 verbis
867 1198 985 1264 sibimet
997 1217 1080 1280 usus,
1096 1197 1204 1282 quihus
1217 1196 1286 1263 olim
1307 1195 1416 1262 mutus
1436 1197 1613 1280 Corinthios,
1636 1199 1696 1267 Go-

146 1303 283 1389 latasque
303 1305 452 1372 discordes
472 1305 669 1389 redargueret:
692 1304 746 1370 sed
766 1304 903 1389 impedita
924 1321 1041 1390 semper
1060 1306 1266 1390 salebrosaquc
1285 1305 1337 1371 xia
1357 1305 1462 1388 pedem
1483 1306 1613 1373 offendit.

183 1428 218 1476 v.
240 1412 291 1476 la.
309 1410 504 1508 ὀμηγερέσις
526 1412 668 1480 Homerus
688 1412 816 1497 praehuit
836 1411 918 1496 mihi,
940 1412 1013 1480 duce
1034 1433 1120 1498 ιςιιοιιι
1141 1413 1277 1498 ignoraui
1297 1412 1453 1495 llalloixio‚
1473 1431 1600 1498 quocum
1621 1433 1696 1500 prte-

142 1517 231 1585 mitto
250 1507 382 1602 ισάντας,
406 1522 502 1588 deleto
521 1521 609 1605 paulo
628 1531 696 1604 post
714 1523 820 1603 cavel,
840 1521 919 1604 quod
939 1521 1016 1586 male
1035 1521 1155 1603 otiatur,
1170 1527 1314 1605 expuncta
1327 1520 1418 1586 etiam
1437 1521 1534 1587 medin
1554 1522 1650 1590 littera
1666 1524 1695 1588 in

143 1638 306 1721 προσῆγσε
330 1626 409 1712 quod
429 1627 554 1694 verhum
574 1627 643 1693 olim
673 1627 838 1713 importuno
864 1627 950 1694 sihilo
968 1644 1127 1706 auxonam,
1149 1647 1202 1713 pro
1227 1627 1373 1694 constanti
1399 1627 1532 1694 codicum
1551 1629 1695 1714 scriptura

145 1745 286 1828 προῆγε;
308 1750 343 1800 οο
363 1753 401 1802 ne
422 1735 498 1802 idem
519 1735 566 1801 his
585 1746 738 1820 regeretur
759 1748 909 1830 προσῆγε,
932 1736 1098 1830 eruptiones.
1122 1734 1187 1800 Duo
1210 1735 1289 1800 euim
1312 1733 1450 1802 distincte
1476 1733 1694 1818 significantur,

144 1857 214 1924 qnae
235 1839 372 1907 solebant
385 1841 417 1908 in
431 1841 537 1928 synaxi
551 1842 628 1923 heri,
643 1843 745 1910 concio
758 1842 796 1910 de
810 1843 878 1926 fide,
894 1851 927 1910 ut
942 1843 972 1910 iu
985 1862 1017 1910 ι.
1034 1843 1085 1923 ta,
1101 1851 1131 1909 ct
1142 1859 1258 1907 sacrum
1271 1841 1453 1921 convivium,
1475 1840 1513 1906 de
1531 1859 1589 1925 quo
1608 1859 1640 1907 ι.
1659 1843 1696 1906 tu

145 1954 176 2012 et
189 1963 257 2029 sqq.

185 2071 219 2117 ιι.
240 2055 291 2118 13.
314 2055 359 2122 al
383 2062 504 2124 [ΧΘΥΝ
527 2054 634 2121 iterum
648 2055 787 2123 accedere
799 2055 878 2138 nolo,
893 2056 965 2142 quin
977 2040 1122 2122 llalloixio
1136 2055 1211 2121 hanc
1225 2055 1342 2122 laudem
1355 2055 1524 2138 rependam,
1539 2074 1607 2121 eum
1622 2057 1698 2122 inter

147 2160 336 2236 recentiores,
358 2161 411 2228 vix
431 2181 491 2228 non
510 2162 601 2228 luisse
621 2163 759 2247 primum,
779 2164 829 2248 qui
847 2183 924 2230 anno
945 2165 1189 2248 latomorum
1208 2165 1315 2247 piscem
1328 2163 1482 2246 detexerit,
1496 2181 1592 2247 neque
1605 2181 1695 2228 uuum

148 2269 208 2332 iere
227 2267 361 2333 omiserit
381 2287 417 2335 ex
437 2269 509 2335 locis
530 2269 668 2353 dassieis,
685 2271 772 2338 toties
791 2280 937 2356 posteurn
958 2271 1092 2355 regestis,
1111 2271 1295 2350 Tertulliani,
1315 2270 1416 2355 Optati
1438 2269 1615 2350 Milevitaui,
1637 2272 1698 2337 hu-

145 2371 270 2454 guslini,
293 2373 425 2455 Eusehii,
447 2375 644 2458 Constantini,
667 2369 794 2458 Paulini,
817 2377 964 2462 Prosperi,
979 2377 1136 2446 Clementis
1150 2377 1341 2444 Alexandrini
1362 2387 1450 2462 etque
1464 2377 1652 2462 Sibyllarum.
1669 2379 1695 2454 ¹)

148 2479 242 2566 Nemo
261 2478 425 2565 hominum,
448 2483 561 2567 opinor,
584 2501 663 2551 ame
675 2485 886 2568 exspectaverit,
901 2485 1008 2552 iterum
1020 2484 1172 2550 retractari
1194 2484 1308 2550 Piscem
1327 2485 1518 2569 symbolicum,
1535 2503 1623 2568 quem
1643 2487 1697 2551 du·

148 2585 217 2652 dum
232 2598 416 2671 peracutum
432 2590 491 2656 lere
504 2580 642 2674 pa'grnas,
657 2590 685 2674 2)
701 2591 815 2657 minuto
828 2593 934 2657 densas
947 2591 1127 2673 charactere,
1144 2601 1314 2675 persecutus
1327 2610 1404 2672 sum,
1420 2592 1595 2658 succedente
1607 2592 1696 2676 longo

147 2697 266 2778 agmine
287 2697 442 2782 plusquam
456 2700 648 2766 ducentorum
662 2699 797 2784 piscium,
812 2719 886 2784 quos
898 2719 977 2766 nunc
990 2701 1076 2767 lacile
1088 2700 1127 2766 ad
1148 2698 1381 2784 quadringentos
1402 2698 1564 2782 producere
1583 2698 1693 2765 liceret:

149 2803 221 2887 quin
243 2803 332 2870 immo
352 2805 391 2871 ad
411 2807 559 2873 cumulum
579 2809 735 2874 accedente
755 2808 875 2874 classica
896 2809 1104 2893 disquisitione
1123 2809 1158 2874 de
1179 2808 1350 2873 chudionis
1368 2808 1555 2872 monumentis
1575 2813 1697 2874 ΙΧΘΥΝ

149 2909 349 2994 euidentius,
371 2915 489 2982 nomine
508 2925 538 2982 et
558 2917 667 2982 annulo
688 2916 841 2982 clarissimi
861 2917 968 3002 equitis
987 2917 1016 2982 J.
1037 2916 1072 2982 ll.
1095 2916 1134 2982 de
1152 2914 1237 2981 lissei
1258 2921 1360 2979 omato
1381 2921 1412 2979 et
1431 2911 1614 3002 consignata.

189 3015 247 3085 Sed
263 3037 299 3087 ne
313 3021 351 3086 ah
365 3021 587 3107 hieropolitano
599 3023 684 3089 titulo
697 3023 843 3105 recedam,
859 3042 896 3090 ex
910 3023 960 3090 illo
974 3025 1081 3090 inferre
1092 3023 1175 3088 luhet
1184 3022 1247 3105 jam
1257 3037 1274 3083 a
1285 3019 1393 3084 smeulo
1406 3019 1533 3084 secundo
1543 3037 1596 3104 per
1605 3027 1698 3086 totum

151 3124 250 3192 orbem
272 3127 473 3195 circumlatum
493 3129 583 3196 luisse
604 3147 754 3209 arcanum,
769 3149 835 3196 cum
855 3139 942 3198 testes
963 3130 1124 3196 habeamus
1144 3128 1307 3212 coaeqoales
1321 3125 1478 3193 lhercium
1498 3126 1700 3208 hierapolita-

151 3251 232 3315 num,
254 3235 426 3304 Melitenam
447 3237 634 3319 sardensem,
657 3237 839 3304 Clementem
852 3236 1093 3316 Alexandrinum,
1109 3235 1320 3302 Tertullianum
1333 3233 1514 3316 amenum,
1536 3232 1700 3300 lectorium

150 3343 453 3428 Augustodunensem.

195 3461 281 3531 Ζωῆς
306 3455 367 3520 ἀπὸ
390 3465 505 3549 πηγῆς.
527 3451 603 3518 Fons
623 3452 742 3537 quidem
766 3451 904 3534 divinus,
926 3453 964 3516 ah
984 3451 1122 3520 universa
1143 3453 1319 3536 antiquitate
1342 3449 1502 3515 christiano
1521 3449 1696 3530 scaturiens,

150 3557 237 3642 pleno
249 3578 336 3627 amne
349 3559 415 3626 huit
428 3561 459 3626 iu
479 3560 559 3646 picta
579 3569 610 3626 et
624 3559 740 3626 musiva
753 3560 855 3626 Roma
867 3577 968 3645 opera,
985 3578 1063 3626 nunc
1082 3579 1120 3627 ex
1141 3579 1213 3644 rupe
1227 3559 1351 3642 elicitus,
1368 3577 1446 3626 nuuc
1458 3559 1496 3626 de
1509 3567 1608 3625 moute
1627 3558 1699 3624 eliu-

150 3683 201 3731 sus
216 3668 273 3732 suh
287 3666 412 3751 pedihus
425 3666 522 3751 dgni3
539 3683 689 3750 unumque
703 3666 870 3752 significare
885 3668 970 3750 solet,
985 3669 1125 3735 nimirum
1139 3667 1250 3734 Christi
1264 3667 1392 3752 gratiam
1410 3667 1527 3734 unicam
1545 3685 1612 3734 esse
1630 3684 1698 3751 qum

151 3772 243 3839 vitam
258 3785 289 3841 et
303 3775 428 3841 salutem
441 3774 549 3841 mundo
563 3774 720 3858 impertiat.
735 3773 810 3854 Quae
823 3774 976 3859 splendide
986 3775 1122 3860 exposuit
1132 3775 1163 3842 iu
1174 3775 1354 3842 cultissimis
1364 3775 1487 3860 picturis
1498 3791 1627 3842 summus
1637 3790 1699 3838 ma·
1843 3782 1847 3790 ’

151 3879 252 3960 gister.
268 3881 290 3962 3)
309 3882 454 3966 Respectu
475 3879 612 3947 adhunc
625 3899 716 3946 unum
731 3880 849 3961 tonum,
866 3881 991 3965 primum
1006 3882 1077 3947 mihi
1091 3883 1377 3967 placuerotscrihere
1393 3883 1479 3975 ἰχθὺν
1496 3876 1530 3950 δὲ
1546 3895 1618 3975 μιῆς
1633 3884 1695 3950 ἀπὸ

151 4001 265 4084 πηγῆς,
289 4007 385 4075 neque
405 3991 558 4058 omiseram
579 4007 715 4056 reuocare
728 3989 800 4056 illud
814 3991 1010 4077 sibylliacum,
1026 3991 1105 4057 haud
1118 3993 1236 4058 omuino
1249 3990 1383 4058 abhisoc
1403 3993 1491 4058 rebus
1511 3990 1652 4058 alienum:
1668 3992 1695 4074 ⁴)

152 4095 205 4164 Ἐκ
229 4089 263 4164 δὲ
287 4108 359 4188 μιῆς
382 4110 488 4191 πηγῆς
512 4097 599 4191 κόρος
623 4097 749 4164 ἔσσεται
772 4090 900 4191 ἀνδρῶν.
920 4097 1063 4176 Quamvis
1084 4097 1132 4162 hic
1151 4098 1231 4164 haud
1251 4099 1368 4182 ingrata
1386 4098 1428 4163 sit
1447 4095 1603 4162 mathesis
1623 4096 1698 4162 intel·

151 4201 246 4284 prima
267 4211 298 4268 ot
317 4202 422 4268 ultima
443 4203 548 4283 verba,
570 4221 660 4287 quum
680 4203 769 4269 valde
788 4213 894 4270 vexata
909 4203 949 4270 sit
962 4221 1031 4289 pars
1044 4205 1123 4288 prior
1136 4206 1285 4288 versiculi,
1301 4205 1395 4273 satim
1414 4212 1461 4270 est
1480 4202 1540 4267 alia
1559 4203 1698 4288 supplere
1828 4265 1829 4268 ,

150 4326 187 4373 cx
209 4308 291 4374 lente
314 4309 481 4392 integriore,
504 4318 534 4375 et
554 4327 621 4394 qum
641 4309 737 4374 miuus
756 4309 881 4375 obscura
904 4309 974 4375 sint.
1002 4310 1104 4377 Malim
1123 4329 1195 4394 ergo
1220 4307 1301 4392 ζωῆς
1325 4313 1386 4378 ἀπὸ
1409 4319 1531 4402 πηγῆς,
1554 4308 1637 4392 quod
1650 4327 1700 4373 su-

150 4415 264 4499 periora
284 4417 403 4501 respicit
423 4418 466 4485 τὰ
488 4414 569 4499 ζωῆς
591 4417 777 4511 γράμματα,
799 4427 830 4484 el
844 4419 929 4502 plura
942 4415 1516 4507 musenunea,l³s.ilxllv,1t:11apd
1538 4416 1586 4484 σοὶ
1608 4417 1696 4508 πηγὴ

150 4519 240 4604 ζωῆς.
263 4523 302 4589 Is.
330 4525 401 4607 llll,
425 4526 460 4590 3:
485 4526 547 4591 Καὶ
570 4527 752 4602 ἀντλήσητε
774 4517 856 4617 ὕδωρ
879 4523 950 4614 μετ’
974 4526 1158 4618 εὐφροσύνης
1181 4528 1216 4591 ἐκ
1238 4533 1301 4590 τῶν
1320 4533 1431 4618 πηγῶν
1455 4525 1618 4615 σωτηρίου.
1646 4523 1700 4588 Je-

150 4646 222 4694 rem.
238 4627 328 4711 llll,
345 4629 402 4694 13:
427 4630 652 4724 Ἐγνατέλιπον
676 4631 784 4726 πηγὴν
800 4627 880 4712 ζωῆς
896 4632 951 4697 τὸν
971 4631 1089 4724 Κύριον.
1113 4631 1216 4715 Neque
1230 4631 1391 4698 omittenda
1405 4630 1497 4696 alherd
1510 4630 1633 4695 loannis
1643 4642 1699 4698 τοῦ

150 4737 330 4814 termites·
341 4735 527 4820 suavislgui
536 4739 846 4822 vox,hpoc.v11:'0cs
860 4741 899 4806 τὸ
915 4743 1016 4833 ἀρνίον
1029 4733 1142 4834 ὁδηγεῖ
1155 4741 1266 4820 αὐτοὺς
1281 4741 1332 4808 ἐπὶ
1347 4735 1428 4822 ζωῆς
1445 4739 1550 4834 πηγὰς
1566 4731 1697 4806 ὑδάτων.

190 4865 223 4910 v.
248 4843 296 4908 lt.
322 4850 443 4910 ΙΧΘΥΝ
465 4845 666 4938 παμμεγέθη,
690 4844 845 4938 καθαρόν)
872 4845 991 4912 Diceres
1010 4846 1216 4912 mirabundum
1236 4855 1346 4928 satem
1363 4845 1442 4911 haud
1462 4845 1525 4911 siue
1545 4846 1649 4930 plausu
1668 4851 1699 4912 et

149 4950 253 5034 jubilo,
271 4950 419 5030 accedere,
436 4959 468 5015 ut
481 4948 572 5018 hahet
585 4951 745 5037 Prosperus
759 4951 824 5019 sive
837 4956 1009 5035 hnoupmus
1024 4950 1187 5034 hiricanus,
1202 4951 1355 5017 adciscens
1369 4969 1498 5032 uacuos,
1513 4953 1563 5035 qui
1579 4951 1701 5017 estimet
1829 4983 1831 4986 ·

189 5169 212 5230 ¹)
231 5161 338 5223 metas.
360 5168 466 5224 orient
491 5173 621 5239 scriptor.
642 5173 661 5225 i.
679 5183 709 5234 ιι,
728 5186 757 5241 p.
782 5165 841 5225 143.
861 5199 897 5211 —
988 5168 1012 5232 3)
1025 5169 1064 5222 De
1077 5167 1269 5228 anatliema
1281 5175 1432 5220 sotterran.
1447 5169 1469 5223 t.
1478 5181 1510 5235 ιι,
1523 5184 1548 5224 c.
1566 5165 1609 5234 ta,
1622 5186 1649 5240 p.
1660 5165 1696 5221 33

150 5257 171 5328 ’)
191 5257 288 5328 spicil.
310 5258 424 5312 Soleem.
453 5265 472 5312 t.
494 5272 535 5324 ιιι,
555 5275 581 5330 p.
606 5257 744 5324 tea-584,
762 5255 896 5314 627-629.
951 5276 1014 5330 sqq.
1028 5287 1062 5302 -
1075 5257 1099 5322 4)
1113 5257 1151 5312 ci.
1166 5257 1266 5327 Spieii.
1278 5258 1393 5312 Soleem.
1406 5263 1427 5310 t.
1440 5271 1508 5328 nt,p
1523 5255 1589 5311 .533
1599 5259 1695 5312 innot.
