4064 6108
877 413 1143 486 AN'lelCAENlS
1725 421 1785 492 ttt

233 561 354 644 ingenio
364 578 453 646 quam
466 570 599 630 ueterum
611 561 755 630 inaerrtre
765 561 943 648 discipline.
955 562 1085 629 Priscam
1096 564 1213 649 quidem
1230 564 1509 649 interpretationem,
1526 584 1613 650 qnam
1627 567 1717 652 probe
1731 585 1783 634 no·

233 676 349 746 rorant,
372 683 460 752 quam
483 667 629 733 interdum
649 675 807 733 servarunt
820 667 869 734 vel
884 669 914 734 in
928 668 1017 734 rebus
1031 669 1131 735 dubiis
1150 681 1181 736 et
1202 670 1314 751 liberis,
1331 672 1386 738 rita
1401 672 1430 736 in
1445 681 1631 738 antecessum
1652 672 1780 757 plerum·

231 791 288 857 qua
308 773 501 857 premittunt,
524 773 577 840 sed
597 773 687 839 allatu
707 774 808 840 statim
829 774 977 840 sententia
997 793 1096 856 nora,
1110 795 1199 859 quam
1220 777 1358 862 amplecti
1380 775 1527 842 collibuit.
1549 777 1649 844 lltinm
1670 778 1784 844 erudite

231 888 262 945 et
282 897 395 946 morose
415 879 551 959 allerunt,
566 890 597 946 et
611 879 664 947 hoe
677 879 748 944 alibi
770 896 879 963 rarum,
901 882 1075 966 scriptorum
1095 882 1226 964 nomina,
1247 882 1349 966 libros,
1365 884 1471 964 verba,
1492 884 1546 950 sed
1566 885 1651 970 quusi
1673 903 1781 970 suppe-

232 985 371 1065 daneum,
396 995 568 1068 arroganter
587 985 739 1066 ontearum,
762 1003 834 1069 quo,
857 985 901 1051 uti
922 987 1080 1068 estimant,
1102 987 1140 1051 ad
1160 987 1333 1056 sublimiora
1354 991 1513 1057 enitamur.

275 1090 433 1156 sublimior
453 1091 503 1158 illa
526 1100 640 1172 Γνῶσνς
650 1091 699 1158 ad
719 1091 872 1160 lastidium
885 1113 978 1178 usqm
991 1093 1146 1175 regeritur,
1159 1112 1254 1178 neque
1267 1096 1361 1162 eolnrn
1374 1099 1406 1161 in
1421 1095 1576 1163 Clementis
1593 1089 1784 1184 διδασκαλίᾳ

234 1209 385 1283 perpetua,
407 1201 460 1266 ssd
480 1201 531 1267 ubi
552 1203 600 1267 vis
620 1201 699 1286 apud
719 1201 887 1284 origenem.
910 1199 1026 1266 tatuit
1045 1217 1104 1279 me,
1124 1218 1162 1266 uc
1181 1199 1319 1283 diffitear,
1335 1203 1406 1268 dum
1425 1203 1578 1270 mnumera
1594 1203 1782 1270 Adamantini

233 1305 343 1372 scholia
364 1307 430 1374 sire
451 1317 561 1391 vetera,
584 1308 649 1376 sire
668 1327 746 1376 nora
766 1327 933 1393 coquerem,
956 1309 1044 1374 toties
1064 1309 1204 1376 incidisse
1217 1309 1248 1375 in
1264 1311 1450 1377 decantatam
1470 1303 1630 1390 sciendam,
1656 1323 1783 1406 podere,

235 1413 373 1505 ineptes,
397 1417 590 1508 ἐπιστήμην,
614 1434 650 1481 ac
669 1415 694 1480 si
715 1424 794 1481 esset
814 1411 1020 1501 cujuscumque
1039 1416 1235 1500 philosophiae
1260 1427 1291 1484 et
1319 1416 1492 1502 theologia,
1514 1420 1634 1486 vimutis
1655 1439 1690 1486 ao
1708 1420 1782 1486 vitm

235 1525 510 1612 ὰνακαφαλαίωσις.
535 1523 681 1603 Quorsum
695 1541 767 1590 sero
786 1531 900 1606 spectat
920 1523 1054 1606 gnostica
1072 1523 1122 1588 illa
1143 1524 1447 1608 contemplatioque
1468 1525 1597 1591 limbrias
1618 1547 1683 1593 cum
1698 1538 1782 1598 tanto

235 1629 339 1694 dilatat
353 1627 490 1694 ambitui
505 1629 591 1696 Haud
606 1630 682 1696 ultra
702 1630 934 1714 philosophicum
947 1631 1047 1698 orbem
1061 1632 1259 1715 progreditur,
1275 1642 1394 1717 totaque
1413 1634 1443 1698 ln
1458 1634 1608 1700 Platonica
1628 1643 1682 1699 aut
1695 1637 1783 1700 Aris-

236 1735 354 1804 totetiea
376 1736 571 1820 psychologia
592 1739 738 1805 censistit.
754 1739 810 1808 tir
825 1755 860 1804 ac
874 1757 912 1805 ne
925 1739 977 1804 vir
991 1739 1109 1823 quidem
1124 1741 1162 1806 ad
1178 1741 1341 1807 revalatum
1356 1740 1444 1810 Verbi
1459 1742 1623 1824 euangelici
1637 1742 1780 1825 ordinem,

234 1845 271 1910 ad
293 1847 433 1928 dogmata
453 1845 572 1911 caelitus
592 1847 782 1914 manifestata
804 1845 941 1928 assurgit,
964 1864 1039 1930 quae,
1059 1856 1092 1912 ut
1112 1847 1259 1931 vidimus,
1281 1850 1368 1934 pleno
1388 1849 1474 1918 alueo
1495 1849 1700 1917 hlelitonianas
1719 1851 1783 1917 lor-

147 2002 151 2008 .
236 1951 341 2032 mulas,
362 1951 525 2037 lrenaeique
546 1962 577 2019 et
595 1953 747 2041 Hippolyti
767 1955 991 2021 commentarios
1011 1955 1167 2021 inundant.

272 2059 316 2124 lio
337 2077 430 2143 usqua
449 2060 642 2127 Alexandrini
662 2062 775 2146 delapsi
796 2070 876 2141 sunt,
895 2072 929 2128 ut
942 2063 1068 2129 lunatam
1082 2065 1163 2130 illam
1177 2065 1330 2131 scientiam
1344 2063 1551 2146 lurnatnmque
1571 2075 1696 2158 γνῶσιν,
1718 2081 1784 2130 cm-

235 2165 338 2232 testem
350 2185 424 2249 pene
435 2166 563 2232 dixerint
572 2168 690 2250 Legem,
703 2169 886 2253 alterumque
899 2171 995 2264 Λόγον
998 2228 1009 2263 ‚
1018 2189 1073 2236 nec
1085 2171 1207 2238 timeant
1220 2190 1361 2254 asserere,
1375 2171 1586 2255 philosophiam
1596 2189 1662 2237 osse
1672 2169 1784 2254 hainae

234 2273 379 2357 quoddam
400 2275 594 2358 providentiae
614 2295 706 2360 opus:
729 2278 939 2369 αἰνισσόμενος
954 2281 1104 2372 ἀμηγέπη
1124 2280 1206 2359 θείας
1223 2283 1311 2374 ἔργον
1328 2284 1470 2375 προνοίας
1483 2282 1537 2347 καὶ
1554 2282 1734 2372 φιλοσοφίαν
1750 2279 1781 2362 ¹).

960 2565 1051 2662 IV.

273 2816 338 2880 llue
349 2832 399 2880 eos
414 2815 599 2899 potissimum
614 2814 697 2880 duxit
708 2813 793 2879 Philo
807 2813 1035 2890 Alexandrinus,
1051 2813 1212 2895 pessimum
1223 2811 1283 2875 illis
1298 2795 1384 2895 lenge
1397 2831 1432 2877 ac
1444 2812 1612 2878 lethiferum
1622 2789 1781 2897 exemplar,

234 2929 393 2988 venustum
403 2921 524 3006 quidem
531 2922 615 3005 iuxta
629 2931 660 2987 et
672 2922 804 3003 elegans,
821 2919 910 3004 inque
923 2919 1023 2986 multis
1034 2930 1082 2985 sat
1092 2919 1282 3002 luculentum,
1298 2928 1331 2986 nt
1345 2921 1478 2986 incautos
1491 2919 1588 2986 oeulos
1601 2919 1678 2986 facili
1696 2920 1782 2985 leno-

234 3031 312 3096 cinio
327 3029 548 3114 perstringeret.
572 3030 682 3097 Gravis
702 3028 840 3114 quaestio,
856 3027 1029 3094 ventilanda
1043 3027 1148 3106 lusius,
1168 3036 1202 3092 ut
1220 3045 1318 3111 spero,
1334 3027 1373 3092 ad
1393 3027 1503 3094 calcem
1523 3028 1610 3112 hujus
1631 3028 1714 3108 tomi,
1731 3025 1782 3092 ubi

235 3138 273 3202 de
293 3136 404 3220 duplici
424 3148 560 3203 ueterum
580 3137 681 3204 schola
694 3135 853 3217 allegorica
873 3135 1066 3218 opportunius
1079 3134 1287 3218 disputabitur.
1303 3135 1359 3200 llio
1373 3144 1486 3201 mutum
1501 3155 1594 3218 pauca
1608 3135 1732 3201 dixerim
1746 3135 1784 3201 dc

236 3243 370 3323 Philone,
391 3261 478 3326 quem
499 3261 517 3308 a
537 3243 648 3310 nostris
668 3241 874 3337 Alexandrinis
896 3242 1050 3326 seiungere
1076 3259 1206 3326 nequeo:
1231 3250 1293 3306 tum
1313 3243 1383 3325 quia
1407 3243 1479 3308 mihi
1507 3261 1565 3308 non
1591 3243 1698 3310 desunt
1719 3243 1783 3326 ejus

236 3352 371 3436 medam
392 3350 547 3430 anecdota,
569 3350 647 3416 unde
669 3350 758 3418 obuia
778 3369 849 3416 ansa
870 3351 1036 3434 prebeatur
1055 3351 1138 3416 illum
1158 3349 1284 3434 hospitio
1304 3349 1485 3434 excipiendi;
1505 3357 1567 3415 tum
1587 3349 1658 3434 quia
1678 3367 1784 3416 moon-

236 3460 319 3526 ditur
340 3460 370 3525 in
391 3458 538 3529 Vaticana·
554 3460 660 3542 ingens
679 3459 765 3544 eopia
785 3459 931 3540 codicum,
953 3477 1028 3544 ques
1048 3458 1142 3540 digito
1162 3458 1267 3524 saltem
1288 3474 1347 3523 non
1368 3457 1532 3536 ostendere,
1545 3455 1691 3541 piaculum
1712 3457 1782 3521 mihi

235 3577 332 3650 csset;
356 3569 408 3635 sed
421 3577 573 3651 propterea
588 3567 715 3634 manime
727 3567 817 3652 quod,
833 3585 931 3652 neque
946 3567 1039 3648 lallor,
1054 3567 1162 3633 diurna
1176 3575 1377 3650 nocturnaque
1396 3583 1485 3632 manu
1499 3563 1616 3630 Philon
1634 3562 1785 3647 magistris
1816 3574 1823 3582 ·
1927 3635 1928 3640 ,

237 3681 457 3770 Κατηχήσεων
481 3684 619 3742 versatim
640 3675 704 3742 luit.
726 3674 800 3743 Inde
819 3675 923 3742 herum
943 3675 1063 3760 prurigo
1083 3674 1267 3756 academica,
1289 3681 1325 3740 ut
1344 3671 1440 3740 divini
1459 3671 1622 3738 Salomonis
1642 3671 1784 3756 porticum

237 3787 266 3851 in
281 3785 448 3851 Platonicos
463 3785 561 3850 hortos
577 3785 775 3850 transferrent.
790 3783 866 3850 llinc
880 3784 992 3852 tumida
1009 3795 1130 3879 γνῶσις,
1145 3801 1198 3868 pro
1211 3799 1323 3848 summo
1338 3784 1413 3848 bono
1426 3789 1554 3865 recepta,
1567 3797 1602 3846 ao
1615 3776 1784 3862 posthabita

236 3894 302 3976 puri
323 3893 468 3975 dogmatis
488 3891 632 3958 austerior
652 3891 819 3976 disciplina.
842 3893 919 3958 lline
938 3894 1075 3974 demum,
1097 3901 1198 3977 spreto
1219 3890 1388 3976 symbolica
1408 3889 1563 3972 theologia
1582 3895 1725 3971 perpetuo
1745 3886 1783 3952 ad

235 3999 382 4066 Christum
403 4007 435 4064 et
448 3997 609 4064 Ecclesiam
629 4006 773 4081 respectu,
794 4017 880 4084 quern
895 4001 996 4066 Asiani
1010 4009 1041 4068 et
1053 3999 1259 4068 Occidentales
1273 3997 1408 4083 religiose
1422 3998 1655 4082 frequentarunt,
1671 3995 1784 4075 placuit

235 4115 362 4190 angusta
381 4107 431 4170 illa
451 4113 482 4170 ct
502 4104 584 4171 humi
604 4123 710 4189 repens
730 4105 860 4189 theoria,
882 4127 949 4192 quae
968 4108 1038 4174 dum
1059 4108 1153 4174 nubes
1173 4116 1293 4191 captare
1313 4106 1446 4185 allectat,
1468 4106 1546 4171 inter
1566 4102 1780 4188 philosophicos

235 4219 340 4283 anima
351 4233 453 4280 sensus
466 4223 497 4278 et
509 4213 710 4280 Aristotelicas
720 4218 884 4298 categorias
898 4225 1034 4283 contenta
1049 4215 1219 4283 suffocatur.
1235 4215 1336 4282 Fidem
1346 4212 1456 4280 dixeris
1470 4211 1553 4296 quasi
1567 4229 1584 4276 e
1597 4210 1672 4275 cralo
1685 4209 1781 4294 dejec-

236 4337 308 4407 tam,
322 4323 427 4389 thrurm
437 4327 591 4399 extorrem,
600 4323 662 4405 jnm
672 4322 817 4390 inlerioris
828 4332 940 4390 naturae
951 4324 1011 4392 uile
1022 4324 1210 4408 mancipium,
1220 4330 1254 4389 ut
1263 4321 1365 4388 humili
1377 4319 1571 4407 physiologia
1581 4316 1779 4397 ancillaretur3

236 4451 272 4498 ac
292 4433 318 4496 si
339 4430 466 4500 llcrhum
488 4431 710 4511 ὲνοσόστατον,
733 4429 801 4496 eive
820 4438 899 4513 ante,
922 4431 987 4498 eive
1006 4433 1071 4517 ejus
1091 4441 1158 4516 post
1178 4431 1357 4512 adrentum,
1380 4429 1454 4495 nihil
1475 4430 1570 4513 majm
1594 4437 1673 4493 esset
1694 4441 1782 4510 qnam

237 4538 331 4604 altera
352 4537 419 4621 plus
439 4537 536 4603 minus
556 4537 689 4603 renovati
703 4536 783 4602 orbis
798 4547 931 4604 creatura
943 4539 980 4619 ἵ).
996 4539 1044 4606 Nil
1064 4539 1171 4606 mirum
1193 4538 1294 4621 igitur,
1310 4538 1336 4603 si
1357 4540 1436 4622 apud
1456 4543 1574 4603 ueteres
1595 4533 1781 4600 inclamatum

236 4645 335 4725 luerit,
357 4644 459 4709 Arium
482 4645 511 4709 in
531 4644 607 4710 libro
630 4646 700 4738 περί
724 4651 826 4739 ἀρχῶν
844 4645 1022 4713 incunabula
1043 4647 1221 4732 repperisse.

222 4775 226 4784 ¹
275 4754 341 4819 Uno
351 4752 454 4818 saltem
468 4754 602 4837 exemplo
614 4755 799 4833 ostendatur,
813 4763 958 4838 quantum
971 4763 1097 4838 utraque
1110 4754 1222 4832 schola,
1238 4752 1301 4818 hac
1315 4752 1516 4831 hlelitoniana,
1533 4751 1581 4816 illa
1595 4749 1780 4831 Philoniana,

235 4861 274 4926 ab
287 4860 427 4926 alterutra
443 4867 503 4925 toto
517 4860 592 4926 eoelo
605 4859 705 4928 distet.
722 4862 756 4927 ln
771 4861 872 4928 Clooia
886 4879 952 4948 cap.
968 4861 1018 4944 lX,
1036 4881 1064 4947 p.
1080 4861 1129 4944 tt,
1144 4860 1296 4943 sigillatim
1308 4860 1352 4924 sic
1367 4858 1543 4927 describitur
1557 4865 1650 4923 totum
1671 4855 1782 4924 veteris

229 4966 337 5054 populi
358 4966 529 5049 sacrarium,
553 4977 586 5034 ut
605 4968 644 5033 ad
663 4985 771 5036 nerum
789 4971 881 5037 ledus
894 4979 1062 5038 constanter
1074 4971 1228 5038 referatur.
1246 4967 1468 5035 Tolmaoeuiom
1486 4977 1535 5033 cst
1547 4967 1579 5031 1ο
1594 4984 1698 5052 eorpus
1717 4965 1782 5032 Sal·

275 5165 298 5240 ι)
309 5167 412 5221 Strom.
423 5163 474 5222 lib.
486 5181 506 5234 r,
517 5163 572 5220 col.
581 5163 645 5223 708.
659 5196 693 5210 -
707 5165 735 5242 2)
746 5169 862 5224 Frustra
872 5168 998 5228 Philonis
1007 5169 1097 5226 editor
1106 5173 1134 5222 ct
1144 5167 1243 5226 vindex
1252 5167 1353 5222 altiora
1363 5167 1475 5242 repelli,
1486 5172 1506 5224 ί.
1521 5168 1634 5243 rpracs.
1649 5183 1677 5238 p.
1691 5179 1779 5224 tx-xt.
