4044 6098
976 499 1170 578 carcanus

301 501 360 578 ιιι
412 465 414 469 ’

297 665 386 743 Εἰκὸς
413 663 488 760 γὰρ,
517 657 569 732 διά
595 667 632 732 τό
661 665 869 759 ἀναρίθμητόν
899 690 953 732 σου
982 675 1045 732 τῶν
1101 683 1190 749 quum
1204 679 1270 728 esse
1286 663 1346 746 sin,
1363 673 1482 748 propter
1498 659 1652 732 innumera
1668 667 1853 750 tneperccts

297 775 534 866 ἁμαρτημάτων
547 775 600 840 καί
612 775 649 840 τό
660 775 780 853 πλῆθός
790 799 845 841 σου
857 785 921 841 τῶν
933 801 1047 842 πταισ-
1100 790 1136 836 ac
1147 770 1365 840 multitudinem
1376 771 1570 855 iniquitatum
1579 784 1704 853 tuarum,
1712 774 1783 840 talia
1795 774 1848 839 tibi

296 881 542 970 putrescens&
566 907 614 947 σοι
638 883 873 955 ἐπεληλυθέναι,

339 981 376 1062 ς’.
385 983 584 1078 Ήνεχύραζες
594 981 628 1055 δὲ
635 989 707 1066 τοὺς
717 982 867 1079 ἀδελφούς
876 1013 930 1054 σου
944 981 1048 1054 διακε-

204 1174 211 1181 ,
295 1105 360 1171 νῆς·
373 1097 519 1184 ἀμφίασιν
530 1086 695 1186 δὲγυμνῶν
709 1098 844 1186 ἀφείλου.
859 1094 920 1157 tut.
934 1095 1002 1172 789,
1016 1097 1043 1157 1.

339 1203 543 1294 Πρόσχωμεν,
561 1210 590 1268 ot
612 1205 812 1296 τοκογλύφοι·
837 1206 961 1292 μήποτε
985 1207 1047 1269 ἑνε-

295 1303 478 1398 χυράζωμεν
496 1301 648 1386 διακενῆς.
666 1309 820 1399 Ὠφέλιμα
843 1309 885 1375 τά
907 1312 1046 1400 ῥήματα,

295 1415 380 1480 κατά
391 1416 486 1482 τοῦτό
500 1421 566 1481 ἐστι
578 1419 616 1482 τό
629 1417 732 1508 λέγειν
745 1417 829 1482 κατά
840 1418 934 1508 λόγον
949 1422 1048 1508 ἀμαρ-

295 1524 427 1612 τήματα
451 1523 586 1614 ἀληθῶς,
610 1522 730 1612 terrm
746 1525 914 1616 γινομένων
940 1529 970 1590 ἑν
995 1529 1047 1590 ἀν-

297 1629 436 1720 θρώποις.
451 1625 683 1719 Ὑπολαμόάνει
697 1643 793 1697 τοῦτο
810 1637 825 1696 ό
842 1633 965 1722 Ἐλίφας
976 1634 1047 1722 περί

296 1749 353 1802 τοῦ
376 1731 457 1828 Ἰδό,
481 1731 587 1812 ἐπειδὴ
607 1730 678 1824 ᾔδει
701 1741 795 1805 αὐτόν
818 1741 976 1819 πλούσιον,
994 1741 1047 1805 καί

296 1843 498 1910 ὑπώπτευσεν
506 1845 572 1910 ἀπό
585 1846 734 1910 τοιούτων
743 1857 834 1911 τινῶν
843 1848 944 1939 πόρων
953 1853 1049 1913 πλου-

295 1961 360 2017 τεῖν
374 1953 478 2017 αὐτόν·
494 1945 541 2018 διό
559 1977 660 2044 φησιν·
674 1950 874 2045 Ἠνεχύραζες
891 1948 1045 2033 διακενῆς,

295 2059 459 2124 τουτέστιν
488 2051 586 2148 μηδὲν
617 2063 863 2151 ἑποφειλόμενος.
889 2101 931 2116 -
954 2069 991 2127 Ei
1014 2055 1047 2128 δὲ

296 2160 448 2247 ἐδάνεισα,
461 2169 513 2232 καί
531 2169 573 2257 μὴ
590 2170 745 2235 πιστεύων
762 2180 808 2254 τῷ
825 2162 1047 2260 δανεισαμένῳ,

268 2273 271 2281 ’
296 2269 409 2341 ἔλαόον
434 2277 582 2367 ἑνήχυρον
607 2271 773 2368 ἀξιόχρεων
793 2278 867 2370 πρός
884 2277 900 2342 ὃ
916 2279 1046 2368 ἔχρησα,

296 2377 409 2448 ἔλαόον
430 2385 588 2474 ἐνήχυρον,
605 2389 639 2449 οῦ
657 2376 800 2462 διακενῆς
817 2378 860 2451 δέ.
877 2391 913 2450 Εἰ
930 2387 1045 2474 μέντοι,

297 2501 497 2581 συκοφαντῶν
521 2493 626 2570 αὐτόν,
643 2494 695 2558 καί
714 2495 813 2586 λόγων
838 2498 970 2584 ὁφειλειν
995 2519 1047 2584 μοι

296 2599 339 2689 μὴ
357 2590 525 2689 δυνάμενον
546 2591 722 2676 ἀποδοῦναι,
740 2605 863 2665 ἀπαιτῶ
888 2602 941 2666 καί
964 2607 1048 2692 λαμὲ

296 2695 393 2794 ύάνω,
417 2703 566 2792 ἑνήχυρον
593 2696 765 2792 [λαμόάνω]
795 2695 948 2781 διακενῆς.

340 2813 569 2900 Προσεπιτείνει
593 2801 627 2875 δὲ
647 2810 751 2887 πάλιν,
770 2807 870 2884 άλλην
895 2815 990 2876 αὑτοῦ
1014 2816 1048 2876 ἀ-

295 2920 427 3009 μαρτίαν
448 2919 585 3007 οἰόμενος
608 2918 778 3010 γεγονέναι.
790 2919 881 2982 Ἔστι
895 2918 974 2985 ποτὲ
991 2925 1048 2984 λα-

293 3018 359 3091 ύεῒν
372 3025 590 3115 ἀμφιάσματα,
600 3029 634 3089 ού
647 3035 703 3089 τοῦ
715 3035 843 3116 γυμνοῦ,
857 3025 941 3091 ἀλλά
952 3030 1048 3090 πλου-

296 3134 373 3221 σίου,
400 3132 527 3221 ἔχοντος
555 3132 646 3222 ἕτερα
673 3133 863 3221 ἀποκείμενα
887 3125 1047 3221 ἐνδύματα

293 3237 398 3304 πολλά
413 3231 533 3325 λαύεῖν,
549 3239 620 3329 τρία
637 3229 687 3313 δή·
702 3233 744 3302 ὦν
759 3248 822 3303 τῶν
841 3243 966 3304 πολλῶν
984 3243 1050 3303 ἐκεῖ

293 3337 406 3410 ἔλαύον
430 3345 588 3434 ἀμφίασιν·
604 3345 687 3410 ἀλλα
702 3355 832 3436 γυμνοῦ,
850 3345 935 3410 ἀλλα
950 3349 1047 3410 πλου-

295 3453 369 3516 σίου.
393 3451 464 3516 Ἐάν
490 3454 595 3542 μέντοι
618 3477 655 3546 γε
679 3463 799 3544 χιτῶνα
828 3455 885 3542 ἔχῃ
911 3477 958 3530 τις
983 3454 1046 3528 ἕνα,

293 3559 348 3625 καί
369 3569 480 3625 τοῦτον
497 3563 552 3626 τὸν
569 3573 698 3652 χιτῶνα,
715 3562 866 3653 προφάσει
882 3571 938 3626 τοῦ
957 3564 1048 3626 ἀπαι-

294 3678 359 3732 τεῖν
383 3668 421 3732 τό
444 3669 527 3758 ἐμόν,
552 3661 680 3746 ἑκδύσω,
707 3669 749 3758 μὴ
775 3670 907 3744 ἐλεήσας
931 3671 1046 3734 ἐκεῖνον

294 3775 350 3840 τόν
362 3776 490 3866 γυμνόν,
501 3778 649 3866 ἀμφίασιν
663 3785 720 3841 τοῦ
732 3785 849 3868 γυμνοῦ
863 3777 1046 3865 ἀφειλόμην.

338 3987 446 4054 Πολλά
462 3980 496 4054 δὲ
511 3999 644 4054 τοιαῦτα
668 3993 698 4054 ἐν
721 3994 796 4078 ἡμῖν
816 3991 948 4082 γίνεται,
970 3992 1046 4055 ὅταν

295 4086 495 4186 δανείζωμεν,
513 4098 589 4161 ὅταν
605 4096 679 4187 πρὸς
696 4096 857 4186 ὀφειλέτας
874 4097 1047 4188 ἑρχώμεθα·

293 4204 445 4281 πολλάκις
462 4205 625 4294 ὀφειλέτης
642 4213 731 4295 ἡμῶν
749 4211 789 4281 εἰς
805 4199 979 4297 ὑπερόολὴν
994 4207 1048 4271 πέ-

295 4333 394 4390 νεται,
413 4310 455 4399 μὴ
484 4302 652 4400 δυνάμενος
680 4303 858 4377 ἀποδοῦναι·
882 4313 935 4377 καί
957 4318 1047 4401 ἡμεῖς

294 4416 336 4483 τά
353 4417 521 4510 σπλάγχνα
536 4424 625 4506 ἡμῶν
643 4420 897 4511 ἀποκλείσαντες,
915 4423 1047 4496 ἀνελεεῒς

294 4525 349 4591 καί
368 4526 448 4616 ὠμοὶ
470 4525 632 4619 γινόμεθα,
658 4525 699 4616 μὴ
728 4526 893 4610 βλέποντες
918 4528 967 4591 ότι
990 4552 1047 4619 γυ-

1100 878 1267 943 aduenisse.

1139 983 1216 1065 ibid,
1232 1006 1263 1052 ν.
1281 987 1310 1050 0.
1329 986 1365 1051 Io
1383 988 1489 1072 pipous
1507 991 1643 1074 occepisti
1660 991 1768 1072 [ratres
1788 995 1851 1054 tuos

1101 1092 1131 1154 io
1151 1111 1267 1174 connis,
1290 1102 1317 1159 et
1336 1099 1429 1160 nudos
1448 1097 1584 1181 spoliasti
1602 1098 1735 1164 vestitus.

1141 1203 1344 1282 Attendamus,
1361 1205 1536 1289 quicumque
1558 1207 1655 1272 tenere
1677 1206 1848 1288 sculpimns;

1102 1299 1224 1372 tortasse
1235 1309 1344 1391 pignus
1356 1311 1387 1374 in
1402 1329 1514 1376 renum
1525 1314 1702 1395 accepimns.
1719 1311 1853 1376 Proticue
1869 1299 1871 1302 ’

1101 1413 1193 1478 verbu
1207 1423 1286 1494 sunt,
1300 1416 1408 1499 quihus
1418 1417 1514 1484 dicere
1524 1429 1571 1484 est
1582 1438 1617 1484 ex
1632 1418 1733 1484 ordine
1744 1437 1852 1483 sermo-

1101 1520 1160 1600 nis,
1172 1522 1210 1587 de
1230 1525 1436 1606 peccatisque
1450 1527 1525 1592 inter
1543 1526 1676 1592 homines
1696 1544 1777 1602 rere,
1793 1535 1852 1591 tur-

1101 1629 1177 1709 piter
1197 1639 1337 1706 aguntur.
1354 1627 1500 1714 supponit
1513 1631 1569 1696 hoc
1583 1631 1706 1714 Elipnar
1726 1629 1764 1695 de
1777 1629 1849 1694 tuh:

1101 1744 1187 1800 noret
1206 1737 1285 1801 enirn
1306 1755 1374 1802 eum
1394 1738 1534 1821 divitem,
1557 1756 1593 1802 ac
1617 1738 1784 1821 suspicatus
1807 1745 1853 1801 est

1101 1861 1166 1908 eum
1180 1844 1324 1927 ejusmodi
1346 1845 1510 1911 rationibus
1525 1848 1633 1912 iactum
1646 1865 1710 1912 esse
1724 1844 1850 1928 locupie-

1103 1960 1174 2017 tem.
1185 1951 1268 2018 Ideo:
1286 1953 1411 2036 Ptycus,
1422 1955 1527 2037 inquit,
1541 1957 1571 2019 io
1584 1973 1690 2018 nouum
1706 1953 1851 2036 accepisti,

1102 2057 1201 2140 idest,
1219 2078 1310 2142 quum
1323 2059 1397 2124 nihil
1414 2059 1468 2124 tibi
1481 2059 1647 2126 deberetur.
1665 2058 1806 2139 -Quod
1826 2058 1851 2122 si

1100 2175 1232 2231 mutuum
1250 2167 1316 2247 feci,
1332 2186 1387 2232 nec
1401 2169 1546 2232 mutuanti
1562 2168 1650 2232 fidem
1664 2166 1787 2245 hebens,
1801 2183 1851 2230 cc-

1101 2271 1164 2355 cepi
1181 2272 1288 2356 pignus
1306 2275 1378 2357 justi
1399 2276 1484 2359 pretii
1496 2276 1578 2358 juxta
1594 2274 1735 2357 prestita,
1752 2271 1852 2355 accepi

1101 2381 1221 2462 pigrius,
1244 2382 1295 2446 sed
1316 2383 1419 2448 nonin
1434 2402 1555 2448 vanum.
1573 2383 1625 2447 Sin
1640 2391 1751 2460 eutem,
1773 2380 1854 2444 calu·

1101 2489 1218 2554 runicus
1237 2508 1317 2570 enm,
1332 2501 1362 2556 et
1376 2510 1511 2557 asserens
1524 2510 1592 2556 eum
1605 2510 1672 2556 esse
1691 2508 1789 2554 meum
1802 2487 1853 2553 de·

1098 2597 1233 2677 nitorem,
1255 2599 1306 2681 qni
1326 2600 1479 2666 restituere
1499 2619 1557 2665 nnn
1579 2609 1686 2683 potest,
1708 2597 1798 2679 erigo
1817 2605 1848 2662 et

1101 2704 1210 2787 pignus
1230 2707 1353 2790 accipio,
1375 2707 1488 2791 accipio
1509 2710 1540 2771 in
1560 2725 1682 2772 renum.

1140 2816 1179 2876 tt
1198 2821 1285 2894 urget
1305 2813 1411 2878 iterum
1433 2813 1588 2896 (tiphos),
1605 2813 1684 2878 eliud
1700 2821 1849 2895 peccatum

1100 2918 1139 2982 ab
1161 2937 1195 2984 co
1223 2918 1383 2984 admissuro
1410 2919 1501 2985 inisse
1521 2921 1670 3002 opinatus.
1692 2919 1773 3004 Licet
1792 2918 1852 2982 oti-

1101 3026 1219 3108 quundo
1240 3026 1373 3110 occipere
1395 3027 1585 3106 indumenta,
1607 3024 1685 3091 heud
1708 3025 1779 3090 nudi
1800 3025 1852 3089 hc-

1101 3133 1199 3208 minis,
1222 3133 1274 3198 scd
1295 3134 1416 3212 divitis,
1438 3133 1577 3199 videlicet
1603 3133 1653 3216 qui
1680 3133 1772 3198 multa
1793 3132 1851 3198 etia

1102 3238 1207 3304 habeat
1228 3240 1355 3323 reposita
1375 3241 1564 3320 vestimenta,
1581 3241 1638 3306 trie
1657 3240 1774 3304 saltem.
1794 3239 1852 3302 ltn-

1101 3363 1166 3408 rum
1182 3344 1338 3410 multarum
1352 3346 1482 3410 vestium
1496 3345 1545 3410 hic
1559 3363 1647 3411 unum
1662 3345 1769 3427 recepi.
1786 3343 1850 3407 ntis

1101 3461 1147 3516 est
1160 3452 1232 3517 nudi
1247 3469 1346 3533 muse,
1364 3453 1422 3518 atie
1436 3453 1550 3519 divitis.
1568 3455 1656 3533 Quod
1676 3453 1784 3537 siquis
1806 3452 1849 3516 in·

1104 3569 1181 3624 terea
1202 3560 1383 3643 siugnturem
1406 3562 1534 3628 tunicam
1556 3560 1655 3642 hebet,
1677 3571 1707 3626 et
1728 3560 1784 3624 hac
1807 3570 1852 3625 tu-

1101 3666 1167 3732 nice
1188 3685 1254 3745 ego,
1271 3677 1417 3751 pretextu
1437 3668 1571 3747 exigendi
1587 3669 1666 3752 qnod
1684 3686 1781 3733 meum
1794 3675 1849 3747 est,

1100 3793 1166 3840 eum
1186 3774 1290 3858 spolio,
1307 3793 1365 3839 non
1385 3774 1521 3840 misertus
1542 3775 1688 3841 nuditatis
1707 3776 1782 3860 ejus,
1797 3793 1850 3842 ve·

1100 3881 1271 3946 stimentnm
1292 3897 1308 3942 n
1330 3881 1409 3946 nudo
1430 3882 1551 3947 abstuli.

1140 3985 1232 4052 Multa
1255 3986 1419 4070 hujusmodi
1441 3987 1522 4072 apud
1541 4005 1594 4054 nos
1616 3989 1708 4070 fiunt,
1730 3990 1847 4072 quando

1102 4106 1200 4160 mutuo
1213 4097 1330 4176 damus,
1343 4098 1459 4179 quondo
1473 4097 1512 4162 sd
1526 4097 1673 4162 debitores
1685 4097 1847 4180 pergimus.

1100 4203 1185 4285 Saepe
1199 4203 1346 4286 contingit
1357 4214 1390 4268 ut
1401 4205 1516 4270 debitor
1530 4213 1628 4270 noster
1638 4213 1769 4270 extreme
1781 4222 1852 4288 psu-

1101 4318 1216 4392 pertete
1237 4308 1367 4386 taboret,
1387 4309 1510 4374 reddere
1530 4329 1589 4375 non
1610 4309 1725 4377 volens.
1748 4311 1786 4376 ns
1799 4329 1852 4377 nos

1100 4418 1214 4482 viscera
1237 4429 1334 4483 nostre
1355 4415 1536 4498 claudentes,
1559 4417 1801 4484 immisericordes
1820 4428 1853 4485 et

1100 4524 1232 4590 crudeles
1248 4525 1344 4604 imus,
1361 4542 1419 4589 non
1434 4524 1620 4590 attendentes
1639 4525 1718 4609 quod
1732 4543 1852 4592 uxorem

296 4644 388 4698 ναῒκα
404 4635 508 4725 τρέφει
523 4634 577 4698 καί
592 4635 696 4711 τέκνα,
713 4633 767 4697 καί
791 4635 878 4724 μόλις
899 4634 1047 4724 τρέφεται
1099 4630 1297 4710 attestatos,
1313 4647 1347 4694 ac
1364 4631 1416 4696 vix
1437 4641 1650 4698 sustentatura
1665 4633 1766 4717 paucis
1786 4651 1852 4718 quta

331 4829 406 4885 ibid.
426 4847 453 4884 n.
475 4827 503 4883 6.
523 4829 589 4883 vet.
603 4842 613 4883 1
633 4827 654 4885 f.
667 4828 713 4896 94,
727 4845 757 4882 ιιι
778 4829 800 4885 i.
817 4828 922 4898 184,1v
941 4829 962 4886 f.
982 4829 1045 4899 296,
1100 4827 1200 4879 πολλῶν
1208 4825 1356 4881 όκεῒέλαῦον
1368 4831 1499 4898 ἀμφίασιν,
1512 4833 1578 4884 ἀλλὰ
1587 4833 1690 4902 γυμνοῦ,
1700 4834 1767 4883 ἀλλὰ
1776 4837 1852 4884 πλου-

295 4933 314 4972 ν
328 4917 348 4973 ί.
371 4915 431 4984 153,
447 4933 474 4974 vr
493 4917 515 4972 t.
533 4915 594 4985 100,
609 4915 670 4987 109,
682 4934 713 4974 rx
725 4917 746 4972 1.
762 4916 824 4988 102,
840 4917 900 4988 103,
914 4936 932 4973 x
946 4919 968 4974 i.
985 4918 1045 4988 146,
1100 4917 1161 4969 σίου.
1176 4917 1222 4973 Sic
1235 4915 1295 4972 ille.
1311 4917 1377 4972 Haec
1398 4918 1509 4988 legebat
1528 4919 1657 4976 Comitcl.
1677 4919 1741 4994 plns
1760 4922 1852 4975 minue

294 5023 323 5063 αι
337 5007 358 5063 i.
373 5005 432 5062 177.
447 5005 542 5076 Plura,
553 5007 601 5061 ced
614 5007 731 5062 confuso
744 5008 841 5063 ordine
854 5007 988 5062 dederunt
1001 5008 1045 5062 BB
1099 5007 1213 5078 integra
1225 5025 1253 5078 p.
1268 5004 1331 5076 349,
1353 5010 1470 5080 respicit
1489 5007 1601 5081 Olymp.
1616 5011 1688 5081 epud
1708 5010 1773 5063 lun.
1785 5008 1851 5065 377.

292 5114 323 5168 p.
335 5094 390 5150 303
403 5101 433 5152 et
445 5095 609 5152 Gellandins
622 5096 677 5152 col.
696 5094 744 5165 81,
764 5099 810 5152 cui
822 5096 893 5150 bend
906 5097 1045 5153 immerito
1097 5095 1171 5151 Note
1188 5098 1286 5165 μήποτε
1306 5114 1355 5168 pro
1375 5099 1452 5164 τάχα,
1470 5096 1536 5166 teos,
1551 5115 1628 5153 more
1649 5098 1851 5165 Alexandrino,

292 5185 486 5257 impedituris
505 5186 600 5256 loeus,
621 5191 705 5260 prout
728 5187 784 5258 ipsi
804 5189 898 5257 jacet:
919 5185 1045 5256 ἐνδύματα
1100 5184 1136 5240 ct.
1155 5185 1257 5240 Sturzii
1278 5188 1320 5241 De
1338 5187 1408 5240 diat.
1429 5186 1538 5242 Maced.
1558 5207 1587 5259 p.
1604 5185 1666 5255 184,
1685 5185 1849 5259 Mingarelli

293 5281 376 5329 πολλὰ
393 5274 488 5331 natan.
508 5278 571 5348 Τρία
593 5276 649 5344 (hic
668 5281 772 5347 punctu
788 5276 912 5348 ponit)...
928 5276 957 5332 ti
971 5277 983 5328 t
996 5278 1045 5328 τῶν
1099 5275 1213 5345 AEpypt.
1234 5276 1316 5330 codd.
1337 5277 1479 5346 reliquiae
1498 5295 1527 5348 p.
1548 5292 1622 5332 xcvi.
