3966 6120
221 487 282 588 331

348 619 353 627 ’
427 681 703 790 saporus
741 649 1121 786 1311313333
1159 659 1583 785 1333333333

610 933 993 1038 11111Ε60111Α11111Ι
1035 934 1081 1011 ΙΝ
1122 927 1437 1012 Evnuoulll'

816 1147 950 1208 ,LIBRI
976 1151 1059 1214 OUA
1073 1152 1189 1210 Tuon.

306 1554 362 1616 Sat
382 1553 480 1622 erunt
501 1565 604 1630 pauca
623 1567 707 1629 quae
727 1547 767 1618 de
800 1550 830 1610 S.
852 1547 1030 1626 Theophila
1055 1565 1152 1626 supra
1187 1548 1335 1621 diximus
1372 1566 1413 1612 33
1445 1527 1550 1610 ’133113
1580 1549 1620 1612 de
1640 1547 1783 1626 eJusdem

227 1659 459 1725 commentario
478 1659 654 1738 allegorico
674 1657 707 1718 13
738 1656 878 1735 quatuor
908 1656 1079 1734 evangelia
1106 1655 1310 1718 disseramus.
1338 1656 1445 1718 Codex
1473 1657 1596 1729 unicus,
1629 1658 1662 1718 ut
1693 1655 1786 1718 vide-

225 1771 407 1846 tum-quem
430 1782 599 1844 superesse
621 1765 779 1836 novimus,
802 1763 965 1825 Bruxellis
986 1763 1020 1823 in
1051 1763 1261 1840 Burgundios
1287 1763 1480 1835 bibliotheca
1507 1764 1705 1836 asservatur,
1728 1764 1786 1824 sub

228 1892 315 1937 num.
338 1873 426 1947 9850,
450 1873 543 1935 firma
563 1873 596 1934 ct
616 1871 759 1950 eleganti
781 1887 879 1932 manu
903 1870 1013 1932 saeculi
1045 1858 1114 1932 Vll
1136 1870 1285 1947 scriptus,
1314 1870 1348 1930 in
1376 1871 1591 1932 membraneis
1611 1870 1696 1933 loliis
1720 1870 1793 1940 lta.

226 1999 364 2061 quorum
386 1997 461 2058 pars
482 1981 694 2058 prioresque
715 1979 754 2040 ad
789 1977 841 2040 131.
876 1980 931 2039 iil
964 1977 1109 2040 continet
1141 1977 1244 2038 sancti
1270 1977 1400 2038 Caesarii
1427 1977 1578 2038 homilias
1605 1977 1787 2055 genuinas;

228 2106 305 2168 pars
326 2087 495 2167 posterior,
517 2087 617 2148 tacito
637 2085 780 2148 auctoris
799 2085 937 2157 nomine,
956 2084 1010 2146 sed
1032 2085 1116 2146 31113
1135 2100 1230 2146 31333
1251 2083 1389 2156 dubium,
1413 2083 1533 2145 retinet
1560 2085 1589 2143 S.
1619 2082 1785 2161 Theophili

227 2195 420 2258 Antiocheni
442 2193 649 2273 evangelicas
670 2193 851 2272 allegorias.
874 2194 958 2260 Quas
979 2197 1055 2253 aute
1078 2190 1135 2252 bos
1155 2191 1293 2269 triginta
1314 2206 1416 2252 annos
1436 2191 1674 2268 descripsimus,
1700 2189 1786 2252 haud

228 2303 357 2384 quidem
378 2302 608 2382 perfunctorie,
627 2301 682 2363 sed
706 2318 779 2363 cum
802 2298 927 2376 trepida
947 2299 1116 2361 celeritate
1136 2315 1200 2377 qua
1221 2299 1325 2362 331331
1346 2298 1456 2360 3113311
1477 2298 1517 2360 ob
1538 2298 1601 2359 iter
1624 2297 1725 2376 plutei
1740 2297 1784 2357 bi·

175 2428 179 2435 ·
228 2405 473 2475 bliothaaarum.
495 2409 629 2472 Interim
650 2407 785 2471 schedas
806 2408 933 2469 3331133
955 2407 1129 2484 utcumque
1153 2405 1319 2478 volaticas,
1350 2421 1390 2468 ne
1422 2405 1565 2484 pereant,
1591 2405 1787 2466 contulimus

228 2519 315 2582 inira
335 2535 409 2581 cum
430 2517 619 2596 nuperrima
639 2515 763 2578 Alberti
784 2514 897 2575 Zahnii
918 2514 1078 2585 editione;
1098 2514 1177 2592 quin
1192 2530 1376 2584 voveamus,
1393 2513 1429 2574 ut
1443 2513 1655 2575 vetustissimi
1670 2511 1788 2574 codicis

229 2643 315 2689 nova
328 2625 474 2689 recensio
489 2623 742 2702 redintegretur,
756 2623 938 2700 iterumque
952 2621 1162 2683 meridianam
1178 2621 1210 2681 in
1226 2623 1339 2694 lucem,
1352 2622 1481 2683 1313313
1496 2637 1554 2698 per
1568 2621 1668 2682 otium
1681 2621 1790 2698 aliquo

230 2734 303 2797 viro
323 2750 427 2814 gnaro
448 2735 481 2798 et
502 2732 660 2812 studioso,
676 2731 806 2810 prodeat
841 2731 968 2809 plenius
989 2731 1157 2808 Theophili
1179 2731 1348 2809 egregium
1362 2745 1449 2808 opus
1466 2730 1553 2790 inter
1568 2727 1791 2791 'antenicaena

230 2842 439 2905 monumenta
460 2839 618 2920 singulari
639 2857 712 2902 cum
734 2837 858 2901 honore
885 2838 1115 2912 collocandum.

310 2947 440 3028 Negligi
459 2965 480 3010 a
500 2947 592 3010 nobis
616 2947 757 3025 oportuit
786 2946 1002 3009 minutissima
1030 2946 1202 3024 scripturae
1230 2947 1437 3020 lineamenta,
1466 2948 1573 3026 apices
1600 2948 1634 3009 et
1661 2945 1787 3026 puncta,

231 3071 315 3134 quae
335 3055 375 3117 ad
396 3053 677 3134 paleographicam
697 3053 856 3116 trutinam
877 3053 1051 3131 pertinent.
1074 3053 1133 3116 Sed
1157 3054 1278 3116 nullam
1299 3055 1464 3117 omisimus
1484 3055 1679 3118 varietatem
1706 3071 1788 3134 quaa

231 3163 400 3242 scriptoris
421 3162 571 3234 mentem,
594 3161 789 3224 senientiam
813 3161 846 3223 et
866 3161 1003 3223 indolem
1021 3162 1078 3228 ¹val
1099 3162 1134 3222 in
1155 3162 1296 3223 minimis
1317 3161 1447 3234 reserat,
1470 3179 1574 3240 neque
1602 3161 1700 3225 etiam
1727 3177 1789 3224 ue-

232 3270 396 3348 gleximus
416 3270 546 3349 singula
566 3269 674 3341 verba,
697 3267 777 3330 duce
799 3268 910 3330 nostro
931 3267 1048 3341 codice,
1070 3269 1137 3330 suis
1158 3271 1237 3331 locis
1257 3269 1440 3342 restituere,
1461 3287 1561 3348 quum
1583 3270 1794 3349 311333131-

232 3376 295 3439 llus
308 3377 424 3440 alicubi
440 3376 576 3449 3313111,
593 3375 679 3438 baud
693 3392 769 3438 raro
783 3391 803 3437 a
816 3375 976 3438 concinna
990 3377 1021 3438 et
1036 3377 1111 3454 apta
1124 3377 1298 3439 verborum
1313 3377 1523 3440 collocatione
1537 3378 1641 3440 omnis
1656 3377 1793 3457 pendeat

234 3483 393 3547 sermonis
413 3483 578 3563 elegantia
596 3484 629 3546 31
650 3483 829 3548 amoenitas
850 3483 997 3546 1313331
1017 3484 1101 3562 quod
1122 3485 1281 3546 editorum
1304 3501 1345 3548 ne
1367 3502 1450 3548 unus
1471 3485 1598 3565 quidem
1613 3503 1730 3548 versus
1743 3487 1792 3547 est

232 3589 303 3654 3133
323 3591 492 3663 varietate,
515 3607 622 3670 neque
643 3591 780 3669 siugulis
803 3590 932 3670 singula
951 3591 1088 3663 tantum;
1110 3607 1215 3670 neque
1236 3593 1302 3654 ulla
1322 3593 1425 3654 otiosa
1438 3593 1496 3665 est,
1512 3593 1652 3655 maxime
1668 3593 1701 3653 in
1716 3591 1794 3654 locis

232 3697 343 3770 333113,
363 3715 402 3761 ac
422 3699 593 3778 praesertin
616 3699 652 3760 ut
672 3715 782 3778 graeca
802 3700 860 3760 sub
892 3699 1002 3760 latinis
1033 3699 1310 3779 introspiciantur.
1341 3704 1490 3763 Graecum
1517 3717 1598 3763 vero
1625 3701 1790 3763 auctorem

232 3801 373 3870 Zahnius
394 3806 550 3885 potuisset
571 3805 729 3884 copiosius
749 3809 782 3869 et
803 3807 999 3884 luculentius
1021 3803 1201 3880 ostendere,
1224 3809 1255 3870 id
1276 3809 1359 3888 quod
1387 3810 1506 3871 clamat
1529 3825 1586 3887 per
1610 3809 1713 3870 131313
1736 3823 1792 3870 co-
1840 3793 1853 3816 ⁸

232 3911 335 3974 dicem
347 3913 513 3993 Belgicum
527 3914 580 3976 131
601 3913 670 3975 3313
682 3913 793 3976 1111313
806 3916 843 3984 K,
859 3914 996 3992 singulis
1010 3913 1080 3978 sere
1094 3916 1243 3977 versibus
1257 3916 1409 3994 apposita,
1425 3933 1531 3994 neque
1545 3915 1650 3987 311131,
1667 3915 1791 3994 opinor,

234 4019 297 4080 nisi
322 4021 358 4082 ut
384 4020 575 4100 praefigatur
594 4022 647 4084 vel
663 4009 854 4104 Κεφάλαιον
868 4012 920 4074 131
935 4017 1107 4102 Κείμενον.
1128 4025 1210 4083 Tum
1226 4039 1306 4085 1313
1332 4023 1472 4085 maxime
1486 4022 1649 4102 religiosa
1669 4022 1703 4084 iu
1724 4023 1794 4085 loco

232 4124 359 4204 apicum
379 4128 432 4190 rel
453 4127 600 4190 tenuium
622 4129 783 4192 servando
815 4129 985 4209 diligentia
1004 4130 1193 4210 requiritur,
1216 4149 1288 4193 cum
1304 4132 1414 4210 agitur
1437 4132 1477 4196 de
1504 4132 1606 4194 sacris
1630 4133 1679 4194 rei
1702 4130 1794 4193 11133-

234 4230 347 4312 logicae
369 4233 526 4296 forumlis.
546 4237 613 4298 Nec
627 4235 744 4298 desunt
758 4237 791 4298 in
807 4236 862 4298 illo
873 4237 1075 4300 Antiocheno
1089 4238 1228 4311 doctore,
1245 4239 1471 4317 propemodum
1499 4239 1681 4316 apostolice,
1697 4235 1796 4300 allata

235 4340 268 4402 31
288 4339 546 4420 apophtegmata,
577 4359 660 4421 quae
680 4343 738 4404 vix
769 4359 834 4404 333
867 4344 1001 4407 Ν133333
1031 4344 1161 4418 dixeris,
1184 4351 1239 4407 aut
1274 4363 1357 4424 quae
1381 4347 1551 4410 miraberis
1571 4363 1610 4408 ec
1631 4346 1657 4406 si
1685 4347 1795 4408 conci-

235 4445 353 4509 liorum
375 4465 417 4511 ex
437 4450 515 4512 orbe
535 4449 696 4513 catholico
715 4451 924 4513 collectorum
946 4451 1141 4515 dictaverint
1162 4453 1300 4527 decreta,
1317 4456 1373 4517 aut
1388 4456 1566 4518 sententias
1581 4470 1623 4516 ex
1637 4453 1796 4516 recentio-

235 4569 309 4615 rum
329 4553 556 4647 theologorum
584 4557 740 4620 cathedra
752 4558 984 4636 pronunciatas
1012 4559 1151 4623 feliciter
1167 4563 1466 4641 praeocupaverint.
1497 4567 1537 4625 Et
1564 4565 1601 4626 ut
1628 4579 1729 4642 pauca
1760 4563 1794 4623 in

235 4659 451 4724 vadimonium
473 4661 616 4738 31131313,
638 4664 711 4744 quis
731 4681 796 4727 non
818 4682 920 4744 prono
935 4668 1030 4729 vultu
1052 4668 1260 4731 meditabitur
1278 4669 1360 4732 haec
1374 4671 1412 4733 de
1440 4671 1577 4733 Christo:
1595 4671 1796 4734 «Sciendum

235 4770 294 4842 331,
315 4769 400 4848 quod
421 4770 569 4834 Christus
589 4772 744 4835 Dominus
766 4775 879 4835 noster
900 4790 998 4836 verus
1020 4774 1115 4836 homo
1133 4779 1795 4856 311313333103331333113113311333.

235 4880 275 4939 de
294 4878 405 4939 1133113
425 4881 561 4942 limatae
584 4883 721 4954 boma»
747 4880 858 4960 (Zahn.
877 4883 925 4954 83,
947 4883 1022 4961 2111
1043 4884 1106 4944 Aut
1129 4884 1227 4945 illud:
1253 4885 1797 4954 «0311313331113333131131133

236 4985 341 5058 natus,
357 4985 659 5060 133133331133313,
675 4991 708 5051 31
721 4989 817 5051 homo
831 4991 904 5052 erat
917 5007 975 5069 per
991 4992 1134 5064 matrem,
1151 4993 1294 5054 humana
1308 4994 1487 5057 tractando.
1504 5017 1518 5052 3
1538 4995 1598 5074 (80,
1617 4999 1668 5076 14)
1692 4997 1797 5058 Etiam

236 5091 315 5155 illud
335 5093 440 5156 simile
459 5096 605 5158 Melitoni
620 5095 661 5176 (8,
682 5099 736 5177 20)
757 5097 796 5158 ad
811 5099 943 5160 loannis
959 5099 1096 5161 initium:
1122 5122 1138 5156 a
1155 5101 1352 5178 Principium
1368 5105 1452 5164 Deus
1468 5104 1517 5166 est
1537 5104 1678 5166 Verbum
1694 5105 1796 5166 llilius

236 5199 294 5263 Dei
314 5199 471 5264 Christus.
493 5205 635 5268 Paterna
658 5222 723 5267 1311
744 5206 821 5269 dicit
842 5207 875 5268 in
896 5209 1039 5285 psalmo:
1063 5211 1232 5271 Eructavit
1254 5227 1310 5272 cor
1336 5227 1444 5273 meum
1460 5212 1602 5273 Verbum
1618 5212 1745 5284 bonum;
1767 5212 1800 5272 id
