4038 6088
802 559 927 626 cunax
948 560 1038 626 sac.
1062 561 1101 628 vr
1667 569 1722 635 aar

180 709 282 788 tulare,
304 708 382 774 unde
402 715 480 772 certa
502 717 533 772 et
553 706 772 790 circumscripta
793 707 926 774 codicum
948 708 1028 790 regio
1049 709 1226 777 decernitur.
1251 713 1381 796 Fugacea
1407 723 1506 782 tarum
1529 725 1600 782 sunt
1620 715 1725 781 calami

180 816 298 896 duetus,
320 814 448 881 maxime
469 813 539 878 dum
554 811 681 878 uncialia
697 811 784 896 signa
797 812 991 880 convolvunt.
1008 812 1093 881 Unde
1106 831 1178 883 sane
1197 817 1305 882 certius
1326 835 1362 882 ex
1382 817 1500 901 loquela
1520 829 1726 902 argumentum

179 921 286 1006 patria
306 919 431 1002 originis
450 920 580 998 eruitur;
603 937 658 984 nec
677 918 716 984 de
735 917 930 1000 germanitate
949 918 1147 1001 dubitaveris,
1170 921 1286 1005 quoties
1305 922 1343 988 de
1363 921 1462 988 obviis
1483 922 1604 989 indubie
1629 925 1726 1008 possis

178 1045 238 1092 non
258 1025 352 1091 solum
366 1025 481 1092 dicere:
497 1025 543 1090 sie
557 1022 664 1104 oculos,
681 1019 784 1089 sicilie
797 1038 913 1102 maaca,
929 1022 981 1088 sed
1001 1024 1106 1090 etiam:
1127 1025 1170 1087 sio
1190 1041 1245 1089 ora
1264 1025 1384 1108 [melai.
1406 1024 1540 1092 lamvero
1561 1028 1724 1113 loquentes,

180 1132 387 1216 dictantesque
400 1132 531 1199 notarios
545 1139 660 1196 nostros
674 1129 839 1196 audiamus.
856 1130 928 1196 Esto
942 1131 1021 1214 quod
1035 1133 1185 1216 superiora
1199 1133 1259 1197 sint
1272 1133 1427 1199 oscitantis
1443 1134 1556 1200 librarii
1572 1137 1726 1214 minusque

181 1239 219 1303 ad
240 1257 315 1322 opus
334 1238 439 1303 attenti
461 1235 646 1321 sphalmata;
668 1236 730 1300 sint
750 1234 798 1300 vel
820 1235 858 1300 ub
878 1235 977 1319 aliqua
998 1236 1078 1301 surdi
1099 1239 1202 1303 scribae
1223 1237 1419 1320 indiligentia,
1440 1240 1566 1320 omissae,
1589 1241 1723 1324 adjectae,

180 1353 369 1413 commutatae
383 1343 499 1408 litterar.
517 1341 623 1410 Verum
645 1360 662 1406 a
683 1341 745 1406 solo
766 1341 977 1424 pronuntiante
997 1353 1085 1408 erunt
1109 1343 1246 1426 barbara,
1267 1347 1385 1428 soloem,
1408 1348 1483 1414 male
1501 1349 1615 1432 juncta,
1631 1367 1726 1431 grace

184 1450 311 1532 intmsa,
334 1466 482 1532 perversae
501 1448 659 1514 verborum
679 1446 831 1527 flexiones,
847 1465 934 1513 novae
953 1449 1161 1514 vocabulorum
1175 1450 1326 1532 clausula,
1343 1453 1467 1519 insueta
1488 1455 1726 1538 praepositionum

180 1557 321 1636 rationes,
346 1557 463 1622 tandem
485 1566 592 1621 catera
613 1555 719 1638 gallico
739 1563 768 1620 et
781 1555 884 1620 celtico
905 1572 957 1620 ore
983 1555 1108 1639 prolata.
1125 1554 1228 1640 Neque
1241 1559 1332 1624 velim
1351 1575 1386 1625 ea
1406 1561 1472 1625 sive
1493 1560 1647 1639 Eucherio,
1661 1568 1727 1629 slve

182 1665 394 1749 interpretibus
408 1664 583 1730 biblicorum
595 1663 727 1729 codicum
742 1672 794 1729 aut
813 1663 1047 1729 claromontanae
1067 1664 1170 1729 Clavis
1190 1676 1309 1750 accepta
1325 1669 1445 1735 referas.
1462 1669 1571 1734 Mortui
1583 1673 1662 1735 enim
1675 1682 1727 1737 aut

183 1775 345 1842 exsulantis
365 1774 518 1858 scriptoris
532 1793 606 1858 opus
619 1775 678 1839 lere
692 1783 784 1840 totum
799 1774 837 1839 ab
850 1791 902 1839 ore
916 1773 1057 1839 dictantis
1072 1772 1227 1856 pendebat.
1246 1775 1388 1840 Ceterum
1403 1775 1445 1839 nil
1459 1777 1564 1841 mirum
1578 1776 1726 1861 incompta

181 1897 343 1964 occurrere,
358 1883 408 1950 vel
421 1884 499 1967 apud
513 1883 681 1965 elegantem
696 1882 884 1962 Eucherium,
899 1881 948 1966 qui
963 1900 1052 1962 quum
1071 1881 1201 1947 abundet
1224 1883 1353 1962 biblicis‚
1369 1901 1403 1948 ea
1417 1903 1453 1948 ex
1468 1883 1563 1950 veteri
1584 1893 1614 1949 et
1629 1883 1727 1951 haere-

179 1994 298 2075 ditaria,
322 2003 375 2059 aut
396 1992 555 2058 domestica
575 1993 712 2057 versione
733 1991 870 2075 religiose
889 1991 1066 2058 servaverit.
1084 1991 1173 2060 Salvo
1195 1992 1286 2074 igitur
1304 1990 1493 2075 autographi,
1510 1994 1535 2055 si
1558 1992 1659 2071 luerit,
1674 2003 1727 2059 aut

180 2101 333 2186 archetypi
355 2101 471 2181 decore,
487 2100 529 2165 nil
549 2119 647 2168 moror
668 2099 741 2183 quin
761 2098 810 2164 hic
830 2099 915 2183 plura
935 2119 972 2166 ex
984 2099 1133 2164 codicibus
1146 2099 1324 2182 glossemata
1336 2097 1485 2180 colligam,
1499 2115 1566 2179 qua
1587 2116 1646 2163 non
1664 2098 1725 2181 iam

180 2211 219 2276 ad
229 2207 457 2293 cacographiam
471 2226 561 2292 quarn
574 2208 708 2288 dixerim,
722 2207 878 2291 pertinent,
891 2206 943 2272 sed
954 2210 1021 2291 quae'
1034 2224 1144 2272 novam
1159 2205 1303 2271 inducunt
1313 2204 1546 2286 grammaticam,
1559 2204 1724 2283 barbaram,

181 2316 333 2396 Celticum,
350 2313 593 2395 llbodaneusem;
610 2314 640 2379 in
654 2330 711 2396 quo
725 2312 820 2378 lutoso
833 2321 863 2377 et
876 2311 1049 2394 confragoso
1062 2321 1200 2392 torrente,
1212 2312 1330 2377 insolita
1344 2320 1374 2377 et
1384 2310 1524 2376 immania
1537 2326 1624 2376 amne
1637 2310 1727 2393 pleno

181 2433 281 2491 ruunt.

220 2529 324 2597 urraca
344 2538 416 2596 sunt
436 2528 539 2608 multa,
560 2546 620 2593 non
641 2526 735 2593 solum
756 2525 786 2591 in
807 2524 982 2608 graecizante
1002 2524 1163 2590 bibliorum
1183 2534 1213 2590 et
1227 2525 1328 2592 Clavis
1347 2526 1514 2608 interprete,
1529 2523 1582 2590 sed
1602 2523 1634 2588 in
1654 2540 1728 2590 ver-

183 2637 289 2701 naculo
309 2635 446 2701 Eucherii
467 2635 597 2700 notario:
614 2652 681 2719 quar
695 2634 773 2699 unde
787 2633 928 2715 oriantur,
945 2635 1019 2700 satis
1032 2652 1091 2698 non
1105 2634 1204 2717 video,
1220 2633 1278 2700 nisi
1300 2633 1371 2698 mihi
1394 2637 1580 2714 concedatur,
1597 2651 1615 2698 a
1635 2630 1727 2696 multo

181 2743 253 2808 olim
274 2753 415 2827 tempore,
438 2741 504 2807 sive
525 2751 605 2822 ante,
622 2743 687 2808 sive
708 2751 774 2825 post
793 2741 937 2808 lrenaeum
959 2751 989 2808 et
1008 2741 1198 2822 Eucherium,
1216 2741 1351 2824 Lugduni
1372 2738 1530 2806 inolevisse
1546 2737 1727 2805 llelleuicam

181 2851 358 2933 palestram,
381 2857 412 2915 et
431 2849 550 2914 favente
570 2847 723 2930 Rhodano,
745 2846 879 2913 lloruisse
899 2847 1104 2913 commercium
1125 2857 1154 2912 et
1174 2849 1319 2914 coloniam
1339 2847 1551 2914 Graecanicam.

221 2957 357 3038 Quatuor
369 2973 456 3040 porro
469 2955 731 3023 animadvertenda
746 2964 832 3021 sunt:
848 2956 907 3022 alia
921 2957 1060 3021 nimirum
1076 2974 1142 3042 qum
1155 2965 1291 3040 spactant
1306 2956 1344 3021 ad
1360 2955 1483 3022 latinam
1496 2953 1652 3037 loquelam,
1669 2955 1728 3020 alia

183 3064 223 3129 ad
243 3077 381 3144 graecam,
401 3062 460 3129 alia
480 3062 519 3128 ad
533 3061 730 3142 vernaculam,
747 3062 854 3145 quibus
868 3063 977 3130 addere
991 3073 1037 3128 est
1053 3082 1111 3128 nun
1125 3080 1218 3147 pauca
1240 3063 1375 3142 barbara,
1395 3078 1463 3145 qum
1482 3061 1595 3127 nrrllius
1616 3061 1726 3144 linguae

182 3181 260 3236 sunt.
284 3171 378 3238 ldulta
393 3171 430 3236 ab
444 3169 589 3235 Eucherio
603 3169 652 3234 hic
665 3173 796 3255 recipere
807 3173 995 3255 supersedeo,
1011 3189 1077 3254 quae
1091 3172 1218 3255 singulis
1232 3172 1371 3256 deinceps
1388 3171 1572 3253 marginibus
1593 3169 1725 3236 conferto

184 3280 302 3363 agmine
322 3280 517 3344 instruuntur.
539 3277 599 3342 Cur
618 3294 653 3344 ea
675 3278 706 3342 in
724 3286 837 3343 textum
857 3298 919 3345 non
939 3281 1109 3364 receperim,
1132 3282 1184 3346 sed
1205 3278 1340 3345 consulto
1360 3279 1398 3344 ad
1420 3295 1488 3343 oms
1509 3277 1660 3360 rejecerim
1682 3276 1730 3342 in-

184 3387 279 3470 timas,
301 3387 427 3471 quisque
447 3403 497 3469 per
517 3403 550 3452 se
568 3383 722 3466 intelliget,
743 3385 846 3450 statim
867 3395 898 3450 ut
920 3385 985 3450 illas
1006 3384 1203 3451 immanitates
1223 3385 1274 3452 vel
1294 3384 1385 3452 citato
1405 3383 1490 3450 oculo
1509 3381 1693 3449 lustraverit.

224 3643 250 3708 l.
272 3643 307 3708 ln
328 3643 376 3708 his
395 3661 462 3726 quae
482 3642 571 3708 latiae
590 3641 767 3721 exorbitant,
790 3647 892 3705 notare
910 3641 1006 3724 juvat.

287 3753 316 3816 1.
339 3753 463 3818 Nomina
487 3751 623 3820 secunda
643 3760 674 3819 et
694 3761 789 3818 tertre
809 3747 1012 3816 declinationis
1031 3755 1138 3814 neutra
1159 3747 1190 3812 in
1205 3743 1406 3821 masculinum,
1421 3751 1452 3810 et
1465 3743 1534 3811 vice
1546 3759 1632 3812 versa
1647 3760 1730 3810 mas-

185 3858 284 3924 culina
308 3859 338 3923 in
360 3868 463 3924 neutra
485 3868 704 3924 convertuntur.

256 4089 464 4146 Eucherium...
491 4088 652 4157 Thomitrui,
672 4088 824 4158 symbolus,
844 4087 989 4142 saecolum
1004 4088 1223 4157 periclitantem,
1243 4095 1339 4154 retem
1359 4099 1479 4150 marem,
1499 4099 1633 4153 asymam
1654 4085 1710 4136 ate.

256 4177 466 4233 Pentateueh...
489 4176 670 4241 Carteienses,
689 4193 800 4231 omnem
818 4180 938 4244 corium,
958 4176 1079 4232 audilam
1097 4181 1152 4230 etc.

259 4267 465 4339 mnabmgien.
486 4269 598 4334 Domus,
608 4267 754 4333 sabbatus,
764 4267 851 4336 soros,
861 4267 905 4320 bic
916 4265 1178 4334 verbamcastelias,
1188 4293 1221 4306 -
1229 4266 1332 4334 eibum,
1344 4265 1496 4319 hamarum
1506 4263 1663 4329 (nominat.)
1675 4264 1730 4315 etc.

258 4357 463 4413 claromonten.
483 4359 602 4426 Femur,
613 4359 757 4429 sectorem,
770 4353 818 4423 53,
829 4351 875 4407 63.
890 4354 1040 4410 -Lectus
1057 4353 1093 4408 vt
1106 4355 1232 4426 (sexies).
1245 4383 1276 4393 -
1291 4352 1418 4418 (nomin.)
1435 4350 1581 4419 Gladium,
1601 4347 1647 4421 80,
1660 4347 1688 4416 t,
1701 4346 1729 4403 5.

544 4449 672 4517 Cassum,
691 4444 738 4515 94,
757 4444 803 4501 63.
823 4447 946 4513 Fanum,
964 4443 1000 4498 94
1020 4449 1097 4512 (ter).

286 4687 315 4748 i.
329 4682 422 4749 Simili
435 4681 569 4764 enallage
580 4679 723 4748 babemus
736 4677 873 4745 leminina
885 4695 951 4743 cum
962 4675 1130 4742 masculinis
1141 4684 1170 4740 et
1181 4675 1294 4740 neutris
1305 4679 1496 4754 commutata,
1508 4678 1538 4737 et
1552 4669 1618 4736 vica
1628 4686 1726 4735 versa.

257 4941 465 4997 Eucherius.....
488 4941 721 5010 subcineritium,
741 4941 950 4995 subcineritios.

259 5031 469 5087 Pentateuch...
490 5033 571 5087 Duas
589 5047 672 5086 renea
692 5029 1050 5100 (passiml,membraaum,
1071 5028 1109 5081 ad
1117 5024 1328 5097 praecordium,
1350 5024 1544 5095 didrapmum,
1555 5022 1720 5091 palaeaaam

260 5123 468 5194 Cantabrigien.
489 5119 647 5177 Masculina
665 5121 776 5187 domus,
796 5135 910 5186 mamas,
926 5121 1064 5188 porticus,
1084 5116 1225 5172 ualetudo.
1240 5145 1275 5156 -
1288 5113 1432 5168 Feminina
1451 5127 1533 5183 apem,
1547 5113 1630 5181 retia,
1644 5112 1732 5163 retiae

578 5215 632 5266 ete.
653 5210 753 5282 quibus
770 5208 839 5264 adde
858 5209 887 5262 in
906 5207 1044 5277 singulari
1064 5207 1187 5277 tenebra,
1206 5221 1297 5272 sacra,
1316 5204 1416 5258 nulius
1439 5203 1570 5258 schisma.

261 5308 464 5363 Claromontan.
485 5304 655 5376 spiritualia
673 5305 811 5372 aeqrrirta,
828 5302 932 5368 parieti
950 5299 1098 5354 inclinato.
