4038 6088
827 474 954 542 CODEX
975 474 1064 540 SAEC.
1090 474 1127 537 vt
1695 478 1753 542 1113

245 627 296 692 10.
319 624 475 690 71111171
497 642 652 690 numerum
672 623 710 689 ad
731 623 841 688 heremi
863 623 1057 702 mansionum,
1083 622 1132 689 rel
1156 622 1367 688 adnumerum
1387 625 1609 706 generationum
1630 629 1755 710 quaeuh

202 733 350 799 1177717777
371 742 440 799 sunt
460 731 611 816 usquead
631 731 787 796 Dominum
808 729 955 796 Christum
977 728 1105 794 ihesum.

242 841 293 904 11.
316 840 349 904 L.
372 839 418 905 td
438 840 640 906 Pentecosten.
663 837 697 902 ln
718 837 840 903 Ictibus
860 837 1077 919 apostolorum:
1099 842 1142 902 Et
1161 858 1228 903 7777
1247 842 1454 916 meterentur
1475 845 1537 906 oties
1556 847 1755 910 Pentecosten

243 948 293 1010 21.
317 946 375 1012 LX.
398 946 443 1012 td
465 946 591 1010 fructum
611 944 722 1024 uiduis,
745 943 812 1010 sire
832 941 1050 1008 continentibus
1071 941 1214 1009 debitum.
1237 941 1271 1007 lu
1292 942 1473 1027 Evangelio:
1495 951 1537 1014 Et
1557 953 1669 1014 7777777
1689 954 1754 1026 frn-

203 1065 282 1121 ctum
301 1059 389 1120 atiud
408 1061 653 1135 seeopenstmnm.

244 1163 294 1227 23.
317 1161 659 1226 intrusionem
680 1157 910 1242 presbiterorum
931 1157 1092 1237 117171,771
1113 1156 1333 1240 discipulorum,
1347 1177 1421 1242 quos
1436 1159 1580 1226 Dominus
1597 1163 1697 1242 elegit.
1721 1164 1754 1228 Iu

204 1271 384 1353 Evangelio:
400 1277 471 1336 Post
481 1276 552 1336 77777
564 1279 662 1335 annm
675 1273 840 1348 dampnavit
853 1273 1002 1333 Dominus
1015 1276 1042 1332 et
1055 1271 1130 1332 altos
1141 1277 1335 1348 septnopenta
1355 1275 1437 1345 dnos,
1450 1278 1477 1333 et
1489 1276 1570 1336 nrisit
1582 1277 1649 1336 iilos
1662 1277 1756 1338 binos.

246 1379 296 1443 di.
319 1378 353 1443 C.
376 1355 421 1444 rid
441 1388 605 1465 martyrum
624 1377 751 1442 fructum
770 1375 837 1440 siro
857 1374 1017 1456 virginum.
1041 1371 1076 1438 In
1091 1372 1268 1455 Evangelio:
1290 1379 1415 1440 Dabunt
1429 1380 1560 1452 frustum
1579 1380 1665 1443 777771
1685 1399 1747 1443 een.

206 1493 372 1553 tonsionem.

246 1595 307 1660 1177
319 1595 407 1677 igitur
420 1601 517 1659 certos
531 1599 717 1675 sacratosque
732 1607 877 1668 numeros,
891 1588 1016 1671 exempti
1032 1596 1147 1653 tuntum
1162 1606 1260 1667 777777,
1274 1589 1460 1672 protulimus.
1477 1591 1552 1656 Sunt
1565 1607 1637 1658 uero
1651 1601 1758 1674 praeter

206 1717 257 1766 eos
268 1699 384 1783 plurimi
396 1699 443 1765 771
455 1717 547 1782 penes
558 1715 659 1762 omnes
670 1715 752 1762 sacra
758 1698 789 1775 ti,
799 1697 849 1780 qui
861 1696 1007 1778 quomodo
1019 1695 1100 1773 deut,
1109 1695 1171 1777 ipse
1181 1696 1294 1761 divium
1306 1698 1440 1763 lectionis
1449 1708 1605 1778 scrutator,
1613 1700 1756 1766 iuvenies.

617 1811 711 1860 nxru.
741 1811 895 1859 sucnnnrr
923 1809 1066 1858 77777777
1094 1811 1189 1858 77777
1216 1811 1348 1859 neruus,

242 1968 287 2024 20.
307 1968 382 2022 cler.
398 1967 444 2036 26,
463 1967 506 2024 dl.
524 1967 705 2023 Her-senum...
718 1971 912 2038 pancratiaste
925 1968 955 2024 D.
1047 1963 1091 2048 23.
1112 1964 1185 2022 cler.
1202 1963 1249 2032 27,
1267 1963 1310 2021 67.
1332 1933 1545 2036 Discepolorum
1564 1968 1592 2022 0.

242 2057 287 2114 21.
306 2057 382 2114 (1177.
400 2057 447 2124 26,
466 2055 509 2113 62.
529 2056 559 2110 17
579 2057 634 2111 dne
652 2057 855 2113 Penteconsten
875 2057 903 2114 G.
1047 2051 1092 2107 21.
1110 2051 1248 2122 017727,
1267 2051 1312 2107 70.
1330 2055 1468 2126 Epitur...
1488 2066 1617 2127 saeratae
1635 2059 1759 2126 protoli-

243 2147 288 2204 22.
307 2145 381 2204 (7177.
400 2145 446 2214 27,
466 2145 510 2203 65.
1012 2159 1102 2200 mus...
1122 2153 1290 2198 sserutatos.
1352 2177 1356 2186 -

854 2314 988 2321 -.-—-.
1012 2314 1019 2319 .
1030 2313 1119 2320 ..—

633 2475 754 2558 nro—Pe
775 2497 958 2559 nrusonm
978 2501 1100 2562 nrnnn
1121 2498 1338 2560 sncunnus.

214 2663 351 2745 [t.ttt]1.
373 2661 416 2725 Dr
440 2663 624 2727 [1777777777
648 2681 779 2729 7777777777
799 2681 961 2728 777777777-
1150 2669 1233 2728 vm.
1255 2671 1303 2728 177
1321 2656 1561 2730 sotonnitatidm.

412 2789 552 2835 rrorusus.
1132 2775 1233 2834 VIIII.
1255 2775 1418 2836 1771777117.

311 2885 351 2944 Π.
373 2886 421 2945 177
441 2883 706 2944 777117777717717.
1193 2883 1230 2943 X.
1252 2885 1300 2944 177
1318 2889 1394 2944 ueste
1413 2885 1602 2946 sacerdotali.

295 2991 352 3051 III.
373 2992 421 3052 177
441 2991 620 3064 montone
643 2991 831 3051 attonsarum
850 3008 959 3051 rernm.
1180 2990 1232 3050 XI.
1254 2993 1301 3050 De
1321 2992 1425 3052 avidus
1445 2992 1489 3052 uel
1507 2992 1688 3054 volutilibus.

279 3099 351 3160 1111.
373 3102 421 3161 De
439 3099 581 3174 penetus.
1162 3098 1229 3158 XII.
1252 3101 1299 3160 177
1318 3101 1415 3160 bestiis
1434 3100 1480 3159 oei
1499 3103 1675 3174 reportetis.

314 3205 351 3264 V.
373 3205 519 3264 17717717.
1150 3207 1232 3265 XIII.
1255 3208 1302 3267 De
1318 3208 1509 3280 ponderibus.

299 3311 354 3371 VI.
378 3313 426 3370 De
445 3310 628 3384 straminibus.
1134 3313 1232 3374 XIIII.
1254 3317 1302 3375 177
1320 3317 1477 3376 mensuris.

283 3419 352 3480 VII.
374 3421 422 3480 De
441 3419 599 3480 mensibus.
1168 3420 1233 3478 XV.
1254 3421 1302 3480 De
1319 3423 1415 3497 precio
1434 3422 1610 3483 nominibus.

789 3630 950 3692 [Ncnptn
971 3630 1192 3693 PROLOGUS.

257 3800 417 3880 Quoniam,
439 3797 480 3862 1111
502 3795 698 3884 7771771777),
719 3795 870 3878 superiore
891 3797 977 3876 libro,
1002 3796 1248 3880 propositionibus
1264 3798 1367 3863 tuisse
1387 3798 1488 3864 retulit
1502 3799 1563 3881 jam
1577 3801 1678 3866 crebra
1697 3821 1764 3869 res-

216 3908 331 3992 ponsio,
350 3918 382 3974 et
401 3925 518 3984 vereor,
541 3924 579 3971 ne
599 3904 732 3971 adsiduae
753 3904 996 3986 interrogationes
1011 3908 1047 3984 ²),
1064 3913 1096 3969 ut
1111 3905 1144 3966 tit
1158 3902 1338 3987 plerumque,
1361 3905 1471 3987 tegenti
1493 3918 1633 3987 genereut
1653 3927 1690 3972 er
1711 3928 1765 3974 sa-

219 4015 320 4081 tietate
334 4019 359 4092 ⁸)
380 4012 545 4092 fastidium,
568 4030 634 4077 meo
653 4030 734 4077 nunc
753 4011 870 4075 nomine
890 4027 925 4076 77
946 4029 1013 4094 quar
1035 4009 1264 4094 spoponderam,
1287 4029 1361 4093 opus
1381 4011 1568 4092 variaturus,
1591 4012 1762 4096 adnectam,
1868 4041 1872 4046 ·

217 4118 334 4202 singula
361 4137 496 4204 qumque,
518 4129 552 4186 ut
572 4118 676 4184 ordine
696 4117 760 4202 ipso
780 4121 874 4202 magis
895 4119 1035 4196 clareant,
1056 4137 1108 4201 per
1128 4119 1241 4201 species
1261 4134 1330 4182 suas
1351 4116 1507 4198 dividens,
1531 4139 1566 4183 77
1591 4120 1684 4186 titulis
1704 4127 1765 4189 suis

139 4249 149 4272 ·
216 4226 355 4292 subdens.
369 4227 408 4292 Dt
425 4228 520 4312 primo
533 4226 655 4293 reniam
667 4226 705 4291 ad
719 4226 907 4292 Hebraeorum
920 4225 1072 4291 nominum
1087 4225 1357 4308 interpretationem
1370 4230 1407 4306 ⁴),
1424 4226 1532 4310 quibus
1546 4237 1625 4294 certa
1640 4248 1765 4315 queque

217 4345 249 4402 et
268 4335 438 4414 celebriora,
459 4334 614 4402 brevitatis
635 4351 735 4415 causa,
758 4353 876 4419 porram.

817 4449 965 4498 nxrnrcrr
992 4449 1166 4499 unornane.

256 4605 318 4662 Lib.
338 4605 375 4661 11.
393 4604 424 4658 In
441 4603 493 4659 hoc
511 4608 605 4658 vetere
628 4606 800 4661 onomaetico
824 4604 897 4661 libro
916 4605 961 4660 in·
1017 4606 1221 4679 turpersgrius
1232 4605 1260 4660 id
1274 4621 1363 4678 genus
1375 4605 1555 4678 glossemate,
1566 4615 1764 4683 sumpt-oseri-

219 4697 293 4749 esces
316 4691 495 4764 reliquimus,
516 4695 573 4747 tem
595 4683 722 4763 nomina,
747 4693 814 4749 licet
834 4700 965 4766 corrupte
1017 4699 1059 4753 bit
1070 4697 1182 4753 omnino
1192 4697 1315 4752 instituti
1329 4699 1417 4753 nostri
1428 4700 1509 4754 ratio.
1519 4700 1677 4757 veristeten
1688 4720 1764 4769 vero,

219 4783 335 4855 scripto,
355 4799 437 4854 quem
457 4785 549 4854 styma
560 4784 738 4853 quantumvis
751 4785 855 4855 inepte:
869 4783 964 4838 sedeur
1019 4791 1050 4842 ut
1068 4785 1154 4841 semel
1167 4785 1268 4854 dicam,
1283 4803 1317 4842 ex
1338 4789 1420 4843 unico
1438 4787 1533 4842 codice
1552 4789 1728 4861 accipiuntur
1745 4790 1765 4842 C

221 4871 330 4927 scilicet
342 4871 481 4940 methodo,
494 4887 549 4943 que
561 4871 626 4926 dum
637 4871 760 4927 codicem
772 4873 965 4928 (1177777717-
1018 4875 1077 4928 7177
1095 4879 1187 4929 vetere
1205 4891 1269 4929 saeo.
1288 4890 1326 4930 ur.
1338 4905 1374 4917 -
1387 4877 1428 4932 De
1448 4879 1595 4934 nasibus...
1607 4878 1642 4934 de
1656 4880 1764 4934 besteis.

222 4977 286 5015 num
299 4961 505 5032 rescripsimus,
519 4959 632 5032 longam
647 4959 759 5032 quidem
777 4960 902 5015 dedimus
920 4978 966 5015 se·
1058 4965 1079 5028 ι)
1093 4964 1136 5036 fili
1148 4968 1313 5020 carissimos
1321 4969 1523 5035 propositionis
1534 4971 1590 5023 tuis
1602 4985 1632 5024 77
1643 4968 1763 5024 rettulit.

221 5049 290 5103 riem
300 5047 496 5104 vocabulorum
505 5049 698 5104 hebraicorum
708 5060 736 5103 et
745 5065 909 5120 graecorum,
919 5050 966 5104 sed
1019 5077 1053 5090 -
1070 5051 1091 5117 ²)
1101 5054 1341 5123 interropationis.
1352 5081 1386 5094 -
1397 5048 1419 5118 3)
1431 5070 1466 5108 ecc
1475 5059 1625 5112 ansietate.
1633 5085 1668 5096 -
1682 5054 1709 5128 ⁴)
1722 5058 1766 5112 in·

222 5137 323 5193 nudam
341 5142 369 5193 et
385 5142 530 5211 jeJunsm;
550 5140 584 5194 sb
602 5137 738 5195 immenso
756 5137 867 5194 scilicet
889 5156 968 5194 77777·Ι
1020 5145 1276 5210 terproetotionm
1295 5145 1326 5196 ut
1344 5141 1416 5198 solet
1433 5144 1547 5203 codex...
1566 5148 1721 5204 creditoriis.

223 5229 358 5284 monterio
370 5226 555 5301 refugientes,
567 5245 649 5302 quem
661 5229 687 5284 si
700 5229 842 5301 requirere
854 5227 968 5283 videsn-
