4064 6108
319 495 378 568 ili

319 680 435 738 σοντες,
452 659 631 738 Οὐακκαίοι,
650 657 817 751 Βριταννοί,
837 661 960 739 Σκότοι,
979 665 1066 726 Σπα-

319 774 375 850 νοί,
398 773 564 863 Καρτανοί,
588 773 762 837 Λυσιτανοί.
786 771 881 832 diruet
915 767 934 832 ί.
959 767 979 830 l.

365 880 407 946 Κ.
424 875 476 959 Ἐξ
489 885 591 947 αὐτῶν
610 873 726 958 εἰδότες
738 878 912 974 γράμματά
929 882 1003 944 εἰσιν
1022 872 1071 942 oir-

323 1013 383 1056 τοι·
394 989 527 1081 Ἴβηρες,
543 999 669 1055 Λατῖνοι
685 995 713 1054 oi
728 989 783 1053 καί
805 989 962 1077 Ῥωμαῖοι,
988 985 1073 1051 Σπά-

323 1122 379 1177 νοι,
390 1095 554 1174 Ἕλληνες,
572 1087 682 1174 Μῆδοι,
700 1095 862 1188 Ἀρμένιοι.
878 1091 1002 1175 Synttll.
1015 1091 1035 1154 l.
1049 1091 1070 1154 l.

324 1204 361 1267 ol.
386 1203 492 1267 Chaon.
516 1203 623 1267 Porri.

361 1311 471 1376 Ἔστιν
488 1301 522 1376 δὲ
537 1309 622 1376 κατά
641 1320 739 1399 μῆκος
755 1307 797 1374 τά
809 1311 876 1400 ὅρια
893 1312 994 1373 αὐτῶν
1012 1309 1073 1373 ἀπὸ

324 1412 445 1496 Μηδίας
469 1419 524 1496 ἕως
547 1410 711 1509 Γαδείρων,
730 1417 888 1502 βλέποντα
904 1418 978 1509 πρός
999 1420 1075 1508 Βορ-

326 1532 391 1619 ρᾶν·
402 1521 496 1618 Εὖρος
514 1518 549 1592 δὲ
565 1527 626 1592 aci
643 1516 820 1613 Ποταμίδος
839 1523 890 1609 [al.
906 1516 1070 1610 Ταναίδος]

324 1645 470 1724 ποταμοῦ
485 1634 539 1710 ἕως
548 1634 753 1710 Μαστουσίας,
763 1643 821 1707 της
834 1631 904 1696 καθ’
913 1634 1011 1705 ἥλιου.
1026 1630 1073 1694 Ιό.

369 1748 407 1807 At
419 1734 453 1807 δὲ
464 1752 565 1832 χῶραι
581 1746 683 1806 αὐτῶν
700 1745 766 1805 είσι·
782 1731 897 1817 Μηδία,
912 1733 1073 1818 Ἀλόανία,

325 1844 498 1940 ιΑμαζονίς,
524 1848 671 1940 Ἀρμενία
693 1871 730 1912 τε
755 1845 849 1938 μικρά
864 1847 918 1911 καί
938 1847 1074 1938 μεγάλη,

326 1945 547 2032 Καππαδοκία,
571 1955 787 2045 Παφλαγονία,
810 1955 964 2030 Γαλατία,
992 1959 1075 2019 Κολ-

326 2065 386 2153 χίς,
410 2061 564 2153 Βοσπόρη,
589 2066 735 2137 Μαιῶτις,
761 2053 880 2151 Δερόίς,
906 2063 1075 2152 Σαρματίς,

328 2171 500 2262 Ταυριανίς,
525 2167 703 2258 Βασταρνίς,
730 2165 856 2245 Σκυθία,
873 2168 994 2258 Θρᾴκη,
1011 2175 1077 2234 Μα-

327 2270 471 2356 κεδονία,
497 2277 683 2365 Δαλματία,
708 2274 876 2351 Μολοσσίς,
904 2276 1075 2351 Θεσσαλία,

327 2386 445 2477 Λοκρίς,
461 2386 603 2460 Βοιωτία,
621 2383 770 2458 Αἰτωλία,
788 2379 931 2457 Ἀττικὴ,
949 2380 1075 2470 Ἀχαία,

328 2493 475 2568 Πελλήνη
493 2498 514 2567 η
532 2489 708 2578 καλουμένη
735 2488 980 2567 Πελοπόννησος,
1005 2487 1077 2579 Ἀρ-

327 2594 432 2678 καδία,
445 2599 634 2689 Ἢπειρῶτις,
644 2595 781 2686 Ἰλλυρὶς,
791 2604 945 2685 Λυχνῒτις,
955 2587 1078 2686 Ἀδρια-

327 2708 367 2782 κη
379 2765 390 2799 ,
414 2705 467 2798 ἀρ’
491 2702 528 2782 ἧς
550 2706 589 2771 τό
611 2696 776 2794 Ἀδραϊκόν
805 2702 957 2784 [Anonym.
975 2701 1080 2782 Gunpii

327 2815 410 2894 maa]
433 2809 564 2888 ἐκλήθη,
589 2802 761 2899 Καλαόρία,
787 2807 916 2884 Ἰταλία,
945 2807 1075 2884 Γαλλία,

328 2919 496 2997 Θουσκινὴ,
520 2918 700 2994 Αυσιτανία,
724 2915 875 2993 Κελτικὴ,
904 2915 1076 2994 Μεσσαλία,

332 3137 423 3208 quiet
441 3133 538 3204 celte,
556 3133 691 3201 Abistini,
710 3130 853 3197 Celtiberi,
873 3130 981 3199 Hiberi,
1003 3128 1077 3185 Galli

332 3223 478 3296 Aquitani,
498 3221 663 3295 Hylliriani,
685 3221 829 3290 Basantss,
856 3219 973 3286 Cirtani,
994 3217 1078 3273 Lusi-

333 3313 402 3379 tani,
418 3311 530 3379 Voocei,
551 3309 712 3378 Camenass,
731 3309 872 3364 Brittones
891 3308 939 3380 qui
957 3309 987 3362 in
1001 3308 1080 3361 insu·

332 3399 371 3456 lia
389 3401 529 3455 habitant.

366 3493 403 3546 V.
430 3491 482 3554 Qui
507 3493 599 3544 autem
624 3505 718 3544 eorum
743 3493 882 3542 noverunt
905 3486 1031 3554 litteras,
1050 3485 1079 3540 hi

332 3583 414 3635 sunt:
434 3578 548 3648 Hiberi,
572 3576 662 3632 Latini
682 3578 729 3649 qni
748 3582 778 3631 et
795 3576 930 3646 Romani,
950 3575 1079 3646 Hispani,

333 3670 437 3739 (irasci,
456 3668 545 3735 Medi,
565 3669 689 3723 Armeni.

368 3759 440 3814 Sunt
457 3761 550 3811 autem
570 3758 641 3811 fines
653 3774 749 3812 eorum
768 3756 802 3809 ad
821 3757 935 3825 Borran,
955 3755 1082 3814 eMsdia

332 3864 420 3921 usque
442 3846 556 3916 Gadira,
575 3863 593 3901 a
611 3845 754 3900 Potamide
773 3846 859 3900 fluvio
880 3861 966 3917 usque
986 3844 1081 3899 Metu-

333 3939 386 4006 sia,
403 3938 438 4000 ad
456 3935 548 4010 llyon.

368 4028 464 4084 Turres
483 4033 575 4084 autem
594 4043 690 4083 eorum
709 4028 753 4081 hes
772 4033 846 4082 suut·
867 4024 972 4093 Media,
991 4023 1080 4080 Alba-

334 4113 390 4188 nis,
410 4117 568 4185 Amazonia,
587 4119 721 4173 Armenia
746 4118 846 4182 minor,
866 4116 998 4170 Armenia
1018 4130 1081 4168 ma-

330 4209 386 4277 jor,
399 4207 583 4279 Cappadocia,
605 4206 805 4278 Paphlagonia,
825 4203 944 4276 Galatia,
959 4205 1082 4273 Cholcis,

334 4296 437 4364 indice,
456 4296 641 4369 Bosphorina,
661 4298 776 4367 Moesia,
799 4297 907 4364 Derris,
927 4295 1079 4365 Sermonis,

334 4386 484 4453 Tauriana,
497 4385 614 4453 scithia,
628 4385 783 4456 Bastarnis,
796 4386 927 4452 Thracia,
947 4384 1080 4439 Macedo-

334 4477 392 4545 nia,
403 4473 554 4545 Delmatia,
569 4473 665 4545 Molis,
678 4473 835 4542 Thessalia,
849 4475 960 4540 Incria,
973 4474 1081 4542 Beotia,

335 4563 424 4634 Eolia,
437 4565 541 4634 Attica,
555 4564 671 4632 Achaia,
691 4562 826 4631 Pellenia,
841 4580 903 4635 quae
923 4560 1083 4635 sppeliatur

267 4644 269 4650 ’
335 4652 529 4726 Peloponesia,
551 4656 686 4722 λοοοιιοο,
708 4653 847 4726 Ερίιοοίε,
871 4651 979 4726 Illyria,
1001 4653 1082 4707 Anh-

334 4747 441 4817 nyntis,
459 4744 611 4812 adriatice,
630 4760 665 4798 ex
683 4759 739 4815 qua
759 4742 876 4815 pelagus
897 4743 1082 4812 Adriaticum,

325 4829 469 4901 vGelleciet,
489 4831 638 4887 Lusitania
655 4830 688 4900 (l.
707 4833 886 4900 Lusitania),
904 4831 1001 4900 ltalia,
1021 4832 1082 4887 'l'u-

334 4937 427 4990 scene,
447 4919 594 4990 Massalia,
614 4919 715 4985 t'eltes,
734 4919 837 4991 Gallie,
856 4920 1082 4994 Hispanogallia,

335 5009 435 5080 iberia,
455 5009 595 5083 Hispania
612 5013 715 5083 major.

376 5187 411 5244 V.
421 5190 493 5246 Nota
504 5191 534 5244 in
546 5190 667 5246 secunda
677 5189 828 5246 latinorum
837 5191 952 5265 periodo
963 5207 1084 5263 graecam

339 5295 434 5334 rocem
448 5281 643 5352 superstitem:
664 5281 790 5337 inamata
808 5298 827 5335 a
844 5279 944 5350 ἀνίασιν
962 5277 1003 5338 εἰσ
1022 5280 1083 5336 cod.

837 495 1171 572 CHRONOGRAPHUS
1192 497 1283 572 sac.
1309 500 1347 573 lli

1122 665 1354 758 Κελτογαλλία,
1365 665 1598 757 Σπανογαλλία,
1609 659 1737 760 Ἰόηρία,
1749 665 1871 738 Σπανία

1122 785 1142 854 ἡ
1169 776 1304 870 μεγάλη.
1331 774 1455 858 Syntell.

1169 883 1320 950 Ἐνταῦθα
1343 885 1522 978 καταλήγει
1544 885 1586 952 τά
1602 889 1669 979 όρια
1691 900 1747 955 τοῦ
1768 889 1872 982 Ἰάρετ

1125 993 1179 1068 ἕως
1191 999 1400 1082 Βριττανικῶν
1413 992 1525 1072 νήσων,
1537 994 1642 1059 πάντα
1654 995 1698 1062 τά
1712 999 1785 1089 πρός
1802 1004 1874 1092 Βορ-

1126 1103 1181 1190 ρᾶν
1206 1100 1376 1184 βλέποντα.
1499 1133 1503 1142 ⁴

1169 1208 1252 1271 Είσίν
1279 1199 1311 1272 δὲ
1336 1212 1439 1284 αὐτοῖς
1463 1207 1517 1272 καί
1540 1219 1628 1284 νῆσοι
1652 1206 1754 1276 αὗται·
1775 1215 1875 1304 [Βριτ-

1126 1318 1242 1402 τανία],
1268 1318 1406 1394 Σικελία,
1426 1317 1551 1400 Εὔβοια,
1570 1309 1683 1396 Ῥόδος,
1705 1326 1785 1398 Χῖος,
1801 1322 1876 1386 Λέσ-

1128 1427 1191 1509 βος,
1215 1422 1353 1514 Κύθηρα,
1377 1422 1549 1500 Ζάκυνθος,
1573 1429 1766 1515 Κεραληνία,
1795 1433 1875 1518 Κορ-

1127 1529 1213 1621 σόρα,
1226 1531 1279 1594 καί
1295 1535 1327 1594 αί
1339 1520 1509 1606 Κυκλάδας,
1522 1529 1577 1594 καί
1590 1530 1679 1621 μέρος
1695 1541 1753 1608 της
1769 1531 1875 1609 Ἀσίας

1127 1637 1165 1700 τό
1188 1635 1380 1725 καλούμενον
1405 1636 1512 1705 Ἰωνία.
1538 1640 1645 1704 Chaon.
1670 1637 1776 1702 Pauci.

1171 1745 1316 1832 Ποταμός
1341 1737 1374 1810 δέ
1397 1750 1480 1812 ἐστιν
1505 1753 1611 1825 αὐτοῖς
1635 1748 1749 1840 Τίγρις,
1771 1751 1787 1811 ό
1812 1738 1877 1812 διο-

1130 1845 1217 1939 ρίζων
1230 1843 1351 1924 Μηδίαν
1368 1854 1421 1918 καί
1438 1849 1646 1921 Βαόυλωνίαν.
1666 1854 1776 1921 Ταῦτά
1791 1859 1875 1920 ἐστιν

1128 1957 1170 2022 τά
1194 1959 1262 2048 όρια
1287 1970 1343 2024 τοῦ
1368 1960 1480 2051 Ἰάρετ.
1499 1961 1572 2024 ibid,

1172 2065 1212 2140 τί.
1237 2067 1303 2131 rtet
1323 2067 1403 2155 Κάρ·
1419 2069 1505 2146 Χοὺς,
1522 2063 1555 2147 ἐξ
1571 2065 1605 2134 οὗ
1621 2068 1771 2147 Αἰθίοπες.
1796 2076 1878 2134 Μεσ-

1128 2171 1233 2261 τραίμ,
1259 2165 1291 2250 ἐξ
1315 2168 1349 2238 οὗ
1366 2174 1537 2266 Αἰγύπτιοι.
1553 2167 1649 2253 deii,
1674 2169 1707 2254 ἐξ
1732 2171 1766 2240 οὗ
1790 2183 1878 2265 Τρω-

1128 2270 1290 2370 γλοδύται.
1315 2280 1449 2360 Χαναάν,
1474 2275 1506 2361 ἐξ
1531 2278 1565 2348 οὗ
1589 2289 1764 2348 Χαναναῖοι.

1174 2388 1241 2451 rtet
1271 2387 1365 2465 Χοίις,
1391 2381 1530 2455 Σαόάτ...
1554 2389 1698 2455 Eicitur...
1723 2383 1878 2456 Σεόατά...

1130 2493 1274 2586 Ῥεγμά...
1303 2488 1478 2561 Σεόακαθά.

1174 2601 1241 2666 rtet
1252 2602 1396 2694 Ῥεγμά...
1410 2601 1567 2683 Syenites.
1585 2643 1626 2653 -
1640 2605 1759 2690 Σάβαα,
1777 2607 1830 2696 ἀρ’
1843 2600 1878 2670 οὗ

1131 2699 1304 2787 Σαόόιαῒοι,
1330 2707 1482 2775 Αἰθιόπων
1506 2711 1600 2803 γένος.
1619 2712 1757 2791 'Ennia
1776 2712 1827 2803 ἀφ’
1844 2709 1878 2778 οὗ

1129 2819 1286 2881 Γετοῦλοι.
1311 2809 1453 2896 Σαόατά,
1479 2817 1529 2908 ἀρ’
1547 2813 1580 2882 οὗ
1597 2813 1792 2912 ’λσταόάροι
1808 2821 1879 2885 Ἐσ-

1132 2922 1261 3006 βεκαθά,
1286 2925 1335 3016 ἀφ’
1361 2920 1395 2992 οὗ
1419 2925 1633 3016 Ἐσβεχθηνοί.
1656 2927 1795 2991 Ληουίαν.

1168 3137 1228 3193 Huc
1248 3155 1336 3210 usque
1354 3137 1487 3193 delinitur
1505 3142 1582 3192 terra
1598 3139 1710 3211 taphet,
1738 3156 1827 3211 usqne
1846 3139 1879 3192 ad

1132 3226 1323 3282 Brittannicas
1342 3225 1460 3294 insulas,
1482 3243 1578 3281 omnes
1600 3226 1634 3280 nd
1655 3227 1760 3282 Borran
1788 3227 1880 3298 respi-

1132 3317 1249 3371 cientes.

1168 3405 1239 3460 Sunt
1251 3409 1342 3458 autem
1361 3403 1470 3458 hisdem
1482 3405 1641 3459 nationibus
1654 3403 1754 3460 insulae
1768 3421 1878 3477 quoque

1133 3493 1206 3549 istae:
1228 3494 1382 3560 Britannia,
1394 3492 1502 3562 Sicilia,
1515 3494 1629 3562 Euboea,
1644 3494 1766 3561 Rhodus,
1784 3494 1879 3560 Chius,

1134 3583 1248 3650 Κοεοοε,
1256 3575 1402 3654 tytnsrea,
1413 3583 1576 3653 lacinthus,
1587 3581 1763 3654 Cephalonis,
1776 3581 1879 3650 Ithaca,

1134 3671 1264 3744 corcyra,
1275 3669 1400 3725 ciclades
1411 3669 1522 3738 insulae,
1534 3675 1561 3724 et
1570 3685 1636 3742 pars
1655 3663 1784 3741 quaedam
1794 3671 1880 3742 Asiae,

1134 3777 1196 3834 quaa
1215 3759 1373 3832 appellatur
1391 3760 1483 3816 ionia.

1169 3844 1284 3900 Flumen
1303 3849 1397 3900 autem
1413 3844 1459 3899 his
1477 3845 1575 3917 Tigris
1594 3849 1647 3914 est,
1661 3844 1786 3900 dividens
1805 3845 1881 3898 inter

1134 3932 1318 4007 Babyloniam
1337 3938 1365 3988 et
1383 3933 1516 3990 Mediam.

1171 4023 1220 4077 iles
1240 4027 1308 4078 sunt
1325 4023 1396 4079 lines
1413 4023 1526 4095 taphet.
1848 4082 1850 4086 ,

1171 4113 1218 4169 Vl.
1238 4111 1305 4168 Filii
1322 4118 1414 4170 autem
1434 4113 1531 4168 Chem:
1552 4112 1626 4169 Chus
1644 4130 1679 4168 ex
1697 4131 1752 4186 quo
1771 4112 1884 4169 AEthio·

1135 4219 1205 4274 pes,
1225 4203 1338 4258 Mesren
1367 4221 1402 4259 ex
1428 4222 1483 4277 quo
1509 4204 1658 4276 AEgyptii,
1678 4203 1749 4257 Futh
1772 4201 1806 4255 de
1827 4218 1882 4274 que

1134 4291 1318 4364 Trogloditae,
1343 4293 1452 4348 Censen
1471 4293 1505 4347 de
1524 4310 1578 4364 quo
1597 4291 1662 4348 afri
1680 4297 1709 4345 et
1725 4291 1881 4346 Phoenices.

1171 4380 1236 4436 Filii
1256 4382 1340 4436 Ghus:
1355 4383 1478 4437 Nebroth
1504 4384 1587 4454 gigas
1606 4388 1634 4436 et
1646 4383 1718 4439 Saba
1736 4384 1766 4434 et
1782 4377 1884 4434 libulat

1135 4476 1165 4526 et
1182 4472 1283 4527 Sebath
1302 4476 1330 4526 et
1348 4471 1456 4542 Regma
1474 4477 1503 4526 et
1524 4473 1595 4528 Saba
1613 4479 1642 4527 et
1660 4472 1762 4528 Chusa.

1171 4559 1237 4614 Filii
1251 4567 1343 4616 autam
1368 4561 1484 4632 Regma:
1497 4561 1570 4618 Saba
1589 4573 1617 4615 et
1634 4560 1739 4632 Dedan,
1758 4560 1831 4618 Saba
1849 4559 1883 4613 de

1136 4667 1190 4724 quo
1209 4651 1312 4720 Sabaei,
1321 4649 1432 4707 Evilath
1445 4652 1479 4705 de
1493 4670 1547 4724 quo
1561 4650 1665 4719 Getuli,
1678 4651 1809 4706 Sabataa
1828 4665 1882 4722 quo

1136 4742 1438 4816 Trabes,Dadanaquo
1446 4741 1594 4814 AEthiopes
1602 4739 1765 4795 occidentali
1775 4739 1881 4812 plagae.

1172 4833 1373 4904 AEgyptiorum
1392 4836 1485 4887 autem
1502 4832 1685 4918 patriaeocnm
1703 4834 1784 4904 patre
1804 4830 1883 4903 ipso-

1136 4936 1198 4975 rum
1216 4925 1283 4975 sunt
1301 4920 1371 4977 Vlll.

1172 5010 1282 5067 Dictum
1300 5011 1390 5067 enim:
1405 5011 1441 5067 lit
1454 5011 1575 5069 Mesram
1589 5013 1687 5084 gennit
1699 5010 1799 5082 Lndin,
1812 5010 1885 5066 uude

1137 5189 1228 5261 Alias,
1247 5207 1302 5248 uno
1321 5190 1398 5250 flatu:
1419 5192 1673 5265 nomentanum,
1687 5189 1764 5248 nullo
1780 5191 1885 5248 editore

1137 5281 1315 5338 mussitante.
