4044 6098
253 497 310 574 llo
928 497 1121 576 cancellus

254 656 449 752 ἀανομένης,
473 658 492 735 ll.
518 663 572 727 καὶ
595 649 646 729 lid
669 661 729 738 τήν
752 660 855 753 ψυχήν
880 667 1002 755 εἴρηται
1056 661 1177 727 xillanle
1197 662 1362 728 salvatoris
1380 663 1491 742 anima,
1513 661 1621 732 dicitur
1641 663 1806 752 transpldll·

252 781 306 836 τοῦ
326 779 473 861 Σωτῆρος
491 770 760 860 μεταρυτευθεῖσα
777 770 862 838 ἔνθεν
887 778 929 849 εἰς
945 774 999 839 τὸν

251 871 448 972 παράδεισον.
468 880 549 970 'Epor
575 879 636 971 γάρ
658 889 704 963 τῷ
720 885 835 967 λῃστῇ·
857 881 998 971 Σήμερον

251 988 319 1078 μετ’
345 992 419 1076 ἐμοῦ
442 989 497 1074 ἔσῃ
524 992 554 1052 ἐν
570 997 616 1070 τῷ
632 979 811 1078 παραδείσῳ
828 999 885 1054 τοῦ
908 995 998 1055 Θεοῦ.

226 1147 233 1166 ,
295 1087 456 1174 Διεξὸδους
481 1086 515 1160 δὲ
538 1086 671 1174 ὑδάτων,
687 1095 744 1172 τάς
761 1094 845 1173 θείας
868 1097 997 1189 γραφάς,

250 1208 280 1269 ὲν
305 1201 352 1280 αἷς
369 1209 554 1294 ἁπανταχοῦ
578 1204 662 1269 ἔστιν
681 1210 777 1296 εὑρεῖν
795 1207 926 1296 Χριστὸν
942 1231 1000 1281 κη-

252 1313 447 1404 ρυσσώμενον.

295 1421 356 1484 Τὸν
379 1420 497 1509 καρπὸν
520 1430 577 1486 τοῦ
601 1415 695 1500 ξύλου
718 1422 839 1498 νοήσεις
862 1421 923 1497 τὴν
947 1426 998 1513 tp-

250 1525 308 1602 θὴν
332 1529 446 1593 πίστιν.

294 1635 406 1701 Φώλλα
423 1627 457 1700 δὲ
473 1638 579 1714 αὐτοῦ,
596 1635 656 1711 τήν
679 1639 839 1728 πλήρωσιν
862 1647 925 1702 τῶν
949 1642 998 1705 ἑν-

249 1747 360 1807 τολῶν.
380 1743 495 1833 Ἔλεγε
519 1733 553 1808 δέ
568 1768 615 1820 τις
631 1754 694 1809 τῶν
712 1747 817 1837 ἀγίων,
835 1745 938 1836 ρώλλα
958 1741 998 1811 εἶ-

249 1873 299 1913 ναι
310 1858 373 1913 τῶν
388 1852 534 1922 ἀσκητῶν
546 1850 606 1925 τὴν
618 1853 912 1945 ταπεινοφροσώνην,
929 1853 998 1918 σκώ-

248 1979 366 2020 πουσαν
383 1960 485 2021 αὐτῶν
509 1957 580 2034 τοὺς
602 1959 747 2050 καρποὺς,
765 1961 818 2025 καί
835 1953 996 2051 μηδέποτε

247 2065 432 2130 πίπτουσαν.
442 2103 486 2142 -,
498 2059 792 2138 Κατευάωθήσεται·
806 2074 839 2136 οὐ
852 2069 913 2162 γάρ
928 2071 996 2136 ἔστι

247 2164 354 2262 πρᾶξις
367 2182 430 2237 τῶν
448 2172 532 2238 κατά
544 2174 624 2240 Θεὸν
637 2175 810 2268 γενομένων
825 2178 995 2267 ἀνωφελής.

291 2298 324 2342 v.
349 2280 377 2342 l.
403 2285 471 2371 Οὐχ
487 2283 583 2358 οὕτως
600 2289 629 2348 οἱ
652 2278 782 2362 tendere,
807 2289 865 2374 οὐχ
888 2287 993 2363 οὕτως.

292 2388 380 2465 Τίνες
403 2387 600 2479 προτιθέασιν
633 2382 776 2483 δεύτερον
800 2393 837 2458 τὸ
862 2397 919 2484 οὐχ
943 2395 995 2459 οὕ-

211 2493 215 2500 ’
247 2515 316 2571 τως·
334 2497 406 2560 οὔτε
432 2487 465 2560 δὲ
488 2497 526 2562 τὸ
549 2490 692 2587 ἑώραῖαὸν
717 2491 911 2566 ἀνεδίπλωσε
933 2500 993 2574 τήν

245 2595 343 2680 λέξιν,
367 2605 440 2668 οὔτε
462 2625 509 2679 τις
532 2613 595 2668 τῶν
619 2605 876 2696 ἑρμηνευσάντων
903 2609 996 2698 ἐχρή-

247 2733 326 2775 σατο
350 2708 546 2800 ἐπαναλήψει
568 2723 626 2791 της
650 2715 800 2805 χρήσεως.

288 2836 320 2880 ν.
344 2818 373 2881 b.
399 2817 457 2884 Διά
486 2830 582 2886 τοῦτο
614 2825 669 2888 οὐκ
701 2822 934 2898 ἀναστήσονται
965 2829 994 2890 οἱ

246 2919 367 3002 taedere
392 2930 422 2992 ἐν
446 2930 551 3018 κρίσει.

290 3033 404 3112 Eleon,
421 3038 477 3100 οῦκ
499 3036 731 3111 ἀναστήσονται
755 3044 784 3102 ol
800 3031 930 3118 ἀσεώεῒς,
951 3044 992 3118 είς

243 3142 340 3233 κρίσιν
365 3143 468 3233 φησίν,
492 3147 547 3210 crist
572 3149 613 3220 είς
637 3144 797 3236 ἐρώτησιν.

290 3267 322 3311 v.
346 3249 374 3312 6.
386 3249 461 3316 Ὀτι
477 3250 624 3344 γινώσκει
637 3252 748 3343 Κίιριος
763 3246 835 3320 ὁδὸν
852 3244 989 3335 δικαίων,

245 3353 300 3423 καί
323 3349 392 3435 ὁδὸς
416 3353 536 3424 ἀσείνῶν
561 3364 736 3426 ἀπολεῖται.

288 3467 333 3532 Τὸ
356 3465 519 3558 γινώσκει,
545 3468 616 3534 ἀντί
638 3479 695 3536 τοῦ
718 3479 816 3560 τιμᾷ,
841 3470 925 3537 κατά
952 3472 990 3538 τὸ

247 3574 405 3667 εἰρημένον
422 3576 482 3641 ὑπὸ
499 3583 579 3641 Θεοῦ
595 3578 670 3667 πρὸς
687 3584 830 3652 Μωῦσῆν·
847 3578 990 3644 Γινώσκω

249 3681 284 3747 σί
299 3677 384 3774 παρά
399 3682 529 3762 πάντας,
547 3685 600 3749 καί
616 3681 706 3774 ηὗρες
720 3685 811 3776 χάριν
827 3685 899 3776 παρ’
912 3689 990 3774 ίμοί.

246 3824 286 3838 -·
304 3789 503 3879 Σημειωτέον
516 3789 694 3878 ,καθολικῶς
711 3793 760 3857 ὅτι
775 3791 873 3856 καλὸν
899 3792 990 3881 μόνον

243 3896 431 3986 γινώσκεται
447 3898 506 3963 ὑπὸ
521 3899 642 3987 Κυρίου·
659 3898 756 3963 καλὸν
773 3895 833 3989 γάρ
849 3888 919 3974 ὁδὸς
943 3889 991 3965 δι-

281 4112 326 4196 (c)
348 4111 494 4178 llrmnrus.
516 4112 581 4177 Illic
600 4110 681 4178 enim
702 4111 868 4196 plantatum
885 4110 940 4177 hoc
955 4110 991 4175 li·

240 4221 332 4285 gnum
353 4211 409 4282 est,
432 4221 490 4286 quo
513 4203 652 4268 latronem
675 4202 767 4281 illum,
781 4220 815 4266 se
832 4201 989 4267 Dominum

239 4293 439 4370 confitentem,
453 4291 596 4358 Dominus
611 4291 661 4374 qui
677 4290 822 4374 sapientia
837 4301 884 4358 est
899 4290 991 4359 intro-

239 4378 333 4460 dusit,
356 4379 474 4444 dicens:
493 4384 613 4446 nllmen
633 4379 700 4444 dico
722 4380 788 4459 tibi,
804 4379 893 4446 bodie
908 4390 988 4447 etc.»

241 4501 277 4516 -
286 4468 620 4535 Pssunn-llrsnnnrnns.
635 4469 691 4534 Pro
702 4469 881 4552 plantutum,
896 4479 991 4538 trans·

243 4557 409 4641 plantatum
419 4557 527 4641 Aquila
540 4559 702 4624 transtulit.
714 4559 840 4643 Lignum
852 4571 987 4626 autem„

239 4646 419 4730 sapientiam
440 4657 522 4730 puto.
546 4647 699 4733 Sapientia
716 4661 816 4716 nutem
838 4669 890 4735 per
910 4653 987 4736 lpo·

277 4854 305 4894 n.
317 4835 344 4894 d.
356 4836 417 4895 Vel.
430 4834 473 4894 lc.
485 4837 601 4894 Frustra
614 4839 756 4895 Gennadio
767 4838 849 4913 plura
859 4841 905 4896 hic
915 4841 991 4898 dedit

242 4925 403 4999 condemns,
423 4946 485 5002 quse
504 4944 556 5002 per
572 4947 602 4985 se
622 4927 737 5002 Origeni
757 4931 943 5003 vindicantur,
963 4938 991 4989 et

240 5019 345 5088 partim
358 5021 534 5092 recipiuntur
546 5020 617 5093 apud
631 5019 687 5077 BB.
697 5021 830 5077 -Vetus
843 5021 892 5076 lile
905 5023 990 5078 Pseu-

241 5105 488 5181 do-Hieronymun
499 5111 545 5182 qui
556 5115 676 5165 testatur
686 5111 818 5181 origenis
828 5127 858 5166 se
867 5113 991 5167 tenuisse

241 5195 434 5252 Eneltiriclinn
453 5203 480 5253 ct
498 5199 618 5268 codices,
632 5199 705 5254 hund
718 5200 857 5256 immerito
874 5201 904 5254 in
923 5217 991 5256 cen·

242 5299 303 5339 suun
323 5285 473 5341 identidem
493 5289 680 5345 revocabitur.
697 5317 730 5329 -
749 5288 817 5342 Tam
836 5293 916 5344 retus
933 5291 989 5347 Vn·

1056 777 1119 835 tnta
1140 771 1172 834 in
1200 771 1370 854 paradisum
1390 772 1447 855 (o).
1471 773 1554 838 blut
1573 774 1653 840 enim
1679 775 1803 866 latroni:⁸

1057 876 1183 943 «Hodie
1202 896 1316 945 mecum
1336 879 1396 944 eris
1417 881 1448 944 in
1469 881 1605 965 paradiso
1625 881 1721 948 Dei.»

1095 1093 1184 1158 Scene
1194 1094 1801 1179 decrementorum,secusdirinasScri-

1052 1209 1166 1282 pturas,
1189 1201 1219 1266 in
1240 1203 1347 1284 quibus
1369 1205 1566 1287 undequaque
1585 1204 1631 1268 las
1651 1212 1697 1270 est
1716 1219 1800 1287 repe·

1052 1308 1110 1374 rire
1130 1309 1279 1376 Christum
1301 1313 1534 1394 pronuntiatum.

1092 1413 1130 1478 ln
1148 1416 1246 1498 screto
1265 1417 1338 1500 ligni
1361 1428 1469 1484 rectum
1492 1417 1580 1484 fidem
1600 1416 1731 1484 noveris.

1092 1629 1181 1698 Folio
1201 1641 1300 1698 autem
1327 1634 1407 1718 eius,
1428 1632 1632 1700 mandatorum
1654 1651 1800 1700 consuen-

1053 1739 1172 1806 tionem.
1205 1741 1377 1807 Sanctorum
1404 1742 1513 1826 aliquis
1540 1743 1683 1826 majorum
1710 1741 1799 1820 dixit,

1051 1847 1121 1912 solis
1140 1867 1206 1914 esse
1226 1857 1389 1915 ascetarum
1410 1848 1551 1915 humilem
1571 1850 1798 1934 spiritumque

1051 1955 1163 2037 obtegit
1179 1975 1280 2021 eorum
1294 1957 1417 2036 tructus,
1428 1975 1523 2040 neque
1533 1973 1663 2039 unquam
1678 1953 1797 2019 decidit.

1050 2101 1090 2113 —
1105 2065 1370 2149 Prosperobnntnr‚
1387 2063 1467 2130 haud
1488 2065 1566 2130 enirn
1581 2072 1628 2129 est
1641 2062 1744 2128 inutile
1756 2062 1799 2126 la·

1050 2191 1117 2238 cere
1138 2191 1205 2257 que
1226 2173 1386 2238 meandum
1406 2171 1500 2236 Deum
1521 2171 1606 2236 liunt.

1089 2299 1122 2347 ν.
1146 2281 1176 2344 l.
1198 2279 1268 2348 Non
1287 2281 1327 2344 sic
1346 2280 1437 2363 impii,
1458 2298 1516 2344 non
1536 2281 1586 2344 sic.

1088 2386 1228 2453 Nonnulli
1243 2396 1443 2471 apposuerunt
1458 2387 1528 2452 illud
1544 2385 1719 2451 secundum:
1741 2403 1797 2448 nnn

1048 2497 1098 2560 αἰ.
1113 2495 1171 2562 Sed
1185 2515 1282 2581 neque
1296 2495 1434 2562 hebraice
1448 2495 1617 2578 duplicetur
1630 2494 1732 2573 dictio,
1748 2511 1798 2558 ne-

1050 2623 1107 2688 que
1127 2606 1206 2689 apud
1226 2625 1403 2692 quemqnam
1424 2607 1618 2690 interpretum
1639 2613 1799 2688 usurpatur

1050 2712 1135 2779 istius
1156 2713 1233 2779 modi
1256 2714 1393 2798 repetitio
1415 2713 1471 2798 (b).

1088 2839 1121 2886 ν.
1138 2821 1167 2885 b.
1185 2820 1255 2886 ideo
1275 2841 1332 2886 non
1352 2819 1661 2904 recognitionibus
1673 2817 1795 2902 jndicio.

1086 3048 1161 3113 Dum
1180 3044 1239 3111 eit:
1255 3044 1324 3114 Non
1336 3052 1485 3130 resurgent
1498 3047 1592 3130 impii,
1608 3045 1690 3126 dicit,
1706 3027 1795 3129 tn'jn-

1047 3151 1130 3228 doio,
1149 3155 1210 3217 bon
1230 3169 1304 3217 vern
1325 3151 1355 3216 in
1376 3151 1616 3235 interrogatione.

1084 3277 1118 3325 ν.
1135 3260 1164 3323 o.
1182 3260 1326 3338 Quoniam
1338 3261 1416 3324 ποοῦ
1433 3259 1578 3324 Dominus
1597 3259 1678 3324 σι’σοι
1691 3260 1794 3342 juncto-

1045 3387 1123 3447 rum,
1144 3375 1172 3433 et
1190 3369 1242 3432 iter
1264 3370 1420 3452 impiorum
1437 3369 1556 3453 peribit.

1086 3473 1148 3540 Vox
1170 3474 1220 3539 illa
1240 3476 1321 3540 nouit
1341 3484 1388 3542 est
1401 3494 1454 3559 pro
1467 3475 1562 3542 altera
1581 3475 1713 3553 λοοοιυι,
1726 3491 1794 3539 con-

1046 3593 1203 3667 sequenter
1229 3603 1246 3649 a
1273 3584 1335 3649 Deo
1362 3584 1474 3650 dictum
1501 3592 1546 3649 est
1573 3582 1612 3649 ad
1640 3583 1792 3667 Moysen:

1048 3690 1226 3773 ccogunsco
1248 3699 1281 3756 te‘
1297 3709 1385 3776 super
1399 3710 1513 3774 omnes,
1529 3703 1560 3758 et
1574 3691 1714 3759 invenisti
1728 3710 1795 3774 gra·

1045 3795 1115 3861 bam
1129 3798 1208 3880 apud
1229 3815 1306 3862 me.»
1330 3834 1369 3846 -
1389 3797 1560 3865 Notandum
1575 3798 1606 3863 in
1624 3798 1795 3865 universum

1045 3913 1099 3986 cst,
1111 3906 1190 3990 quod
1203 3908 1311 3974 bonum
1322 3908 1475 3974 dumtaxat
1485 3911 1526 3974 ita
1538 3905 1691 3990 cognoscit
1702 3906 1792 3988 neus,

1045 4111 1151 4177 stolum
1173 4111 1309 4179 Christus
1329 4113 1383 4180 Dei
1403 4113 1495 4180 Filius
1515 4113 1690 4179 declarator.

1084 4201 1127 4284 (b)
1148 4201 1478 4267 Peenno-liturouruus.
1501 4201 1536 4267 ld
1562 4201 1641 4286 quod
1664 4199 1793 4266 εεοιιοιλο

1044 4292 1161 4370 dicitur,
1174 4309 1230 4355 oen
1243 4292 1296 4372 sic,
1315 4291 1345 4356 in
1359 4291 1485 4356 hebreis
1505 4291 1707 4356 voluminibus
1725 4302 1787 4355 nnn

1045 4381 1184 4448 babetur:
1205 4380 1257 4446 sed
1278 4398 1315 4447 ne
1329 4381 1361 4444 in
1383 4380 1457 4464 ipsis
1475 4381 1592 4465 quidem
1608 4380 1682 4446 Lxx
1697 4380 1794 4444 inter-

1043 4470 1185 4552 pretibus.
1205 4469 1279 4536 Nam
1302 4471 1331 4533 in
1351 4469 1494 4553 exemplis
1514 4470 1650 4551 origenis
1671 4469 1702 4534 in
1723 4469 1793 4533 cs-

1044 4559 1166 4625 snriensi
1178 4558 1355 4626 bibliotheca
1367 4559 1479 4642 legens,
1492 4559 1584 4627 semel
1596 4568 1709 4626 tantum
1720 4556 1794 4624 scri·

1044 4658 1127 4733 ptum
1149 4648 1275 4733 repperi.

1044 4839 1153 4896 ticnnus
1173 4855 1255 4911 quam
1273 4836 1382 4910 vulgati
1400 4855 1456 4894 cxx
1474 4840 1592 4894 utuntur
1607 4837 1794 4908 ίπαναλήψιως.

1080 4948 1106 4986 n.
1125 4927 1152 4983 5.
1172 4929 1239 4985 vat.
1258 4927 1286 4984 5.

1079 5038 1104 5077 o.
1124 5018 1152 5074 6.
1171 5019 1235 5075 Vnt.
1252 5017 1279 5089 5,
1301 5015 1343 5087 lt,
1365 5015 1405 5076 17.
1423 5016 1531 5076 Ultimo
1546 5017 1580 5070 sd
1599 5015 1795 5072 vindicandum

1045 5108 1195 5180 Origenem
1207 5126 1224 5163 s
1235 5107 1380 5163 decantato
1393 5124 1487 5163 errore
1499 5107 1532 5162 de
1543 5106 1735 5162 damnatorum
1747 5118 1791 5156 sa·

1043 5197 1102 5254 lule
1116 5215 1170 5254 non
1184 5197 1331 5253 temnenda
1342 5199 1468 5270 praebent
1480 5196 1595 5265 auxilia,
1608 5195 1681 5250 siout
1694 5198 1722 5249 et
1734 5190 1786 5248 rub

1045 5291 1111 5358 gala
1128 5286 1201 5359 apud
1220 5287 1266 5341 ΒΒ
1285 5286 1397 5341 ibidem.

2013 1166 2020 1209 l

2011 1262 2019 1409 l
