3976 6078
286 503 324 565 aa
850 497 984 564 cratis
1005 497 1033 562 S.
1059 495 1263 563 histrionis

327 649 380 713 hi.
397 646 593 730 vigintiduo,
609 647 646 712 ad
661 655 873 712 sacromentum
886 645 1052 712 diuinorum
1068 645 1261 723 voluminum,
1275 648 1432 713 secundum
1448 647 1634 714 Hebraeorum
1650 649 1771 714 litteras.

327 765 375 829 iii.
392 763 512 828 Xiiiiil.
527 762 582 828 Hie
593 782 733 828 numeros
744 762 849 846 uiginti
861 773 986 847 qrratuor
996 761 1135 826 librorum
1147 762 1257 828 veteris
1266 762 1456 840 Testamenti,
1468 763 1627 827 secondum
1639 763 1829 828 Hebraeorum

287 879 471 945 traditionem
486 894 504 942 a
517 877 692 961 quibusdum
714 877 836 960 figuram
859 876 965 942 hahere
979 875 1093 942 dieitur.
1110 876 1165 940 hiii
1181 895 1251 941 vero
1265 888 1364 961 patres
1376 880 1489 942 ueteris
1503 897 1539 942 ao
1553 878 1621 943 novi
1636 878 1828 958 Testamenti,

285 995 334 1060 vei
348 995 448 1061 eodem
470 1011 604 1072 nomem,
625 993 841 1059 intellexerunt.
864 993 897 1056 in
913 991 1107 1076 Apocalypsi:
1124 991 1162 1056 Et
1176 1010 1262 1075 super
1283 991 1402 1058 thronos
1422 993 1532 1076 viginti
1554 1003 1679 1077 quatuor
1699 992 1831 1060 seniores

284 1111 430 1177 sedentes.

325 1213 375 1290 hd.
392 1223 503 1309 Viginti
520 1225 660 1310 quinque,
674 1223 711 1290 ad
723 1223 852 1309 quinque
862 1243 966 1291 sensus
977 1224 1116 1310 eorporis,
1129 1225 1178 1310 qui
1195 1225 1223 1290 in
1238 1224 1405 1311 semetipsis
1418 1223 1614 1310 multiplicati,
1627 1225 1664 1291 ad
1676 1223 1764 1308 hujus
1778 1243 1831 1289 nn·

285 1340 356 1407 meri
372 1341 550 1426 perveniunt
563 1347 787 1406 sacramentum.

325 1457 375 1521 iii.
388 1457 518 1523 xxviii.
532 1455 588 1521 iiio
598 1473 736 1522 numeros
747 1455 785 1519 ad
794 1455 948 1536 Evangelii
960 1465 991 1522 et
1000 1455 1087 1538 Legis
1099 1456 1223 1539 pertinet
1240 1456 1280 1539 [p.
1299 1455 1375 1538 iiii,
1390 1454 1587 1540 mysteriumii
1604 1455 1660 1520 suh
1674 1454 1756 1538 eujus
1771 1473 1832 1518 uu-

284 1571 355 1637 meri
378 1582 561 1637 sacramento
581 1571 702 1636 eortinae
722 1570 910 1637 Taheruaouii
931 1573 1060 1656 ejusdem
1080 1573 1192 1638 numeri
1215 1572 1327 1638 cubitus
1347 1571 1377 1636 in
1399 1571 1832 1654 longitudineihahuisse1ie-

285 1695 389 1752 runtur
402 1686 432 1750 in
448 1686 558 1750 Exodo.

325 1803 375 1866 iiii.
391 1801 479 1882 XXX,
496 1800 535 1866 ad
549 1803 659 1866 fruetus
673 1801 801 1867 iideiium
815 1805 1051 1887 coniugatorum.
1068 1805 1100 1870 in
1115 1803 1296 1883 Evangelio:
1313 1802 1471 1867 Etdahunt
1485 1803 1620 1882 inactum,
1633 1802 1712 1867 aliud
1727 1813 1833 1867 oonte-

285 1910 400 1988 simnm,
415 1909 495 1974 eliud
509 1910 735 1992 sexagesimum,
751 1911 831 1977 aiiud
845 1933 915 1980 vero
932 1915 1123 1998 trigesimum.

325 2025 375 2090 56.
394 2024 548 2105 maxim,
563 2025 601 2089 ad
613 2025 783 2110 mysterium
795 2029 902 2110 aetatis,
914 2049 972 2114 qua
984 2031 1127 2097 Dominus
1139 2032 1168 2096 in
1179 2050 1265 2099 carne
1276 2045 1466 2100 conversatus
1476 2045 1532 2099 est.
1547 2035 1579 2098 in
1592 2035 1741 2118 hpostoio‚
1755 2034 1832 2100 sicut

285 2141 460 2226 quibusdam
477 2160 513 2206 ex
527 2140 584 2206 hoo
595 2140 730 2208 videtur:
746 2143 844 2210 Donoe
857 2163 1041 2212 occurramus
1056 2147 1085 2210 iu
1100 2147 1241 2213 unitatem
1258 2149 1324 2215 fidoi
1337 2160 1367 2215 et
1377 2148 1537 2232 agnitionis
1549 2150 1599 2214 iiiii
1612 2150 1677 2230 liei,
1691 2151 1722 2214 in
1733 2150 1830 2216 sirum

287 2258 457 2341 perfeetum,
473 2257 504 2321 in
518 2274 682 2323 mensuram
698 2259 798 2324 aetatis
811 2259 1005 2344 plenitudinis
1019 2261 1137 2328 Christi.

325 2374 374 2439 oi.
391 2372 451 2439 xt.
470 2372 526 2438 flio
542 2391 681 2439 numerus
694 2373 780 2457 Legis
800 2382 831 2441 et
850 2373 1005 2456 Evangeiii
1026 2375 1138 2441 obtinet
1158 2386 1390 2458 sacramentum
1414 2378 1491 2444 uude
1512 2387 1542 2443 et
1561 2397 1613 2460 per
1632 2378 1831 2457 exploratores

287 2489 446 2572 israelitas,
464 2490 593 2573 ejusdem
609 2489 721 2556 numeri
736 2491 851 2573 diebus,
868 2491 1099 2575 ropromissionis
1113 2500 1190 2558 terra
1204 2501 1359 2576 peragrata
1375 2502 1431 2558 est.
1448 2492 1480 2557 in
1496 2491 1629 2558 Numeri.
1649 2541 1652 2548 .

326 2606 376 2670 os.
391 2605 437 2671 hd
458 2605 693 2690 quadragesime
712 2617 936 2673 saemmeotum.
953 2606 986 2671 in
1002 2607 1185 2690 Evangelio:
1201 2607 1239 2673 Et
1254 2607 1399 2689 agebatur
1413 2607 1442 2672 in
1457 2606 1562 2691 spiritu
1579 2606 1607 2672 in
1620 2606 1734 2672 deserto
1751 2607 1833 2691 [qua-

285 2723 435 2804 draginta]
452 2721 565 2788 diehus.
824 2724 830 2735 '

325 2839 374 2904 aa.
390 2838 434 2904 hd
453 2837 671 2904 resurrectionis
691 2838 846 2905 dominice
866 2849 1093 2908 sacramentum.
1108 2840 1141 2904 ln
1155 2839 1279 2906 dotibus
1298 2842 1513 2925 apostolorum:
1529 2842 1567 2906 iit
1581 2849 1771 2906 conversatus
1785 2850 1832 2906 est

286 2976 351 3021 oum
365 2956 408 3022 eis
423 2955 487 3020 dies
499 2955 706 3040 quadraginta.

325 3073 375 3138 6⁰.
391 3072 449 3137 XL.
466 3070 522 3136 iiie
535 3089 672 3136 numeros
681 3091 767 3138 omne
780 3091 908 3157 praeseus
920 3072 1020 3138 raeouii
1033 3074 1120 3158 hujus
1134 3081 1246 3158 tempus
1259 3073 1385 3155 figurare
1399 3071 1523 3151 dieitur;
1538 3081 1661 3156 quatum
1671 3071 1749 3137 enim
1763 3081 1832 3137 sunt

285 3189 386 3256 mundi
401 3197 511 3274 partos,
528 3197 559 3254 et
571 3189 667 3255 omnis
687 3197 821 3256 ereatura
841 3189 970 3255 visibilis
989 3209 1025 3255 ex
1046 3199 1170 3275 quatuor
1193 3191 1233 3274 [p.
1252 3189 1302 3272 att]
1324 3197 1439 3254 ooustat
1459 3187 1627 3268 elementis;
1643 3188 1831 3254 denariorum

286 3322 356 3370 vero
366 3322 504 3371 numeros
516 3286 546 3369 in
558 3303 663 3369 honam
674 3303 722 3370 sei
735 3304 838 3370 maiam
851 3315 963 3391 partem
976 3307 1121 3390 periectos
1132 3317 1196 3386 est3
1209 3305 1258 3391 qui
1270 3304 1408 3372 denarios
1419 3323 1470 3390 per
1480 3305 1700 3389 quaternarium
1710 3305 1828 3384 duetus,

286 3419 551 3504 quadragenarium
564 3418 676 3504 impiet.
689 3419 765 3486 iiiue
776 3430 822 3488 est
835 3423 913 3507 quod
924 3441 976 3508 per
987 3422 1168 3507 psalmistam
1180 3420 1304 3487 dieitur:
1316 3419 1520 3504 Quadraginta
1532 3418 1617 3484 annis
1628 3419 1779 3502 proximus
1790 3419 1829 3488 iui

285 3536 467 3622 generationi
481 3535 560 3604 huie.
576 3536 615 3601 Et
627 3536 658 3602 in
674 3537 797 3620 diluvio,
814 3540 942 3623 ejusdem
956 3539 1071 3605 numeri
1086 3539 1149 3604 dies
1162 3549 1192 3602 et
1203 3536 1325 3602 totidem
1339 3547 1452 3617 noctes,
1468 3545 1675 3620 superterram
1689 3536 1832 3602 Dominus

286 3655 373 3740 pluit.
388 3655 429 3721 Et
442 3653 473 3718 in
487 3653 645 3739 propheta:
659 3653 731 3721 Post
750 3656 948 3740 quadraginta
968 3657 1032 3722 dies
1048 3655 1158 3721 Ninive
1171 3653 1366 3720 subvertitur:
1381 3653 1459 3737 quod
1479 3662 1510 3718 et
1529 3653 1552 3717 si
1567 3652 1725 3718 sectandum
1740 3653 1831 3719 histo·

285 3773 359 3838 riam
372 3771 473 3838 eadem
489 3771 519 3836 in
532 3771 654 3838 darete
668 3773 775 3838 hatum
789 3790 849 3838 nou
869 3781 924 3854 est,
940 3772 971 3836 in
991 3771 1101 3836 mundo
1121 3787 1206 3850 voro,
1220 3769 1306 3854 eujus
1328 3771 1448 3852 figuram
1463 3767 1569 3834 civitas
1583 3768 1632 3834 iiia
1647 3768 1761 3851 habuit,
1778 3769 1831 3834 im·

285 3889 397 3973 pietuna
409 3887 476 3954 erit.

326 4005 375 4068 61.
387 4003 476 4085 XLII,
486 4004 524 4069 ad
535 4022 686 4071 numerum
695 4004 725 4072 in
733 4025 829 4074 eremo
842 4005 1036 4085 mansionum,
1048 4002 1097 4068 rei
1107 4001 1145 4067 ad
1157 4019 1308 4066 numerum
1320 4000 1554 4084 generationum,
1563 3999 1677 4081 quaeah
1685 3999 1831 4063 hhraham

284 4131 353 4187 sunt
366 4139 460 4205 usque
473 4122 510 4187 ad
525 4141 631 4190 nomen
644 4124 714 4190 iesu
729 4124 848 4190 Christi.

325 4243 375 4307 oa.
392 4242 425 4322 L,
441 4241 479 4306 ad
493 4239 691 4310 Pentecosten
701 4243 750 4310 sei
760 4243 922 4309 adventum
937 4238 1065 4324 Spiritus
1080 4233 1184 4300 saneti.
1200 4233 1235 4298 in
1252 4231 1372 4297 Actibus
1387 4230 1599 4315 apostolorum:
1615 4231 1690 4296 Dum
1704 4231 1831 4313 compie-

286 4366 388 4424 rentur
400 4358 465 4424 dies
478 4358 672 4426 Penteoostes.

319 4690 365 4748 51.
385 4691 498 4749 Senior-a
515 4691 599 4747 seoiie
617 4692 790 4748 habebuntur
806 4693 986 4763 eonjeetanos
997 4689 1031 4740 de
1084 4679 1209 4737 merod.
1225 4680 1314 4749 Saepo
1332 4678 1404 4750 apud
1424 4683 1492 4733 vett.
1503 4677 1634 4748 Numeri,
1647 4680 1734 4750 Regae
1747 4680 1832 4736 abso·

286 4781 442 4837 Iudaeorum
468 4780 570 4837 bibiieo
592 4797 706 4837 canone.
725 4781 774 4835 sed
792 4779 832 4835 ei.
855 4777 930 4835 infra
953 4779 1030 4832 Aua·
1083 4770 1141 4825 luto
1151 4787 1200 4843 pto
1212 4771 1293 4826 librii
1303 4769 1506 4836 Nummium,
1516 4771 1634 4841 Rwumr
1646 4785 1708 4840 (1ΰῦ
1719 4771 1833 4825 ΠΟΜῙΠΕ

285 4871 413 4926 etesium.
432 4901 468 4915 -
485 4869 530 4929 52.
552 4873 637 4945 hpoo.
657 4887 697 4940 ro,
715 4871 743 4924 4.
1083 4859 1166 4913 eiiam
1186 4864 1298 4912 manent
1316 4859 1376 4912 sins
1396 4857 1525 4913 flexione.

318 4957 365 5012 54.
386 4961 483 5015 Potius
501 4960 589 5017 Lavit.
609 4975 688 5028 mr,
707 4975 784 5014 xxxv
803 4973 885 5030 quam
902 4955 1002 5011 Exodi.
1116 4947 1163 5004 58.
1184 4947 1249 5003 Lue.
1269 4963 1307 5015 ιι,
1331 4947 1353 5004 i.
1372 4948 1481 5004 hiieubi
1508 4963 1599 5018 graeco
1618 4949 1640 4998 is
1661 4948 1784 5018 meipsa
1805 4950 1829 5002 is

319 5048 365 5102 55·
384 5050 486 5107 maath.
506 5068 568 5118 xus,
587 5053 615 5106 8.
635 5051 674 5106 ei.
694 5047 743 5116 65,
761 5047 808 5103 70.
1082 5039 1173 5108 ipipp.
1194 5067 1228 5079 -
1245 5035 1291 5092 59·
1312 5039 1371 5094 Aoi.
1390 5055 1409 5104 t,
1429 5036 1457 5092 3.

319 5135 364 5191 56.
385 5139 488 5212 Ephas.
507 5157 546 5204 ιν,
563 5140 603 5195 13.
1116 5127 1161 5186 60.
1176 5127 1322 5200 Perfectus
1334 5139 1384 5196 est,
1398 5128 1542 5184 testamiui
1557 5128 1591 5181 ia.
1608 5143 1683 5195 serv,
1698 5127 1744 5198 103
1758 5131 1829 5185 Gen.

319 5227 364 5284 57.
385 5231 468 5286 Num.
487 5247 550 5298 ιιιιι,
573 5229 604 5284 16
623 5235 655 5287 a’n
674 5229 799 5288 Numeri
816 5225 899 5294 sieC,
918 5229 950 5281 a'n
968 5241 1027 5278 nu·
1081 5235 1120 5288 ιν,
1138 5217 1190 5288 22;
1210 5219 1272 5274 don.
1293 5233 1335 5285 ιιι,
1354 5217 1381 5273 4.
1401 5249 1436 5259 -
1454 5217 1500 5274 62.
1522 5218 1586 5273 det.
1608 5233 1638 5286 ιι,
1661 5216 1684 5271 Ι.
