4038 6088
279 503 336 565 itit
945 507 1138 574 ortonnes

321 677 351 722 ν.
376 657 424 720 oi.
442 653 517 725 Είπε
534 657 593 750 γὰρ
610 663 642 724 ἑν
659 652 771 750 καρδίᾳ
788 664 892 726 αὺτοῦ·
910 666 954 728 oo
970 657 1028 742 ζη-
1117 680 1149 725 ν.
1173 661 1223 726 tt.
1246 660 1332 726 Dieit
1350 664 1425 728 euim
1446 665 1478 728 ιἰι
1497 669 1581 728 corde
1600 684 1668 730 erte:
1689 666 1758 734 Νοιι
1777 685 1829 730 ια-

275 768 376 841 τήσει.
1079 771 1180 852 quiret.

322 874 424 940 'nuit
447 873 505 940 miv
523 875 664 964 μυριαιιίς
681 879 795 953 ἐκεῖνος
810 887 915 941 ταῦτα
937 879 1025 970 λογί-
1118 877 1226 942 Verum
1247 876 1362 940 tametsi
1385 876 1483 943 docies
1498 878 1605 946 millies
1619 881 1644 945 is
1665 881 1733 946 tulin
1753 901 1829 947 som·

279 1009 385 1062 σηται,
412 984 448 1048 σὺ
473 978 607 1061 θλέπεις·
630 994 725 1052 τοῦτο
748 986 807 1078 γὰρ
831 986 968 1059 νοητέον.
1077 981 1186 1058 nititur,
1202 992 1233 1046 tn
1244 983 1338 1058 vidos,
1352 983 1380 1048 id
1391 984 1468 1050 enim
1481 985 1761 1070 subintelligendum
1770 998 1827 1056 est.

325 1107 356 1153 ν.
370 1091 420 1154 36.
434 1088 602 1183 Σίιντριψον
619 1095 673 1158 τὸν
693 1096 842 1185 βραχίονα
858 1103 914 1158 τοῦ
928 1099 1027 1185 ἁμαρ·
1117 1108 1149 1154 v.
1174 1091 1223 1155 36.
1247 1091 1524 1159 cormeriacum
1541 1069 1699 1178 peieotorie
1718 1103 1746 1162 ot
1764 1117 1829 1165 mo·

275 1202 378 1262 τωλοῦ
402 1197 456 1262 καί
479 1210 623 1287 πονηροῦ.
1077 1195 1162 1278 liqut.

322 1289 523 1397 Ἀμαρτωλθς
547 1311 632 1371 ἐστιν
656 1313 672 1370 ὁ
696 1301 729 1386 ἐξ
752 1299 943 1386 ἡδυπαθείας
973 1307 1026 1374 καί
1117 1297 1379 1372 reniterentur
1399 1307 1448 1390 qui
1470 1326 1506 1374 ex
1520 1308 1642 1375 motiitie
1655 1320 1687 1375 et
1705 1310 1828 1378 libidine

279 1415 448 1490 ἀκολασίας
473 1415 670 1506 ἁμαρτάνων·
693 1409 877 1508 reverterit
900 1422 916 1480 ὁ
940 1421 1027 1481 ἑκου-
1077 1422 1192 1495 pecuum
1215 1413 1365 1496 malignus
1385 1425 1496 1496 autom,
1512 1418 1563 1500 qni
1577 1416 1738 1484 deliberato
1759 1439 1828 1484 oon-

279 1524 348 1599 σίως
361 1524 829 1616 κακοποιητικός.-Βραχίονα
842 1518 875 1592 δὲ
888 1521 1025 1600 streete
1077 1519 1143 1584 silio
1163 1521 1272 1585 matum
1292 1522 1457 1605 exequitur.
1480 1523 1635 1588 Brachium
1655 1534 1753 1590 eutem
1774 1544 1827 1593 ve·

276 1629 398 1722 πονηρίι
428 1632 708 1724 κατεργασαμίνην
741 1631 855 1722 ψυχήν.
888 1633 922 1696 ‘n
952 1658 1024 1697 συν-
1077 1627 1311 1708 ceritanimum,
1328 1631 1826 1715 qnaeimprobeieoinoraoommit·

276 1733 367 1828 τριθὴ
383 1749 439 1804 τοῦ
458 1741 617 1830 βραχίονος
635 1735 775 1831 ἀφανίζει
792 1739 849 1817 τὰς
862 1742 1024 1832 ἁμαρτίας·
1078 1736 1123 1801 tit.
1147 1738 1293 1803 Contritio
1314 1739 1428 1805 brachii
1450 1741 1529 1808 delet
1549 1753 1689 1826 poeonia:
1709 1743 1826 1809 aversio

277 1846 315 1930 τη
338 1837 372 1911 δὲ
395 1850 618 1939 ἀπαλλαγῆναι
641 1858 704 1913 rue
721 1853 880 1940 ἁμαρτιῶν
906 1853 1027 1940 grew.
1076 1852 1174 1910 autem
1189 1863 1205 1909 a
1221 1848 1349 1930 pereatis
1369 1849 1479 1932 optime
1493 1852 1525 1914 iu
1538 1869 1573 1916 ee
1588 1851 1724 1932 efficitur,
1747 1852 1826 1934 quod

279 1955 331 2018 σία
355 1952 422 2019 ἐστί
445 1964 501 2018 τοῦ
525 1949 726 2045 συντριίιῆναί
756 1980 838 2032 τινος
864 1957 1024 2047 βραχίονα·
1076 1951 1200 2035 alicujus
1220 1954 1370 2020 brachium
1398 1957 1443 2022 sie
1463 1958 1634 2024 conteritur.
1655 1959 1701 2025 lte
1722 1968 1751 2024 et
1771 1978 1827 2042 ege

278 2061 359 2126 οὕτω
383 2061 437 2125 καὶ
460 2061 522 2152 ἐγὼ
544 2061 691 2151 πείθομαι
715 2059 859 2143 κολάζειν
884 2070 963 2147 Θεῷ.
1076 2058 1190 2124 confide
1212 2059 1340 2126 interum
1360 2081 1426 2128 erse
1445 2081 1494 2128 me
1514 2081 1532 2127 a
1553 2064 1615 2129 Dee
1636 2064 1824 2144 castigatum.

321 2187 352 2232 v.
366 2169 416 2248 37,
432 2169 481 2233 38.
495 2171 657 2236 Βασιλεύει
673 2172 782 2264 Ιξθριος
800 2178 841 2248 εἰς
857 2173 912 2237 τὸν
929 2177 1027 2236 αἰῶνα
1116 2186 1147 2231 v.
1171 2167 1221 2248 37,
1239 2169 1288 2234 38.
1305 2169 1447 2234 Dominus
1461 2172 1593 2254 reuertit
1604 2173 1634 2235 ιἰι
1646 2177 1828 2236 nominer

275 2277 330 2340 καί
354 2283 395 2353 εἰς
418 2275 473 2342 τὸν
497 2282 595 2341 αἰῶνα
618 2287 675 2341 τοῦ
707 2283 823 2354 αἰῶνος·
849 2277 1024 2358 ἀπολεῖσθε,
1078 2279 1108 2338 in
1122 2276 1396 2342 roeooiomsoecoii.
1420 2278 1566 2360 Permitte,
1582 2285 1687 2362 nentes,
1703 2279 1828 2344 deterre

276 2385 360 2462 ἐθνη,
379 2389 414 2449 ἐκ
424 2397 488 2460 τῆς
504 2397 563 2477 γῆς
580 2390 686 2450 αὑτοῦ·
702 2385 761 2459 τὴν
779 2384 941 2475 ἐπιθυμίαν
961 2396 1024 2450 τῶν
1078 2384 1175 2461 iiim·
1201 2385 1368 2450 deodoriom
1394 2405 1555 2472 μααμιτιιιη
1583 2387 1734 2452 exaudivit
1758 2389 1827 2453 Do·

277 2494 421 2567 πενήτων
446 2494 626 2566 εἰσήκουσεν
649 2494 766 2584 Κύριος.
1077 2499 1183 2559 minito.

249 2649 257 2672 .
323 2587 382 2665 ΔεῖΙ
399 2600 459 2693 γὰρ
482 2601 537 2665 τὸν
562 2601 670 2692 Κίιριον
697 2601 869 2686 βασιλεύειν
894 2595 945 2668 διὰ
960 2613 1023 2667 τῶν
1116 2601 1239 2681 Oportet
1259 2601 1337 2666 enim
1358 2601 1453 2666 Deum
1474 2619 1597 2686 regnare
1624 2606 1655 2666 in
1676 2603 1825 2681 monium,

169 2789 171 2792 Ι
278 2707 408 2796 αἰώνων,
423 2708 510 2798 ἄχρις
523 2705 557 2774 οὗ
573 2709 737 2798 ἐπιθυμίαν
749 2720 812 2775 τῶν
826 2712 970 2785 πενήτων
985 2717 1025 2777 εἰ·
1078 2709 1173 2776 donee
1185 2709 1363 2776 desiderium
1380 2728 1540 2794 pauperum
1555 2711 1706 2776 exaudivit
1719 2712 1827 2777 Domi—

277 2815 412 2888 σηκουσε
424 2815 542 2906 Κύριος,
553 2817 639 2906 ἄχρις
652 2811 686 2880 οὗ
700 2815 737 2900 θῇ
752 2816 872 2892 πάντας
885 2817 957 2892 τοὺς
970 2820 1025 2904 ἑχ-
1079 2836 1145 2899 nus,
1166 2816 1260 2882 denec
1273 2818 1404 2901 posuerit
1426 2817 1559 2883 inimicos
1576 2837 1645 2883 sues
1667 2818 1826 2884 scabellum

277 2921 362 3010 θροὺς
386 2914 553 2988 ὑποπόδιον
577 2934 639 2988 τῶν
655 2915 760 2990 ποθῶν
777 2929 881 2990 αὑτοῦ.
907 2927 942 2990 Ἡ
965 2924 1024 3018 γὰρ
1079 2925 1185 3007 pedem
1207 2943 1334 2989 suorum.
1348 2925 1491 3006 -Regnum
1510 2925 1589 2990 enim
1609 2925 1673 3008 ejus
1693 2935 1740 2992 est
1760 2944 1829 2991 ron-

277 3032 420 3114 βασιλεία
440 3033 536 3095 αὑτοῦ
553 3035 636 3095 ἐστιν
652 3037 671 3103 η
690 3029 803 3119 θεωρία
818 3031 944 3096 πάντων
960 3041 1024 3096 τῶν
1081 3031 1231 3115 temptatio
1249 3033 1378 3097 omnium
1399 3033 1585 3110 seculorum,
1611 3033 1827 3115 praeteritorum

276 3137 451 3229 γεγονότων
475 3139 530 3202 καί
552 3137 768 3231 γενησομένων
786 3137 914 3202 αἰώνων·
933 3129 970 3202 δι’
989 3135 1025 3216 ἧς
1079 3149 1110 3204 ot
1132 3141 1311 3220 intimorum
1327 3159 1385 3221 qua
1403 3140 1649 3225 contemplatione
1662 3142 1751 3206 otium
1771 3140 1829 3204 ini-

277 3245 403 3335 θεωρίας
415 3245 469 3310 καὶ
483 3251 511 3310 ot
524 3245 629 3336 ἐχθροὶ
641 3248 723 3335 φίλοι
735 3247 885 3339 γίνονται·
898 3253 917 3320 ἡ
936 3237 969 3312 δὲ
981 3257 1022 3338 γη
1079 3246 1146 3310 miei
1162 3247 1237 3311 tiunt
1250 3246 1348 3310 amici.
1365 3247 1454 3312 Terre
1467 3255 1565 3312 eutem
1579 3246 1697 3311 Domini
1718 3255 1765 3310 eet
1777 3246 1828 3310 in-

276 3363 331 3417 τοῢ
356 3355 478 3441 Κυρίου,
503 3358 522 3426 η
549 3351 660 3444 θεωρία
681 3364 744 3418 τῶν
761 3354 937 3447 γεγονότων
953 3352 1026 3417 eritr-
1079 3354 1189 3436 spectio
1210 3354 1382 3418 umentorum
1403 3350 1583 3436 elapsurum:
1606 3370 1728 3434 regnum
1745 3370 1826 3429 vero,

277 3483 346 3554 νων·
369 3466 388 3535 η
415 3453 450 3525 δὲ
475 3463 627 3544 βασιλεία,
644 3461 754 3551 φαμὲν,
779 3463 827 3526 τό·
850 3472 1025 3537 τηνικαῦτα
1080 3471 1113 3526 ut
1138 3460 1284 3540 diximum,
1306 3460 1336 3523 in
1358 3479 1393 3525 oo
1414 3471 1478 3541 ost,
1500 3460 1578 3545 quod
1599 3459 1740 3524 Dominus
1761 3467 1832 3524 tuno

276 3569 423 3642 ἐπακούει
439 3580 498 3643 τῆς
522 3567 683 3657 ἐπιθυμίας
708 3574 724 3633 ο
748 3569 865 3660 Κύριος,
890 3571 1026 3643 ὁπηνίκα
1082 3569 1221 3653 temperis
1241 3568 1374 3647 exaudit,
1389 3588 1455 3634 eum
1469 3577 1539 3634 ruta
1555 3567 1749 3633 desiderantis
1760 3568 1830 3632 eni-

278 3673 314 3739 ἃν
343 3675 489 3764 παράσχῃ
516 3675 554 3740 τὸ
584 3674 775 3763 ἐπιθυμητὸν
797 3685 839 3762 τῇ
871 3674 1025 3765 ἐπιθυμη-
1080 3697 1136 3743 mae
1158 3677 1269 3761 impiet.

279 3783 358 3870 σάοι
385 3778 480 3871 inu

313 3996 339 4032 ο.
358 3974 402 4033 36.
422 3976 485 4032 Vnt.
503 3975 531 4046 5,
555 3975 596 4030 io.
1115 4002 1141 4038 ο.
1162 3981 1207 4054 37,
1228 3982 1274 4038 38.
1294 3985 1357 4040 vit.
1381 3981 1424 4036 tt.

933 4229 1104 4303 Pserimos
1128 4230 1175 4304 Χ.

322 4461 353 4506 v.
378 4445 406 4508 i.
430 4452 468 4511 0t
485 4445 640 4538 ὀφθαλμοί
656 4450 751 4511 αὑτοῦ
770 4451 811 4523 εἰς
827 4446 881 4511 τὸν
902 4446 1025 4519 πένητα
1119 4461 1150 4507 v.
1174 4445 1203 4507 i.
1228 4442 1310 4507 Oceli
1329 4445 1392 4526 ejus
1413 4445 1444 4506 iu
1464 4461 1617 4526 pauperem
1637 4441 1829 4530 proepieiootg

277 4549 498 4624 ἀποθλέπουσι·
520 4554 565 4621 τὰ
595 4554 736 4646 βλέφαρα
765 4558 861 4620 αὺτοῦ
885 4547 1026 4634 ἐξετάζει
1077 4551 1234 4636 palpebrae
1253 4553 1316 4635 ejer
1337 4547 1514 4633 interierant
1531 4550 1606 4633 fitior
1621 4550 1778 4615 iemirom.

277 4666 349 4742 τοὺς
373 4664 454 4742 υἱοὺς
478 4673 540 4728 τῶν
558 4662 735 4754 ἀνθρώπων.
756 4660 844 4726 Vetir.
862 4680 890 4743 p.
908 4661 977 4739 629,
994 4663 1023 4724 3.
1110 4645 1117 4662 ’

322 4777 403 4836 Eiet
426 4769 582 4862 ὀφθαλμοί
599 4773 710 4862 Κυρίου
728 4776 769 4847 εἰς
784 4771 923 4846 πένητας
947 4774 1026 4834 ἀπο·
1122 4767 1152 4833 Si
1173 4767 1248 4833 ocuti
1270 4766 1386 4833 Domini
1408 4769 1439 4833 in
1461 4785 1603 4851 pauperos
1631 4768 1827 4852 prospiciunt,

278 4874 437 4960 θλέπουσι,
454 4878 619 4974 γενώμεθα
641 4881 783 4959 πένητες,
802 4878 1025 4969 tenetentum·
1080 4875 1258 4957 pauperibus
1279 4893 1538 4952 connumeremur,
1561 4884 1593 4938 nt
1613 4874 1689 4940 eruti
1712 4874 1829 4939 Domini
1871 4919 1875 4926 -

315 5097 363 5151 Pr.
383 5098 421 5152 X.
437 5117 462 5152 v.
483 5097 511 5151 i.
531 5097 595 5154 vat.
616 5097 642 5168 5,
664 5095 706 5153 tt.
725 5099 801 5152 Aure
819 5097 956 5152 cartesae
972 5111 1027 5148 eue-
1081 5096 1109 5147 et
1127 5093 1253 5146 manibus
1273 5094 1404 5166 Origenir
1431 5093 1519 5149 iniere
1541 5096 1653 5151 Gtaerm
1671 5093 1826 5148 Melitenie.

279 5188 350 5241 teris
361 5190 542 5256 prestantius
555 5187 623 5241 mihi
638 5191 681 5243 eet
697 5185 833 5242 rehetium
847 5187 900 5244 hee
914 5203 1025 5252 nevum,
1080 5184 1110 5237 ln
1124 5184 1175 5237 hue
1189 5184 1262 5238 enim
1276 5189 1303 5236 et
1315 5187 1344 5240 in
1357 5183 1407 5239 ille
1424 5185 1518 5239 eedem
1531 5184 1669 5258 symbola,
1683 5185 1753 5240 idem
1765 5185 1823 5237 fere

280 5277 414 5356 quum-in
428 5277 508 5346 ee‚ei
526 5277 592 5356 quid
612 5276 752 5352 intelligo,
767 5276 848 5331 rideo
862 5293 922 5350 prae
935 5273 1025 5334 oeulis
1080 5274 1146 5336 orno
1171 5290 1275 5346 uerum,
1295 5275 1390 5336 endem
1414 5273 1476 5332 loeo
1501 5273 1634 5338 oleeeiee:
1656 5275 1717 5332 ride
1741 5288 1826 5350 supra
