3998 6080
283 481 320 542 00
845 471 977 537 cttvls
999 471 1027 532 S.
1052 468 1259 535 ttutltottts

319 628 367 691 37.
384 624 533 707 Princeps,
553 621 698 704 Christus.
721 620 756 686 ln
775 621 926 688 Ezechiel:
948 621 986 687 lit
1005 624 1142 706 princeps
1162 621 1285 687 sedebat
1305 621 1335 686 in
1349 637 1394 698 ea,
1411 621 1466 686 hoc
1486 628 1531 685 est
1551 619 1582 684 iu
1602 627 1686 704 porta
1706 618 1819 697 olarrsa,

279 752 309 807 et
330 742 503 806 comedebat
523 758 629 824 panum
650 757 745 803 suum.
1312 809 1318 818 Ι

319 857 370 921 38.
387 855 549 940 Principes,
570 853 675 920 sancti.
690 853 724 917 ln
743 852 911 920 Salomone:
936 853 1000 922 llidi
1023 870 1124 918 seruos
1146 853 1176 918 in
1195 852 1289 936 equis,
1306 852 1397 918 idest
1412 848 1743 936 peccatoresincarnali
1764 867 1823 932 po-

282 973 383 1050 tentia,
404 982 433 1038 et
453 970 604 1055 principes
624 969 706 1052 quasi
728 988 830 1035 senos
851 967 1034 1032 ambulantes
1053 985 1140 1050 super
1162 976 1279 1031 terram.

320 1089 368 1153 30.
386 1087 551 1172 Principes,
572 1087 662 1152 duces
683 1083 776 1165 impii.
798 1083 832 1148 ln
853 1080 1010 1166 propheta:
1034 1080 1184 1164 Principes
1203 1081 1390 1162 exstiterunt,
1411 1090 1442 1147 et
1462 1099 1519 1146 nou
1540 1078 1675 1161 cognovi.

321 1203 369 1268 40.
386 1203 464 1285 Dur,
479 1203 621 1269 Dominus
640 1201 725 1265 lesus
739 1199 882 1265 Christus.
900 1199 933 1263 ln
948 1199 1050 1263 Esaia:
1068 1199 1143 1263 Ecce
1159 1207 1261 1263 testem
1278 1197 1393 1282 populis
1406 1196 1475 1262 dudi
1490 1215 1569 1274 eum,
1585 1195 1688 1259 ducem
1702 1210 1736 1256 ac
1751 1209 1825 1275 praa·

281 1329 438 1404 captorem.
461 1319 498 1385 Et
518 1319 605 1384 aiibi:
629 1318 667 1382 lit
686 1335 790 1383 seruus
809 1335 893 1382 meus
914 1315 1009 1382 Dauid
1031 1315 1167 1398 princeps
1188 1315 1219 1379 in
1240 1315 1336 1379 medio
1355 1331 1466 1379 eorum.

322 1436 370 1500 ll.
388 1436 492 1514 Duces,
506 1434 597 1499 sancd
618 1432 834 1518 predicatores,
856 1450 891 1498 eo
911 1431 989 1516 quod
1009 1431 1129 1496 trahant
1149 1430 1279 1497 lidelium
1299 1447 1405 1513 greges
1425 1438 1492 1511 post
1510 1447 1552 1492 se.

323 1553 372 1617 40.
388 1552 494 1628 Duces
514 1550 621 1630 tudaei,
643 1549 783 1625 haeretici,
802 1550 868 1615 siue
888 1549 1021 1615 doctores
1042 1544 1229 1630 improbi.·ln
1242 1544 1421 1628 Evangelio:
1444 1542 1568 1609 Dimitte
1588 1560 1648 1620 eos,
1667 1541 1736 1605 caci
1756 1551 1826 1605 sunt

284 1670 373 1735 duces
393 1687 544 1733 uncorum.
568 1667 599 1732 Si
620 1683 715 1731 caecus
735 1685 844 1730 caeoum
864 1664 992 1744 duxerit,
1016 1667 1057 1748 [p.
1081 1665 1151 1746 ton]
1173 1664 1261 1729 ambo
1282 1663 1310 1727 iu
1333 1663 1447 1728 loreum
1467 1661 1585 1726 radunt.

322 1783 370 1846 43.
386 1783 492 1862 Fortis,
514 1782 667 1847 Dominus.
681 1780 716 1846 ln
737 1781 865 1866 psalmo:
881 1781 1024 1848 Dominus
1036 1779 1118 1845 tortis
1131 1788 1161 1845 et
1176 1787 1288 1862 potens.
1304 1777 1339 1843 ln
1352 1778 1422 1842 lob:
1446 1775 1570 1859 Sapiens
1590 1775 1676 1840 corde
1697 1782 1727 1837 et
1745 1772 1827 1838 tortis

285 1899 395 1966 robore.

325 2012 504 2092 ludentes,
524 2013 628 2078 saneti.
651 2013 684 2078 ln
705 2013 834 2080 canticis
863 2017 1057 2078 canticorum:
1079 2013 1154 2078 licre
1174 2013 1281 2078 lectum
1301 2009 1475 2092 Salomonis,
1491 2008 1642 2091 sexaginta
1658 1989 1746 2074 sortes
1765 2025 1828 2072 arn-

285 2130 373 2196 hiunt
391 2149 426 2196 ex
448 2128 612 2194 fortissimis
630 2129 731 2194 lsrael.

324 2245 376 2309 45.
392 2243 498 2325 Portis,
515 2244 667 2310 Diabolus.
684 2243 720 2309 ln
734 2243 911 2324 Evangelio:
925 2244 997 2310 Cum
1011 2243 1093 2310 tortis
1107 2251 1238 2308 armatus
1255 2247 1296 2327 [p.
1313 2243 1383 2323 100]
1402 2241 1539 2324 [custodit
1553 2241 1671 2307 domum
1685 2255 1781 2317 suam,
1797 2237 1827 2301 in

285 2379 357 2444 poce
377 2370 446 2426 sunt
466 2379 534 2447 quse
553 2361 711 2446 possiden:
736 2361 806 2428 item
829 2362 885 2426 ihi:
907 2362 947 2426 Et
965 2360 1134 2444 alligaverit
1155 2361 1268 2425 fortem.
1324 2347 1327 2354 ’

324 2474 374 2538 46.
390 2475 492 2556 Diues,
515 2476 606 2541 Deus.
628 2476 661 2541 ln
682 2476 839 2560 apostolo:
863 2477 942 2542 Deus
963 2476 1012 2559 qui
1031 2476 1117 2542 diues
1137 2487 1183 2542 est
1204 2476 1234 2541 in
1255 2475 1465 2541 misericordia.

324 2589 374 2653 l'l.
390 2588 518 2668 Diuites,
528 2590 632 2655 sancti.
645 2589 680 2655 ln
690 2590 845 2675 apostolo:
859 2590 935 2670 Quia
946 2591 1055 2659 diuites
1065 2593 1132 2658 iacti
1142 2592 1212 2657 estis
1223 2591 1253 2656 in
1264 2591 1360 2670 illo,iu
1371 2590 1448 2656 omni
1460 2588 1607 2674 sapientia
1616 2597 1647 2655 et
1656 2585 1824 2671 prudentia.

324 2705 373 2769 l8.
388 2704 492 2785 Dives,
507 2707 632 2790 populus
652 2706 883 2788 undecunde
902 2708 1010 2792 quibus
1030 2707 1060 2772 in
1074 2706 1253 2790 Evangelio:
1270 2704 1395 2773 Pacilius
1407 2715 1453 2771 est
1466 2705 1609 2772 carnelum
1624 2723 1677 2790 per
1695 2707 1826 2772 foramen

285 2837 356 2884 nous
376 2821 508 2899 transire,
529 2839 618 2907 quam
638 2821 763 2888 diuitem
785 2822 915 2906 [intrare]
937 2824 969 2889 in
988 2842 1112 2907 regnum
1132 2823 1282 2890 ooelorum.

326 2936 375 3000 40.
391 2937 450 3002 atii
471 2947 568 3004 autem
591 2938 669 3004 hune
687 2937 822 3014 diuitem,
843 2940 1001 3023 superbum
1021 2941 1181 3024 quemlibet
1200 2939 1379 3023 intelligunt.

326 3053 377 3117 50.
393 3052 520 3132 Diuites,
542 3054 647 3135 ludaei,
669 3054 845 3139 philosophi,
868 3056 917 3122 vel
937 3055 1054 3140 superbi
1075 3057 1161 3139 liujus
1182 3056 1293 3122 mundi.
1310 3055 1343 3121 ln
1359 3056 1488 3139 psalmo:
1510 3057 1623 3122 Diuites
1636 3063 1779 3139 eguerunt
1798 3063 1828 3120 ct

281 3169 461 3235 esurierunt.
484 3169 522 3234 Et
540 3169 627 3235 alibi:
649 3169 765 3237 Diuites
785 3171 897 3236 dimisit
915 3171 1027 3238 inanes.

326 3284 376 3350 51.
392 3284 526 3370 Pauper,
549 3285 696 3368 Christus,
718 3287 784 3355 siue
804 3287 930 3371 populus
951 3287 1053 3354 tidelis.
1075 3287 1110 3353 ln
1131 3287 1285 3370 Apostolo:
1308 3288 1429 3372 Propter
1450 3305 1503 3352 nos
1524 3306 1635 3371 pauper
1656 3288 1748 3352 lactus
1769 3296 1825 3366 est,

287 3420 353 3466 euru
374 3412 452 3469 esset
472 3403 568 3470 diues.
590 3405 628 3469 lit
649 3405 682 3468 in.
699 3404 828 3488 psalmo:
850 3404 909 3470 Iste
930 3421 1040 3489 pauper
1059 3405 1208 3484 clamauit,
1231 3414 1261 3472 et
1281 3406 1424 3471 Dominus
1444 3405 1596 3471 exaudivit
1615 3423 1692 3470 eum.

327 3518 377 3581 57.
396 3519 437 3601 [p.
461 3519 530 3602 toa]
552 3519 711 3604 Pauperes,
733 3520 836 3596 sancti,
857 3519 982 3586 humiles
1001 3520 1118 3604 spiritu.
1134 3520 1169 3585 ln
1185 3520 1365 3600 Evangelio:
1389 3521 1473 3586 Beati
1494 3537 1639 3603 pauperes
1660 3519 1775 3603 spiritu.
1789 3519 1828 3582 Et

288 3633 319 3697 in
341 3634 470 3716 psalmo:
492 3634 559 3700 Non
577 3630 701 3721 spre'uit,
723 3655 819 3721 neque
838 3636 974 3720 despexit
994 3637 1226 3721 deprecationem
1245 3655 1416 3722 pauperum.

331 3748 381 3814 50.
404 3747 561 3832 Pauperea,
574 3749 684 3816 diuites
697 3749 794 3816 secuti
808 3750 907 3836 hujus,
922 3751 1082 3818 uirtutibus
1095 3752 1194 3818 vacui.
1209 3752 1244 3817 ln
1258 3751 1452 3840 Apocalypsi:
1466 3751 1547 3816 Dicis
1562 3751 1630 3834 quia
1651 3749 1735 3816 diues
1763 3769 1826 3815 sum

287 3871 318 3927 et
339 3861 462 3944 ditatus,
478 3872 508 3931 et
522 3864 618 3932 nescis
638 3865 708 3949 quia
728 3876 759 3933 tu
780 3885 812 3932 as
831 3882 943 3951 pauper
962 3876 994 3933 et
1012 3868 1174 3934 mendicus.
1555 3845 1562 3855 ¹

327 3979 376 4044 tt.
392 3979 505 4065 lnopes,
525 3981 650 4066 populus
671 3981 809 4048 Gentium
829 3982 956 4051 humilis.
972 3984 1006 4049 ln
1027 3985 1153 4068 psalmo:
1171 3983 1352 4048 Srrscitansa
1372 3992 1449 4049 terra
1465 3981 1592 4066 inopem.
1609 3982 1647 4046 lit
1659 3980 1747 4045 alibi:
1765 3980 1830 4045 liri-

287 4092 372 4176 piens
395 4095 511 4180 inopem
531 4099 567 4164 de
587 4114 676 4162 manu
696 4098 833 4180 fortioris,
856 4099 911 4165 hoo
929 4107 975 4165 est
994 4099 1031 4165 de
1052 4106 1196 4181 potestate
1216 4095 1341 4161 Diaboli.

323 4407 367 4463 37.
387 4407 486 4464 Eaeclr.
506 4424 580 4476 auru,
592 4407 620 4465 3.
632 4420 714 4479 porto
725 4412 804 4466 clusa
818 4411 848 4479 C,
858 4423 941 4483 porta
953 4414 1029 4469 dura
1082 4410 1194 4465 Initium
1212 4410 1287 4464 eninr
1304 4426 1334 4463 n.
1352 4409 1388 4465 45
1406 4414 1513 4465 tantum
1533 4411 1562 4464 in
1584 4425 1674 4480 marg.
1695 4409 1727 4478 0,
1746 4424 1828 4464 manu

288 4499 323 4564 Α,
343 4515 377 4552 ex
396 4497 473 4552 facili
492 4503 615 4554 veterum
635 4496 791 4555 litterarum
810 4499 1003 4557 similitudine.
1085 4500 1200 4569 recenti,
1214 4505 1317 4554 coetera
1328 4516 1393 4555 uero
1405 4500 1485 4555 nucis
1498 4498 1606 4555 inolusu
1618 4503 1783 4554 revocantur
1795 4499 1830 4551 ab

326 4585 372 4641 38.
393 4587 485 4644 Decle.
506 4606 535 4656 x,
551 4587 580 4644 7.
601 4619 635 4633 -
655 4588 701 4646 39.
721 4591 792 4644 Osee
810 4603 868 4658 vm,
891 4590 932 4647 ll.
1085 4587 1141 4644 ulio
1160 4586 1210 4644 fol.
1233 4587 1283 4642 105
1301 4589 1390 4662 ejusd.
1410 4584 1719 4658 ood.-Lue.11‚213
1739 4587 1829 4642 Maro.

327 4675 371 4732 40.
392 4677 428 4731 ls.
448 4693 493 4744 nv,
512 4676 540 4745 43
559 4678 659 4734 aneon.
678 4678 848 4748 xxxu11‚25.
1086 4689 1127 4743 111,
1146 4673 1192 4730 27.
1205 4676 1296 4732 -46,
1317 4676 1419 4749 Ephes.
1439 4689 1469 4746 ιι,
1488 4675 1516 4733 4.
1535 4707 1570 4720 -
1588 4674 1634 4731 47.
1653 4692 1663 4732 ι
1681 4677 1743 4731 Cur.
1762 4689 1782 4744 1,
1802 4673 1830 4730 5.

327 4765 374 4820 41.
393 4765 495 4822 Mutila
513 4765 643 4823 formula.
660 4799 695 4812 ·-
714 4766 759 4824 42.
779 4769 877 4826 Matth.
897 4788 945 4841 xv,
968 4770 1008 4826 tt.
1123 4765 1168 4820 48·
1188 4766 1289 4822 Matlh.
1310 4765 1432 4835 ¹1¹,2l.

334 4855 379 4910 43.
400 4857 447 4912 Pe.
467 4871 546 4925 uun,
564 4857 592 4924 ὃς
611 4858 672 4912 Job.
692 4874 731 4927 rx,
749 4858 775 4914 4.
1122 4855 1167 4912 50.
1189 4856 1235 4913 Pe.
1256 4873 1358 4927 xxxnr,
1381 4856 1425 4928 ll;
1447 4855 1513 4912 Luc.
1532 4873 1553 4926 1,
1571 4855 1619 4912 55.

327 4943 372 4998 44.
396 4943 474 5000 cant.
496 4961 535 5001 ιιι.
554 4945 582 5002 7.
1123 4942 1170 5000 50.
1190 4962 1211 5002 ιι
1230 4949 1292 5005 cor.
1312 4948 1419 5018 v111,9;
1439 4949 1487 5003 Pu.
1507 4961 1605 5016 xxxrrr,
1617 4947 1645 5002 7.

325 5031 371 5089 45.
394 5033 446 5088 Hic
465 5038 579 5091 notatur
596 5035 667 5091 haud
686 5037 825 5094 immerito
843 5039 873 5094 in
891 5040 930 5096 0:
946 5043 1036 5097 ..Haee
1124 5033 1170 5089 52.
1190 5036 1293 5092 Maean.
1312 5053 1341 5108 u,
1360 5035 1388 5105 33
1408 5039 1456 5094 Pe.
1476 5053 1535 5106 uxr,
1555 5035 1598 5091 25.

290 5123 384 5178 omnia
397 5123 511 5192 inserts,
523 5124 696 5198 confusaque
714 5130 781 5182 sunt
799 5129 826 5182 in
845 5129 908 5185 cod.
922 5129 1036 5202 collegii
1125 5123 1173 5180 53.
1192 5128 1279 5198 Apoc.
1299 5143 1342 5196 ιιι,
1363 5124 1407 5184 17.

292 5212 355 5266 Soc.
374 5211 449 5278 Jesu,
469 5215 553 5284 alque
575 5212 682 5270 exood.
697 5214 850 5272 Mesmiano
869 5221 1008 5274 restituta.
1023 5239 1036 5263 a·
1126 5213 1171 5269 54.
1193 5215 1239 5271 Pa.
1259 5231 1325 5286 cxn,
1343 5215 1373 5287 73
1393 5233 1488 5286 xxxiv,
1512 5215 1557 5270 10.
