4064 6108
729 528 1062 596 cuuououuerflus
1083 531 1173 595 SAEC.
1197 531 1238 594 ill
1698 531 1754 597 281

250 696 433 778 Ἀδιαῧηνοὶ
444 704 499 768 καὶ
511 704 642 788 Ταιανοὶ
653 702 750 795 πέραν
763 709 879 768 οἰκοῦσι
891 711 954 769 τῶν
1046 686 1126 776 'Opb
1143 678 1177 752 δέ
1193 692 1267 752 εἰσιν
1284 685 1445 776 ὀνοροοτᾶ
1459 679 1509 751 οἷ’·
1520 679 1661 772 Μῧονος,
1676 691 1760 752 Κον-

207 809 374 905 Ἀράῧων...
400 813 558 886 Σακκηνοί
580 816 617 896 (l.
641 812 835 904 Σαρακηνοίρ
859 810 954 902 πέραν
1009 795 1127 882 νᾶοῑον,
1152 803 1278 886 Ταῦρος,
1297 793 1434 881 ’'aeieg,
1457 796 1626 887 ΙΙοῑρνοεοος,
1651 794 1760 861 Kion-

205 934 269 990 τῶν
294 931 445 990 Ταιανῶν.
465 915 612 987 ’λλῧανοὶ
627 923 721 1014 πέραν
735 931 797 987 τῶν
814 927 956 985 Κασπια-
1012 903 1081 996 ρὼν,
1094 905 1237 991 Ἑλοεονν,
1250 902 1429 996 Παρθενῑον,
1441 904 1584 982 Νοοοοςυ·
1594 898 1760 978 dmgm-

208 1043 267 1098 νῶν
290 1037 396 1098 πυλῶν
420 1037 562 1098 οἰκοῦσιν.
580 1023 787 1096 Μαδιανισταὶ
803 1035 831 1094 ol
851 1023 956 1119 μείζο-
1009 1014 1073 1099 οος,
1086 1011 1402 1104 Πῖνννον,’ολορνεος·
1424 1009 1470 1074 Id·

208 1164 267 1225 νες,
291 1145 320 1204 οἱ
341 1137 573 1226 πολεμηθέντες
596 1138 655 1202 ὑπὸ
686 1137 845 1214 Μωυσέως,
870 1136 956 1212 ἐντὸς
1054 1123 1198 1210 Ποεοῑροῖ
1222 1115 1255 1188 δέ
1279 1128 1353 1188 οἶονν
1377 1122 1546 1212 ονοροονοῖ
1570 1121 1610 1211 μ’·
1635 1111 1760 1197 Ἰνδοςὁ

206 1258 264 1324 τῆς
288 1243 412 1338 ἐρυθρᾶς
428 1244 587 1322 θαλάσσης
603 1250 744 1310 οἰκοῦσιν.
756 1244 793 1309 ‘H
809 1243 903 1334 μικρὰ
923 1236 957 1309 δὲ
1010 1229 1064 1294 καὶ
1087 1231 1228 1318 Φενοὼν,
1251 1234 1399 1306 Neihch
1430 1230 1483 1293 καὶ
1511 1230 1619 1318 roeo,
1644 1226 1761 1319 Τῑγρῖς,

207 1343 337 1440 Μαδιάμ
359 1352 454 1441 πέραν
471 1352 555 1416 ἐστὶν
571 1363 629 1428 τῆς
646 1350 769 1443 ἐρυθρᾶς
786 1350 956 1435 θαλάσσης,
1011 1336 1186 1428 Εορράεῦς,
1202 1327 1371 1428 Ἰορδοῗνος,
1388 1337 1549 1427 Κορννοος,
1567 1334 1693 1426 Τονοςῗς,
1707 1334 1764 1399 Ἰο-

182 1460 339 1531 -πλησῐον
369 1458 540 1550 Αἰγύπτου,
573 1460 649 1522 ὅπου
681 1459 865 1542 ἐβασίλευσε
882 1455 957 1521 Ῥα-
1012 1443 1763 1537 μῦνος,Ἐρύμανθος,”Ᾰλος,Ἀοονεος,Θερροο·

207 1565 309 1658 youth
322 1570 338 1629 ὁ
349 1564 493 1657 πενθερὸς
505 1565 663 1643 Μωυσέως.
677 1565 776 1656 Πέραν
790 1575 852 1630 τῶν
869 1569 958 1629 Kotor·
1012 1545 1084 1640 δὼν,
1099 1552 1265 1645 Ἐροοννος,
1274 1557 1383 1644 Ῥεῗος,
1397 1551 1550 1643 hiccila,
1564 1551 1762 1645 Βοροοθὲνννς,

206 1665 352 1738 παδόκων
386 1678 427 1749 εἰς
457 1672 500 1738 τὰ
532 1665 619 1750 δεξιὰ
647 1678 780 1739 οἰκοῦσιν
804 1673 958 1764 Ἀρμένιοι
1011 1671 1138 1752 Ταῦρος,
1152 1662 1307 1753 Εὐρώτας,
1317 1653 1762 1752 Μαίανδρος,Εἷρρος,”Ᾱξνος,

206 1780 261 1844 καὶ
285 1773 410 1870 ’Ὶῧηρες
434 1781 487 1844 καί
518 1781 661 1872 Βερρανοὶ
683 1781 738 1845 καὶ
766 1779 880 1856 Σκύθες
904 1780 958 1845 καὶ
1011 1768 1163 1860 Πορορος,
1177 1776 1273 1858 Βοῖος,
1283 1761 1409 1860 Ἔρος,
1420 1766 1761 1859 Σογάρνος,’Ᾱχελῷος,

208 1887 328 1976 Κόλχοι
351 1888 405 1953 καὶ
427 1890 636 1978 Βοσποριανοῐ.
654 1894 691 1953 Οἱ
712 1879 746 1954 δέ
769 1889 957 1978 καλούμενοι
1011 1877 1153 1965 novole,
1170 1878 1297 1966 Εὔηνος,
1315 1875 1493 1966 Σπερχενος,
1509 1873 1682 1964 Κάϋστρος,
1707 1880 1761 1938 Σο·

212 1995 341 2085 Σάλλοι,
358 2003 387 2061 οἱ
409 1996 463 2061 καὶ
487 2004 617 2063 Σανϊται
633 1997 833 2087 κεκλημένοι,
856 2003 884 2062 οἱ
903 1999 958 2075 ἕως
1013 1984 1096 2074 ροενς
1106 2039 1116 2075 ,
1142 1974 1362 2074 Σκάμανδρος,
1388 1981 1555 2074 Στρυμὼν,
1580 1979 1762 2072 Παρθένιος,

207 2116 263 2170 τοῦ
287 2105 406 2170 Πόντου
430 2107 632 2187 ἐκτείνοντες,
654 2106 730 2170 ὅπου
755 2107 838 2171 ἐστὶν
862 2111 960 2180 iloc-
1011 2090 1146 2181 Ἵοερος,
1162 2081 1577 2179 Βοῖῒνς,Ῥῆνος,Ῥοδοῑνος,
1594 2079 1759 2179 Ἦρνδονος,

209 2206 344 2305 ρεμῧολὴ
363 2211 517 2305 Ἄψαρος,
538 2212 592 2277 καὶ
617 2206 958 2298 Σεῧαστόπολις,καίὁ
1011 2189 1165 2289 Θοοῧῦρνς
1189 2201 1204 2260 ο
1228 2207 1278 2262 νῦν
1303 2196 1493 2286 καλούμενος
1515 2189 1645 2286 Τίςερνς·
1671 2193 1761 2256 Οἶνον·
1790 2223 1794 2238 ’

207 2319 314 2386 ’Ὶσσοο
330 2320 436 2411 λιμὴν,
460 2321 514 2385 καὶ
536 2321 634 2399 Φάσις
650 2323 803 2412 ποταμὸς,
825 2322 879 2399 ἕως
903 2333 957 2387 τοῦ
1012 2305 1096 2366 mm
1118 2303 1144 2366 Ρ
1144 2304 1221 2366 (1-3εή-

210 2423 442 2521 Τραπεζοῦντος
465 2431 595 2494 ἐκτείνει
617 2427 659 2494 τὰ
682 2427 752 2503 ἔθνη
775 2440 886 2495 ταῦτα,
913 2427 957 2490 ld.

249 2622 415 2681 Adaabenici
434 2628 464 2678 et
481 2624 578 2679 Taleni
598 2631 696 2680 contra
714 2627 857 2695 Arabiam,
875 2627 960 2683 Sara-
1012 2624 1130 2692 Taurus,
1150 2621 1260 2692 Atinias,
1282 2623 1453 2690 Parnassus,
1473 2622 1605 2695 Cytoron,
1625 2621 1762 2694 Helycon,

212 2714 316 2769 caniet
333 2712 383 2769 alii
402 2713 435 2767 ad
454 2715 574 2768 Taienos
593 2719 690 2768 contra
702 2715 843 2783 Arabiam,
857 2714 958 2770 Albani
1013 2714 1192 2776 Parthenius,
1212 2713 1297 2783 Nysa,
1318 2711 1496 2782 Lycobantia,
1510 2710 1644 2780 Peninus,
1665 2709 1760 2783 Olym-

209 2807 307 2857 contra
324 2801 398 2874 pilas
416 2800 540 2874 (laspiae.
562 2803 723 2857 Madianitae
748 2807 958 2875 majoresque!
1013 2818 1076 2874 pus,
1097 2801 1230 2854 Libanus.

212 2891 832 2965 expugnaritMoyses,interhlesopotaminm
843 2890 957 2946 etMare
1048 2890 1178 2948 Flumina
1196 2893 1289 2943 autem
1302 2893 1368 2943 eunt
1379 2905 1482 2959 magna
1496 2895 1525 2945 et
1537 2888 1679 2946 nominata
1695 2888 1761 2945 xL:

213 2980 339 3035 rubrum.
353 2969 447 3035 Minor
465 2983 555 3032 autem
568 2978 682 3032 Madian
701 2983 743 3033 est
761 2982 859 3035 contra
877 2978 957 3032 Mare
1013 2981 1095 3035 ludos
1108 2983 1155 3053 qui
1169 2986 1197 3035 et
1209 2981 1331 3051 Physon,
1345 2979 1427 3036 Nilus
1446 2981 1494 3052 qui
1508 2984 1536 3034 et
1552 2981 1639 3049 Goon,
1651 2980 1761 3052 Tigris,

213 3071 337 3138 rubrum,
348 3072 431 3142 juxta
450 3070 619 3140 AEgyptum,
632 3069 678 3123 ubi
692 3069 821 3141 regnavit
837 3067 957 3139 Raguel,
1013 3069 1181 3140 Euphrates,
1192 3067 1332 3136 iordanis,
1347 3068 1491 3138 Cephisos,
1501 3067 1614 3137 Tanais,
1628 3067 1762 3133 Ismenos,

210 3175 291 3214 socer
309 3157 414 3232 Moysi,
434 3163 463 3211 et
480 3157 588 3212 Jethro.
608 3157 710 3212 Contra
735 3155 922 3228 Cappadoces,
942 3172 959 3208 a
1013 3157 1202 3224 Erimanthus,
1222 3155 1304 3229 Alps,
1324 3157 1464 3227 AEsopus,
1482 3152 1669 3223 Thermodon,
1689 3154 1761 3208 lirn-

211 3337 337 3403 Gholchi,
356 3337 542 3407 lloephorani,
563 3335 628 3390 Sani
648 3335 696 3406 qui
715 3333 894 3405 appellantur
908 3333 960 3387 San
1013 3335 1239 3403 rota,Meander,
1252 3335 1381 3403 Hermus,
1397 3335 1496 3402 Axius,
1511 3333 1650 3402 Piramus,
1664 3334 1748 3388 Baius

210 3427 303 3496 niges,
323 3441 409 3496 usqua
429 3425 546 3478 Pontum
567 3424 760 3492 extendentes,
774 3424 821 3476 ubi
840 3427 883 3476 eat
902 3423 959 3478 Ab·
1012 3423 1114 3490 Ebrus,
1134 3422 1297 3492 Sangarius,
1315 3421 1483 3490 Achelauua,
1498 3423 1624 3490 Penitus,
1637 3421 1760 3489 liranus,

209 3532 331 3582 acessus,
348 3514 491 3582 hbaacroe,
505 3519 533 3568 et
552 3513 751 3584 Sebastopolis,
766 3517 794 3568 et
811 3511 892 3584 Tipsi
910 3511 958 3566 Li·
1012 3509 1760 3582 Sperchios,Gaiater,Simois,Samander,Scriuphon,

211 3621 286 3671 men,
299 3605 345 3675 qui
365 3607 410 3656 eat
420 3607 529 3674 portus,
546 3607 573 3658 et
592 3603 712 3658 Phasine
730 3603 848 3657 flumen:
870 3617 957 3673 usque
1013 3599 1143 3654 Partheni
1149 3604 1215 3668 [us],
1227 3600 1306 3669 later,
1317 3598 1430 3671 illyrius
1442 3601 1491 3672 qpi
1504 3605 1533 3655 et
1544 3601 1695 3669 Danuvius,
1706 3601 1763 3656 ue·

210 3690 384 3761 Trapezonta
401 3691 586 3744 extenduntur
605 3689 649 3744 hae
670 3693 777 3761 genten
1012 3704 1075 3758 nus,
1093 3689 1235 3757 Rodanus,
1253 3689 1340 3756 Betis,
1360 3689 1509 3760 Eridanus,
1533 3691 1581 3763 qui
1606 3695 1634 3744 et
1661 3689 1762 3758 Padus,

246 3778 357 3835 Montes
376 3783 468 3834 autem
488 3779 624 3834 nominati
638 3783 704 3833 sunt
717 3777 785 3833 llll:
807 3779 957 3847 Caucasus,
1012 3780 1126 3835 Timber
1143 3779 1191 3851 qui
1211 3796 1284 3837 nunc
1302 3779 1407 3834 dicitur
1424 3780 1556 3853 Tyberia.

247 3958 353 4025 Quibus
383 3958 422 4012 ita
450 3955 586 4011 absolutis
609 3959 693 4027 juxta
717 3956 806 4010 nostri
835 3956 955 4011 chrono-
1054 3955 1227 4028 lipimetrum
1248 3957 1321 4011 haud
1344 3958 1384 4012 ita
1408 3957 1489 4011 breve
1514 3938 1592 4032 t'ypia
1610 3963 1670 4031 jam
1691 3973 1763 4029 pene

214 4049 315 4120 graphi
330 4047 467 4114 tramites,
481 4046 636 4102 Chronicon
650 4043 784 4099 Paschalc
802 4045 961 4099 coronidem
1015 4047 1220 4112 commiseram,
1233 4050 1264 4100 ut
1275 4046 1397 4100 codicem
1408 4046 1605 4115 Parisiensem,
1616 4045 1683 4100 olim
1693 4061 1709 4097 a
1719 4061 1763 4100 ma

212 4137 329 4192 retinuit
346 4137 376 4189 in
399 4137 484 4189 variis
508 4133 668 4188 climatibus
693 4132 901 4200 describendis,
920 4134 962 4186 uti
1015 4135 1203 4188 minutissime
1216 4133 1386 4206 descriptum
1399 4137 1572 4205 parcentum
1584 4134 1698 4187 circiter
1710 4149 1762 4205 pa-

211 4223 286 4278 ciare
308 4224 361 4280 luit
378 4225 547 4295 promissum
566 4224 594 4276 in
614 4224 759 4293 prooemio,
781 4221 856 4294 quod
877 4240 963 4295 supra
1017 4220 1118 4294 geilae,
1132 4220 1216 4294 paulo
1228 4221 1350 4289 brevius,
1364 4221 1412 4275 sed
1425 4219 1487 4276 fuae
1498 4221 1671 4277 exhiberem.
1684 4219 1763 4276 Haud

211 4330 267 4368 non
286 4314 442 4367 omisimus.
455 4315 495 4367 Ac
508 4313 548 4365 sic
566 4312 676 4366 videtur
688 4310 776 4365 luisse
789 4316 864 4366 totus
876 4310 963 4366 libel·
1016 4329 1092 4383 aegre
1110 4327 1154 4365 me
1173 4311 1308 4379 abstineo,
1324 4309 1467 4382 tumquia
1486 4310 1572 4366 codex
1592 4327 1689 4365 recens
1708 4314 1763 4380 eat,

213 4403 257 4458 lus
276 4409 403 4472 exactus,
421 4404 480 4458 eive
499 4406 533 4457 ab
554 4402 699 4474 Africano,
720 4403 779 4456 sive
798 4405 832 4456 ab
851 4403 962 4474 Hippo·
1016 4401 1113 4466 saculi
1128 4404 1175 4456 vix
1186 4402 1260 4473 XIV,
1274 4406 1333 4457 tum
1347 4403 1413 4474 quia
1431 4401 1554 4473 ejusdem
1573 4402 1694 4456 fortasse
1713 4417 1762 4455 ex-

212 4491 347 4567 lyto,pro
367 4493 512 4565 cujusdam
525 4492 657 4567 discipuli
672 4491 868 4550 emolumento.
883 4493 963 4549 Alius
1016 4493 1073 4543 atat
1090 4491 1261 4563 archetypon
1280 4492 1430 4563 antiquius,
1451 4491 1523 4564 quod
1542 4497 1586 4546 aet
1603 4491 1691 4546 codex
1711 4491 1764 4546 ce-

212 4599 277 4637 vero
289 4577 415 4638 eumdem
427 4585 455 4637 in
466 4581 606 4655 publicam
617 4582 769 4638 utilitatem
781 4584 877 4650 vertit,
887 4599 962 4655 prae·
1016 4581 1110 4634 vensis
1122 4597 1187 4637 esec.
1202 4583 1238 4649 X,
1254 4580 1351 4637 sedulo
1365 4586 1476 4637 notatus
1486 4587 1514 4636 et
1526 4586 1675 4654 excerptus
1689 4580 1762 4654 apud

213 4671 330 4743 fixitque
351 4673 385 4724 ab
404 4671 509 4725 Adamo
527 4670 729 4739 chronotaxim,
744 4687 826 4743 quam
836 4655 962 4742 postmo'-
1017 4669 1122 4725 Maium
1134 4670 1163 4724 in
1176 4671 1265 4726 Glaea.
1276 4682 1352 4726 auct.
1364 4675 1385 4727 t.
1396 4687 1439 4737 ru,
1449 4689 1478 4742 p.
1489 4669 1555 4740 385,
1563 4688 1644 4742 quem
1654 4671 1763 4726 demum

212 4759 276 4814 dum
289 4765 464 4832 ‘prosecutus
483 4765 526 4814 est
543 4777 630 4832 usque
650 4759 684 4812 ad
703 4776 805 4815 annum
823 4774 874 4814 xru
894 4759 960 4814 Ale·
1015 4759 1176 4830 propediem
1189 4758 1354 4830 descripturi
1365 4765 1430 4815 sunt
1438 4760 1512 4815 docti
1526 4761 1614 4814 nostri
1626 4761 1762 4817 carensac

213 4849 331 4917 xandri,
350 4849 408 4902 aire
435 4848 467 4902 P.
494 4848 559 4903 Chr.
580 4863 710 4904 ccxxxvi.
738 4848 825 4920 Cujus
849 4848 963 4902 secundi
1016 4849 1046 4902 in
1065 4847 1165 4902 Codice
1183 4865 1233 4902 suo
1246 4847 1435 4919 diplomatico.
1448 4849 1569 4906 Videant
1581 4867 1660 4923 ergo,
1673 4855 1763 4907 atnoe

212 4939 307 5011 operis
320 4937 464 4993 exordium
478 4936 670 4993 homileticum
683 4939 793 4994 ridetur
805 4945 915 4996 exstare
929 4957 963 4994 ex
1016 4939 1229 5008 quamprimum
1242 4937 1384 5006 edoceant,
1398 4938 1422 4991 si
1436 4941 1492 4992 tam
1502 4939 1531 4993 in
1545 4938 1658 4994 illorum
1670 4939 1764 4994 codice

214 5043 307 5098 graeco
327 5027 405 5082 lente
424 5027 453 5081 in
472 5027 605 5082 chronico
624 5029 698 5082 inter
711 5028 861 5102 Hippolyti
879 5048 964 5102 opera
1016 5043 1099 5098 quam
1111 5028 1140 5080 iu
1160 5027 1310 5082 parisiensi
1330 5029 1475 5099 sequentia
1486 5033 1674 5100 congerantur
1688 5031 1763 5085 inter

214 5117 316 5188 posito.
337 5118 490 5184 Successit,
510 5121 541 5171 ut
558 5116 632 5172 solet
649 5119 729 5185 fleri,
750 5121 849 5174 tertius
867 5126 965 5175 auctor
1017 5119 1163 5170 sexcenta:
1186 5112 1216 5169 1⁰
1236 5117 1320 5186 Beda,
1337 5118 1379 5175 De
1391 5121 1573 5188 temporibus,
1586 5119 1633 5174 ubi
1653 5120 1765 5174 nomina

214 5205 261 5276 qni
284 5205 385 5259 seriem
404 5205 543 5276 incompte
564 5205 645 5258 duxit
665 5222 752 5276 usque
771 5207 805 5260 ad
827 5207 964 5264 Barbaros
1017 5207 1154 5262 menium
1163 5206 1273 5277 anglice
1282 5207 1625 5282 danturlongealiaquam
1634 5211 1663 5264 in
1673 5209 1765 5266 editio

215 5313 279 5352 esec.
302 5298 349 5352 Vll
368 5301 397 5352 in
418 5296 486 5351 edit.
507 5298 665 5352 canisiana.
1018 5297 1764 5369 etibicitaturhmbrosiua(fortputeolanus)dedr-
