3978 6086
691 487 956 556 LUGDUNENSlS
976 490 1181 556 muscosus
1648 494 1708 560 scs

152 643 335 731 σπέρματος
367 633 456 715 δίκην
481 645 511 706 ἐν
542 640 668 730 κόσμῳ,
692 647 732 719 ὡς
756 647 787 708 ὲν
816 646 909 735 ἀγρῷ,
965 642 1084 721 mundo,
1103 641 1186 709 velut
1206 643 1237 708 in
1257 661 1339 726 egre,
1355 643 1478 710 seminis
1492 645 1585 710 inser
1604 653 1709 720 saum,

153 749 369 839 σπειρόμενον,
394 750 520 838 ἔχοντος
545 753 576 814 ἑν
600 753 702 834 ἑαυτῷ
722 751 760 816 τὸ
776 775 911 842 stupescu-
965 749 1044 832 quod
1064 751 1125 817 vim
1142 752 1175 816 iu
1196 769 1229 817 sc
1251 752 1367 834 igneum
1388 761 1418 817 et
1438 761 1587 818 austeram
1608 751 1708 819 habet.

152 855 232 943 ὲςῐ)
263 856 318 921 οιαὶ
348 857 386 921 το
417 857 571 948 αὐστηρὸν
599 857 626 946 ²)
651 867 709 934 τῆς
741 847 907 944 δυνάμεως.
963 847 1708 916 ludexeuimtctiusmundiennuntiutueeet:ide1u

152 962 271 1053 Κριτλς
292 962 352 1054 γὰρ
368 973 423 1028 τοο
440 965 557 1041 παντὸς
574 964 692 1054 κόσμου
709 964 907 1054 sappum·
963 955 1012 1037 qui
1029 956 1058 1020 iu
1073 957 1160 1022 corde
1175 966 1270 1036 terre,
1283 956 1314 1020 iu
1331 956 1442 1023 tumulo
1457 957 1630 1039 occultatus,
1641 968 1709 1041 pest

153 1063 245 1145 οὗτος
268 1072 300 1134 ὲν
323 1079 364 1155 τῇ
389 1059 539 1160 suplici)
562 1081 621 1147 τῆς
636 1081 705 1162 γῆς,
726 1073 758 1134 ἐν
781 1067 908 1160 χώματι
963 1060 1090 1126 triduum
1112 1061 1142 1125 in
1163 1065 1321 1126 maximam
1341 1064 1473 1130 excrevit
1493 1065 1637 1144 arborem,
1661 1083 1708 1130 ra·

153 1168 288 1264 αρυῧιις,
304 1175 359 1239 αα)
373 1176 544 1267 σριηρέρως
557 1177 584 1264 4)
610 1176 756 1269 μέγιστον
784 1166 907 1267 δένδρον
962 1185 1086 1251 mosque
1105 1185 1175 1234 euos
1194 1167 1232 1234 ed
1253 1176 1396 1234 extremos
1416 1167 1496 1234 ethis
1517 1168 1588 1236 lines
1617 1179 1709 1236 teten-

151 1280 307 1372 γενηθεῑς,
329 1283 356 1371 5)
381 1275 513 1360 ἐξέτεινε
536 1282 607 1361 τοὺς
631 1287 743 1349 ἑαυτοῦ
774 1273 907 1360 κλάδους
961 1274 1015 1339 dit.
1032 1275 1075 1340 Ex
1090 1274 1140 1340 illc
1160 1285 1194 1341 ut
1213 1274 1322 1340 surculi
1343 1276 1534 1359 procedentes
1553 1277 1708 1344 duodecim

152 1392 197 1463 εἰς
212 1387 256 1452 τὰ
271 1387 394 1478 πέρατα
416 1398 475 1462 τῆς
497 1398 565 1478 γῆς.
585 1390 639 1452 Ἐκ
654 1387 768 1453 τούτου
792 1388 907 1478 sepost-
961 1383 1095 1467 apostoli,
1115 1384 1188 1450 remi
1210 1383 1305 1449 lluridi
1322 1391 1411 1468 etque
1424 1385 1530 1452 uberes
1543 1385 1621 1465 lacti,
1636 1404 1709 1470 gen·

152 1491 272 1582 ψαντες
286 1494 310 1578 6)
321 1499 350 1559 ei
364 1485 489 1560 δώδεκα
505 1495 688 1573 ἀπόστολοι,
702 1485 814 1560 κλάδοι
827 1500 906 1586 ὡρα·
960 1491 1048 1571 silus,
1063 1491 1146 1574 quusi
1160 1490 1334 1559 volueribus
1348 1491 1426 1572 coeli,
1440 1501 1556 1575 tegmen
1574 1493 1709 1575 prebue-

150 1612 196 1666 τοι
218 1600 273 1664 καὶ
302 1598 441 1676 εὐθαλεῖς
464 1600 635 1693 γενόμενοι,
656 1601 681 1683 7)
706 1601 804 1674 σκέπα
839 1611 904 1678 σοτς
958 1615 1005 1663 rc:
1022 1595 1129 1680 quium
1143 1596 1233 1662 remis
1246 1614 1350 1662 omues
1369 1597 1547 1678 obumbrati,
1563 1605 1703 1682 uuquam

153 1705 273 1772 ἔθνεσιν
304 1704 518 1799 ἐγενήθησαν,
555 1713 594 1784 ὡς
626 1718 778 1785 πετεινοῖς
815 1713 906 1799 οῦρα-
958 1721 1032 1771 aves
1058 1704 1089 1769 iu
1110 1702 1212 1768 nidum
1240 1704 1431 1786 cougregati,
1454 1705 1613 1790 participes
1641 1706 1709 1770 lecti

153 1825 217 1894 νοῦ,
241 1814 292 1905 ὑφ’
315 1809 357 1879 ὧν
381 1806 505 1881 κλάδων
529 1814 755 1893 σκιπασθίντος
779 1821 807 1883 ct
830 1816 907 1882 πάν-
960 1820 1030 1876 suut
1046 1811 1103 1876 cibi
1119 1811 1424 1893 succosietcoelestis,
1440 1813 1489 1894 qui
1511 1812 1549 1877 ab
1562 1813 1637 1897 ipsis
1657 1831 1709 1878 ru-

154 1945 218 2000 τις·
234 1928 275 1999 ὡς
299 1923 389 2013 ὄρνεα
413 1923 472 1988 ὑπὸ
494 1922 607 1988 καλιὰν
632 1922 830 2003 συνελθόντα,
848 1949 906 2016 με·
960 1920 1017 1984 mis
1037 1918 1188 1985 minabat.

155 2023 290 2096 τίλαῧον
313 2041 371 2107 τῆς
395 2024 428 2110 ἐξ
451 2035 554 2096 αὐτῶν
577 2031 808 2123 προερχομένης
833 2023 907 2098 ἑδω-

154 2129 246 2227 δίμου
270 2138 323 2202 sei
348 2141 527 2229 ἐπουρανίου
551 2151 676 2231 τροφῆς.

192 2294 214 2360 Ι)
234 2295 354 2366 suppetiit
367 2296 433 2351 Vel.
447 2297 573 2363 berbece,
593 2300 621 2352 et
640 2299 746 2354 Graecis
762 2299 901 2370 ignotum,
957 2305 1048 2360 Vetic.
1065 2334 1098 2346 -
1114 2301 1138 2369 ⁵)
1157 2309 1278 2378 γεννηθεὶς
1298 2321 1361 2358 cum
1381 2305 1472 2360 Crem.
1493 2304 1577 2359 Hsrv.
1596 2310 1706 2377 γεννιιις

155 2383 203 2438 sed
224 2401 312 2456 neque
331 2386 400 2440 setis
426 2390 521 2440 notum
541 2387 661 2458 πυρῥααις
681 2389 748 2461 (sic)
774 2389 903 2448 Cremerc
956 2395 1053 2448 caeteri
1065 2411 1127 2448 cum
1140 2395 1233 2448 Vutic.
1253 2423 1287 2434 -
1302 2395 1326 2463 ⁶)
1345 2391 1516 2462 Προαῦψσντις
1530 2392 1592 2448 edd.
1613 2410 1708 2448 omues

154 2475 183 2528 et
206 2473 325 2527 Hsrseio
350 2478 502 2546 receptum.
522 2505 557 2518 -
576 2475 601 2541 2)
623 2481 668 2530 ’καὶ
696 2477 817 2550 αῦστηρῦν
845 2495 899 2534 om.
956 2497 1018 2534 cum
1028 2479 1202 2552 cod.aliquis
1214 2482 1514 2552 οου).πρωιόψαντις.-·
1528 2480 1553 2546 7)
1566 2483 1705 2554 γενηθέντες

153 2563 234 2616 artic.
254 2561 316 2617 edd.
338 2593 373 2604 -
387 2561 411 2628 3)
431 2564 454 2616 ἐν
467 2565 558 2635 καρδίᾳ
576 2566 670 2621 Velie.
684 2597 719 2610 -
732 2569 756 2632 ⁴)
777 2567 900 2638 τριημίρςν
956 2567 1012 2623 ΒΒ.
1027 2569 1117 2625 Crem.
1138 2570 1222 2624 Here.
1235 2599 1271 2611 -
1283 2569 1363 2624 estse
1378 2588 1399 2621 τ.
1412 2569 1457 2622 ἴον.
1473 2572 1634 2643 ἰρινννοησαν
1645 2571 1706 2625 ced.

900 2762 960 2837 VI.

383 2942 544 3031 Εἰρηναίου
568 2933 721 3034 Λύγδονος
746 2947 788 3018 εἰς
811 2940 871 3016 τὴν
895 2941 1014 3034 γένεσιν
1042 2941 1086 3020 (0.
1111 2939 1203 3004 Haec.
1227 2940 1278 3004 lit).
1302 2940 1339 3012 V,
1362 2961 1388 3004 c.
1414 2943 1475 3022 ts).

193 3120 322 3212 Ἕτερον
355 3121 410 3210 μέν
426 3119 447 3207 1)
476 3124 543 3186 ἐστι
573 3119 651 3195 πνοὴ
677 3115 818 3202 ζωῆς,ἠ
849 3121 902 3187 καὶ
996 3118 1084 3184 Aliud
1104 3128 1151 3184 cst
1169 3119 1345 3202 spiraculum
1359 3120 1441 3196 vitae,
1455 3120 1535 3204 quod
1548 3120 1704 3188 animalem

155 3228 284 3320 ψυχικὸν
309 3223 544 3322 ἀπεργαζομένη
570 3229 624 3295 τὸν
649 3227 824 3320 ἄνθρωπον,
849 3229 902 3294 stul
956 3226 1027 3292 lucit
1048 3226 1208 3305 hominem,
1231 3235 1261 3291 ct
1280 3226 1359 3293 eliud
1379 3225 1507 3309 Spiritus
1533 3225 1702 3307 vivificans,

155 3337 257 3427 ἕτερον
269 3341 395 3425 Πνεῦμα
412 3328 589 3415 ζωοποιοῦν,
606 3335 643 3401 τὸ
659 3335 748 3419 sets)
765 3359 903 3425 πνευμα-
955 3332 1050 3417 quiet
1064 3332 1245 3417 spiritualem
1260 3332 1355 3416 ipsum
1370 3331 1478 3398 reddit.
1493 3335 1536 3399 Ac
1550 3342 1703 3416 prcptcrcu

154 3445 239 3510 τικὸν
264 3443 357 3508 αὑτὸν
382 3445 563 3509 ἀποτελοῦν.
587 3442 648 3507 Κα1
679 3433 730 3508 διὰ
758 3453 852 3509 τοῦτο
872 3445 900 3530 0)
957 3437 1052 3523 iuquit
1071 3437 1179 3503 isaias:
1207 3435 1368 3502 «Siccius
1388 3434 1541 3515 Dominus,
1562 3436 1611 3522 qui
1635 3437 1705 3503 lecit

155 3545 276 3623 Ἠσοίὶοις
288 3547 390 3636 φησίν·
404 3546 495 3611 Οὕτω
509 3544 596 3638 λέγει
610 3543 727 3637 Κύριος,
741 3549 757 3610 ὁ
770 3546 901 3622 ποιήσας
956 3544 1060 3610 coelum
1081 3554 1110 3609 et
1130 3543 1262 3609 firmavit
1275 3543 1356 3623 illud,
1371 3543 1421 3628 qui
1436 3544 1584 3628 compegit
1600 3553 1704 3610 terram

153 3655 208 3720 τὸν
220 3654 345 3744 οὐρανὸν
358 3654 383 3736 4)
398 3653 452 3719 καὶ
468 3651 641 3743 στιρεώσας
654 3653 758 3732 αὐτὸν,
772 3657 789 3718 ὁ
801 3646 901 3732 πήξας
954 3662 987 3718 ct
1005 3670 1072 3736 quae
1092 3654 1124 3717 iu
1144 3652 1194 3717 illa
1214 3660 1293 3731 suut,
1306 3662 1338 3718 ct
1356 3653 1407 3734 qui
1427 3650 1511 3718 dedit
1524 3652 1702 3736 spiraculum

154 3759 213 3835 τὴν
236 3771 307 3851 γῆν,
324 3759 377 3825 κα)
393 3758 435 3825 τὰ
451 3763 481 3824 ἑν
500 3763 591 3846 αὐτῇ,
610 3759 663 3824 καὶ
678 3750 779 3836 διδοὺς
802 3759 900 3835 πνοὴν
955 3762 1064 3846 populo
1077 3761 1128 3846 qui
1143 3779 1231 3844 super
1245 3769 1351 3829 terrem
1372 3769 1429 3842 est,
1445 3769 1475 3825 et
1490 3759 1630 3842 Spiritum
1645 3760 1702 3824 cul·

154 3877 200 3950 τῷ
222 3871 289 3952 λαῷ
310 3876 357 3950 τῷ
380 3864 429 3932 ἐπ’
452 3871 559 3946 αὐτῆς,
572 3867 595 3950 5)
615 3866 669 3932 αα)
691 3873 817 3957 Πνεῦμα
835 3879 900 3945 τοῖς
955 3867 1193 3936 ceutihueillem.
1208 3890 1222 3926 ν
1239 3865 1555 3950 Spiraculumquidem
1570 3865 1612 3930 nit
1625 3865 1703 3931 omui

155 3984 303 4040 πατοῦσιν
333 3975 442 4048 αὑτήν·
456 3974 479 4056 6)
504 3971 562 4048 τὴν
588 3973 641 4063 μὲν
666 3973 764 4045 πνοὴν
791 3986 899 4053 κοινῶς
955 3977 1062 4061 populo
1074 3994 1163 4060 super
1176 3985 1284 4042 terrem
1298 3973 1620 4054 communiterdatum;
1637 3973 1704 4058 Spi·
1811 4017 1816 4028 ·

191 4169 238 4225 VI.
260 4168 312 4224 Hie
324 4184 423 4223 rursus
435 4168 506 4224 nihil
519 4183 631 4235 novum,
642 4168 690 4223 sed
709 4169 790 4240 copie
802 4172 901 4241 iugens
955 4175 1071 4246 λύγδονος
1083 4171 1177 4228 Ottob.
1188 4170 1324 4242 λουγδόνον
1333 4167 1414 4224 alter.
1425 4171 1491 4226 Vst.
1499 4170 1609 4242 γέννησιν
1619 4168 1703 4226 iidem

154 4259 289 4329 codicum,
303 4273 336 4312 sc
352 4274 422 4330 pene
441 4257 628 4329 incredibilis,
642 4259 672 4312 in
691 4262 769 4313 cents
785 4261 902 4331 penurie
955 4279 1018 4317 cum
1036 4258 1144 4315 multis.
1163 4258 1228 4315 lude
1245 4260 1344 4314 omitto
1362 4258 1475 4313 omuino
1494 4257 1582 4313 libros
1600 4256 1702 4326 editos,

154 4351 278 4402 veterum
296 4346 394 4402 Irenaei
419 4348 633 4418 scripturarum.
661 4347 793 4418 ignosces·
813 4348 902 4420 igitur
955 4367 1025 4424 quos
1037 4349 1140 4405 videsis
1149 4349 1205 4405 ΒΒ.
1217 4367 1246 4422 p.
1258 4347 1321 4420 300,
1335 4347 1420 4404 Heus.
1431 4363 1462 4419 11,
1472 4365 1502 4420 p.
1512 4345 1576 4419 350,
1590 4347 1700 4403 Petrei.

154 4435 306 4492 contulisse
320 4439 500 4507 praestuntem
513 4437 655 4507 peginam,
667 4452 722 4490 uou
735 4433 826 4491 solum
839 4454 901 4492 cum
955 4439 1011 4496 col.
1033 4436 1112 4509 11523
1133 4437 1236 4492 Getone
1263 4436 1329 4510 lips.
1349 4441 1371 4492 t.
1390 4453 1409 4493 1.
1433 4434 1487 4492 col.
1507 4433 1553 4490 02.
1576 4433 1699 4491 Hellois.

154 4539 253 4578 novem
280 4523 425 4578 Vaticanis
452 4537 538 4593 supcs
565 4523 731 4592 recensitis,
764 4523 812 4577 esd
839 4539 901 4578 cum
955 4527 1066 4584 illustr.
1086 4527 1119 4583 ll.
1140 4527 1173 4582 0.
1193 4527 1292 4598 script.
1312 4530 1378 4596 tu,
1393 4543 1423 4598 p.
1441 4523 1506 4594 505,
1526 4525 1573 4596 qui
1593 4525 1702 4598 primus

154 4612 246 4667 Pstis.
265 4627 322 4666 sec.
335 4611 511 4683 111,optimse
528 4615 612 4680 notes,
624 4611 671 4665 sed
683 4616 785 4667 etcum
798 4610 902 4668 slevico
957 4635 1051 4691 gmon
1069 4617 1144 4673 dedit
1156 4633 1172 4672 a
1185 4616 1330 4674 stt-mondo
1349 4621 1472 4688 accepta,
1493 4619 1521 4670 et
1532 4619 1614 4688 cuju.
1633 4612 1704 4669 libe.

153 4703 314 4773 mosquensi
333 4717 411 4755 xxxi.
433 4699 454 4754 f.
468 4699 531 4771 246,
543 4699 606 4770 247,
628 4701 674 4755 ubi
693 4701 803 4772 quidem
823 4702 901 4755 iuso-
956 4724 986 4762 re
1005 4723 1107 4779 sequor
1126 4705 1395 4778 interpretationem.
1477 4721 1482 4742 ¹

153 4789 222 4845 litus
242 4789 350 4845 titulus:
366 4791 479 4846 irenaei
497 4791 532 4846 ds
546 4787 711 4859 Natiuitate,
725 4805 803 4862 spem
816 4789 913 4844 dede-¹
993 4793 1017 4860 1)
1037 4797 1081 4866 μιν
1094 4793 1172 4850 selus
1184 4794 1248 4849 Vst.
1263 4791 1327 4849 423.
1337 4823 1373 4835 -
1385 4794 1405 4846 si
1419 4798 1462 4845 νισι
1475 4791 1514 4847 id.
1528 4807 1590 4846 cum
1604 4790 1698 4846 otus.

153 4885 198 4935 ret
216 4878 306 4935 doctis
324 4878 503 4951 pslseoslsvis
527 4878 625 4934 inediti
650 4881 797 4950 sermonis,
818 4897 901 4953 quum
955 4873 990 4926 -’
1003 4884 1025 4952 ²)
1045 4889 1109 4955 post
1127 4887 1155 4937 τὸ
1174 4900 1229 4939 om.
1250 4888 1293 4936 αα)
1312 4881 1362 4936 iid.
1382 4886 1411 4936 et
1428 4881 1522 4936 Puris.
1540 4908 1576 4922 ·-
1589 4879 1613 4947 ³)
1634 4879 1698 4934 τοῦθ’

153 4972 263 5024 mutum
282 4971 319 5024 sit
337 4970 469 5041 pericope
486 4986 522 5032 cx
540 4967 613 5023 libro
631 4985 659 5026 ν.
680 4971 753 5026 Acte.
781 4969 900 5027 Haeres.
955 4973 1062 5034 Ἠσαίας
1082 4974 1146 5027 Vet.
1169 4970 1246 5042 1057,
1270 4971 1349 5028 1520.
1371 4976 1444 5044 φησιν
1458 4973 1470 5024 t
1483 4969 1591 5032 Ἠσαίας
1611 4972 1703 5028 Paris.

153 5075 217 5131 cap.
232 5075 280 5114 xx.
301 5075 330 5114 n.
347 5057 390 5126 12,
411 5076 473 5131 quae
492 5059 597 5132 passim
616 5061 645 5113 in
664 5064 776 5114 catenes
795 5059 834 5114 cd
847 5059 902 5115 Ge·
956 5064 1020 5117 Vet.
1033 5059 1097 5116 423.
1111 5061 1171 5112 -l
1190 5061 1277 5131 Κύριος
1296 5061 1357 5116 Vnt.
1380 5057 1459 5118 1520.
1478 5058 1518 5114 cf.
1536 5059 1572 5114 le.
1592 5057 1701 5128 xu11,5.

153 5153 246 5206 sessim
265 5149 411 5217 inseritur,
430 5147 465 5202 nd
478 5163 541 5220 cup.
561 5163 593 5204 rr.
612 5166 639 5204 v.
657 5148 686 5203 7.
954 5177 984 5192 ·-
997 5151 1021 5218 4)
1035 5153 1140 5212 ποιήσεις
1150 5149 1250 5222 οὐρανὸν
1262 5152 1325 5207 Vct.
1337 5148 1415 5206 1520.
1425 5179 1461 5194 -
1475 5145 1701 5220 5)λαῷ1π“αῦι“1ι

189 5235 302 5296 Titulus
321 5241 456 5311 exceptus
468 5239 510 5290 est
522 5253 556 5296 es
569 5236 658 5292 Puris.
676 5234 744 5294 1555
756 5237 790 5292 Α.
804 5235 824 5294 1.
840 5235 899 5296 ise.
958 5238 1051 5300 ottob.
1072 5239 1162 5314 Petis.
1176 5267 1210 5278 -
1226 5239 1250 5312 6)
1268 5243 1386 5296 πατοῦσιν
1404 5239 1510 5316 plures,
1528 5241 1619 5295 minus
1637 5243 1702 5309 epte
