3998 6080
301 475 340 540 84
866 470 1000 537 ctnvts
1020 471 1051 536 S.
1066 471 1284 546 ,tttttttuttls

343 626 391 690 67.
407 624 539 702 armilla,
553 623 794 706 circumplectens
807 639 900 704 genus
922 622 1081 686 humanum
1102 622 1299 687 misericordia
1320 624 1434 703 diuina,
1450 641 1603 711 perquam
1617 627 1844 694 misericordiam
1974 605 1975 646 ³

303 759 362 805 non
377 742 453 806 sinct
468 739 564 823 perire
577 758 650 824 quos
664 739 939 823 predestinacione
952 739 1057 804 uitam
1073 738 1108 803 ln
1125 738 1199 803 ton:
1215 740 1253 803 lit
1265 739 1379 805 armilla
1393 742 1554 825 perforabis
1568 743 1717 809 maxillam
1730 746 1803 829 eius.

345 859 394 922 68.
410 856 570 940 Cophinus,
587 855 738 921 tribulatio
752 855 825 921 vite
837 856 1004 940 presentis.
1020 856 1054 920 ln
1069 855 1198 939 psalmo:
1214 856 1320 922 Manus
1334 862 1398 941 ejus
1411 857 1443 922 in
1457 857 1583 942 cophino
1596 859 1773 925 servierunt.

343 973 393 1038 69.
409 971 545 1054 Cupbioi,
561 971 712 1037 duodecim
726 971 862 1054 apostoli.
878 971 916 1038 ln'
927 971 1107 1052 Evangelio:
1123 973 1161 1038 lit
1173 974 1358 1038 sustulerunt
1371 967 1524 1040 duodecim
1538 975 1680 1059 cophinos
1694 976 1805 1060 plenos.

343 1090 392 1154 76.
408 1090 537 1171 Stercus,
553 1089 698 1154 sacrificia
714 1090 755 1174 [p.
772 1089 842 1170 146]
858 1088 1037 1154 iudeorum.
1058 1089 1092 1154 ln
1114 1090 1265 1156 llzcchiel:
1280 1089 1370 1156 Facta
1390 1101 1459 1156 sunt
1479 1092 1631 1158 morticina
1646 1111 1757 1174 eorum,
1772 1093 1850 1157 sicut
1975 1083 1976 1096 ’

302 1216 416 1274 stercus
429 1208 462 1273 in
475 1208 572 1273 medio
586 1207 761 1292 platearum.

344 1325 394 1390 77.
411 1325 538 1406 Stercus,
552 1325 714 1391 recordatio
735 1334 928 1409 peccatorum,
943 1324 1179 1409 delinquentibus
1199 1327 1237 1392 ad
1258 1325 1355 1393 cordis
1375 1327 1502 1393 radicem
1522 1329 1667 1412 apposita.
1686 1326 1721 1392 ln
1742 1327 1849 1392 Eran-

303 1441 397 1524 gclio:
412 1441 511 1525 Usque
525 1442 593 1507 dum
609 1441 717 1507 lodium
732 1442 808 1507 circa
826 1441 916 1522 illurn,
933 1452 964 1507 ct
977 1442 1091 1506 mittarn
1106 1439 1264 1527 cophinum
1278 1443 1426 1508 stercoris.

345 1557 395 1622 ta.
414 1557 543 1638 Stercus,
560 1565 679 1640 peccata
694 1557 827 1622 luxuriae.
842 1559 877 1623 ln
892 1558 971 1624 Joel:
987 1541 1234 1642 computruerunt
1245 1560 1377 1643 jumenta
1393 1561 1423 1624 in
1437 1568 1563 1626 stercore
1576 1579 1639 1627 suo.

345 1675 394 1739 73.
410 1675 530 1740 Stercus
543 1673 682 1756 hominis,
698 1675 770 1740 odor
785 1676 951 1742 teterrimus
965 1685 1161 1761 pcccatorum,
1177 1675 1322 1760 siquidem
1342 1695 1429 1743 omne
1448 1686 1599 1762 peccatum
1618 1665 1717 1743 letida
1731 1688 1777 1742 res
1790 1686 1847 1742 cst.

305 1790 337 1854 ln
352 1790 506 1856 lizechiel:
523 1791 642 1857 Stercus
657 1791 735 1874 quod
749 1791 900 1874 egreditur
913 1792 950 1858 de
964 1791 1093 1872 homine,
1108 1792 1225 1876 operies
1239 1791 1310 1857 illud
1325 1792 1355 1856 in
1369 1791 1462 1857 oculis
1474 1809 1586 1859 eurum.

346 1907 397 1972 74.
413 1907 514 1988 Funis,
530 1907 602 1974 lldes
616 1907 781 1973 Trinitatis.
798 1908 833 1973 ln
848 1908 1019 1973 Salomone:
1034 1907 1124 1973 Funis
1140 1905 1248 1992 triplex
1262 1925 1322 1973 non
1335 1906 1494 1992 rumpetur.

348 2026 398 2089 76.
415 2025 521 2108 Funcs,
539 2025 638 2109 populi
652 2025 753 2092 fideles
773 2026 804 2091 in
817 2024 969 2090 Trinitatis
990 2025 1048 2090 lide
1068 2024 1209 2090 contenti.
1225 2023 1260 2090 ln
1273 2024 1403 2108 psalmo:
1419 2026 1516 2091 Funus
1536 2023 1708 2092 ceciderunt
1726 2023 1798 2088 mibi
1819 2023 1849 2089 iu

306 2141 464 2224 preclaris.

347 2258 397 2322 76.
412 2257 528 2340 lune,
549 2259 734 2344 prolongatio
758 2269 954 2341 peccatorum.
976 2257 1012 2323 ln
1031 2257 1137 2323 Esaia:
1161 2257 1214 2326 Vae
1233 2257 1285 2342 qui
1309 2257 1426 2324 trahitis
1451 2256 1635 2340 iniquitates,
1657 2257 1688 2321 in
1711 2255 1851 2321 funiculis

305 2374 458 2439 vanitatis.
975 2387 978 2390 ⁴
1634 2383 1638 2390 '

346 2490 610 2573 ratpotonem.
627 2491 1000 2559 lnExodozlleusnuster
1020 2491 1099 2576 ignis
1119 2509 1295 2559 consumens
1314 2500 1369 2558 est.
1392 2491 1430 2557 lit
1449 2491 1480 2557 in
1500 2483 1663 2558 ldaluchiar
1677 2489 1745 2574 lpse
1764 2490 1850 2574 quusi

306 2607 386 2687 ignis
400 2607 542 2673 uunllans.

346 2725 396 2789 78.
412 2725 506 2808 Ignis,
521 2725 640 2791 caritas.
655 2726 694 2799 ln¹
704 2725 886 2808 Evangelio:
902 2725 1006 2808 ignem
1020 2727 1092 2793 veni
1105 2725 1221 2792 mittere
1233 2726 1264 2790 iu
1279 2735 1396 2792 terram.

331 2841 398 2904 79.
414 2841 507 2924 Ignis,
525 2841 673 2908 tribulatio
687 2842 760 2909 ritae
773 2844 936 2927 presentis.
955 2845 996 2929 [p.
1009 2843 1079 2924 146]
1096 2842 1131 2908 76
1146 2843 1276 2925 psalmo:
1292 2839 1499 2907 Transivimus
1509 2855 1562 2923 per
1575 2839 1672 2921 ignem
1686 2847 1717 2904 et
1730 2854 1851 2922 aquarn.

307 3023 310 3028 .
348 2957 397 3022 80.
415 2955 507 3039 Ignis,
524 2957 566 3022 ira
580 2957 635 3024 Dei
650 2958 680 3023 in
694 2969 873 3042 peccatores.
889 2960 924 3025 ln
939 2959 1181 3027 beuurommiu:
1198 2958 1374 3024 consumam
1387 2973 1437 3022 eos
1450 2951 1481 3019 in
1496 2954 1593 3038 ignem
1608 2955 1658 3018 irae
1673 2967 1757 3020 mee.

348 3074 399 3139 81.
413 3073 504 3156 Ignis,
518 3073 657 3140 uoluntas
672 3075 823 3159 peccandi.
837 3075 871 3140 ln
885 3075 1030 3142 ldalacbia
1043 3095 1051 3139 ι
1064 3077 1175 3143 Omnes
1187 3076 1397 3155 adulterantes,
1409 3073 1487 3140 sicut
1497 3073 1630 3137 clibanus
1639 3069 1728 3136 corda
1739 3079 1850 3136 eorum.

349 3191 398 3254 89.
415 3189 507 3273 ignis,
524 3190 671 3274 cupiditas
685 3190 795 3257 secuti.
808 3191 843 3257 76
857 3192 987 3276 psalmo:
1004 3191 1119 3259 Cecidit
1132 3192 1212 3275 ignis
1226 3209 1314 3276 super
1327 3209 1385 3266 eos,
1399 3199 1430 3257 et
1442 3207 1502 3255 non
1514 3187 1654 3254 uidemnt
1666 3187 1768 3253 solem.

348 3308 397 3373 83.
415 3307 509 3389 Ignis,
524 3307 678 3375 iracundia
691 3309 797 3375 cordis.
813 3309 848 3375 ln
862 3309 1040 3392 Evangelio:
1055 3309 1204 3389 ltiscrcra,
1220 3307 1352 3383 Domine,
1367 3306 1428 3371 filio
1448 3323 1523 3386 meo,
1538 3303 1607 3388 quia
1629 3303 1774 3368 lunaticus
1792 3312 1851 3382 est,

308 3433 338 3490 et
348 3425 425 3490 mule
435 3426 556 3510 patitur,
566 3435 598 3492 et
608 3445 686 3511 saepe
695 3427 775 3492 cadit
784 3425 814 3490 in
826 3427 938 3508 ignem,
954 3426 1055 3492 crebm
1065 3435 1164 3492 autem
1174 3425 1205 3490 in
1216 3443 1332 3509 aquam,
1341 3421 1419 3508 quod
1431 3420 1606 3503 intelligitur
1615 3417 1731 3484 luxuria
1741 3416 1850 3483 carnis.
1978 3425 1980 3466 ἵ

259 3591 262 3598 .
348 3542 399 3607 84.
414 3542 575 3623 Carbones,
590 3543 722 3608 scribtis
743 3541 830 3624 ignis,
853 3551 905 3607 aut
926 3543 1114 3626 exemplorum
1135 3541 1186 3608 uel
1206 3539 1397 3626 poenitantiae.
1411 3537 1447 3602 ln
1467 3537 1628 3622 psalmum:
1649 3535 1723 3602 Cum
1743 3533 1857 3599 carbo-

308 3655 394 3720 nibus
407 3655 605 3724 desolatoriis.
621 3658 659 3723 llt
673 3658 703 3722 in
718 3657 874 3741 apostolo:
889 3658 1037 3724 Carbones
1050 3659 1129 3739 ignis
1144 3677 1283 3739 congeres
1297 3673 1385 3739 super
1398 3654 1574 3740 caprasius.

348 3773 398 3838 86.
414 3773 585 3857 Carbones,
614 3774 701 3840 corda
727 3772 899 3852 huminum,
925 3773 1058 3840 curiatis
1082 3776 1153 3858 igne
1175 3791 1309 3841 accensa.
1335 3773 1370 3837 ln
1395 3771 1523 3854 psalmoc
1546 3769 1694 3836 Carbones
1718 3768 1851 3834 suaunsi

307 3898 377 3954 sunt
397 3889 435 3955 ab
456 3909 520 3956 eo.-

349 4007 399 4072 86.
415 4007 574 4088 Carbones,
590 4007 677 4074 corda
699 4006 885 4091 reproborum
906 4006 978 4072 datu
999 4006 1151 4072 diabolica
1171 4006 1386 4090 inspirationis,
1402 4003 1512 4070 carnali
1532 4001 1691 4088 cupiditate
1705 3998 1858 4066 ardentia.

308 4121 342 4188 ln
355 4124 430 4193 iub:
444 4123 559 4193 Halitus
572 4123 649 4208 ejus,
665 4123 721 4190 huc
736 4133 781 4190 est
796 4122 926 4204 Diaboli,
942 4141 1052 4207 prunas
1067 4124 1170 4191 ardere
1184 4123 1265 4190 lacit.
1836 4121 1840 4130 '

344 4420 391 4479 67.
411 4424 510 4478 Graeco
527 4423 664 4493 conceptu
679 4418 843 4476 subauditur
855 4420 932 4474 Deras
944 4435 1003 4474 nou
1015 4423 1055 4476 si·
1143 4415 1190 4472 78.
1210 4417 1275 4472 Luc.
1294 4431 1346 4484 111,
1365 4415 1411 4470 49.
1431 4445 1466 4457 -
1483 4413 1530 4468 79.
1550 4413 1599 4468 Ps.
1617 4425 1682 4480 bxv,
1704 4409 1748 4466 72.

309 4523 366 4567 net.
386 4510 439 4565 tot
455 4526 502 4582 xn,
521 4507 567 4567 27.
1147 4505 1193 4562 80.
1213 4505 1303 4561 Locus
1321 4507 1434 4562 Dantur.
1454 4503 1589 4558 hacianus
1608 4501 1695 4574 fugit.

345 4602 390 4658 68.
410 4603 459 4658 Pa.
478 4619 561 4672 nxxx,
578 4601 606 4658 7.
627 4629 663 4644 -
680 4599 724 4655 66.
743 4599 833 4655 Marc.
853 4613 893 4668 ur,
912 4595 958 4652 43.
1146 4593 1190 4650 81.
1212 4596 1350 4662 Ossc‘vn,
1369 4593 1398 4648 4.
1415 4590 1488 4647 mala
1507 4591 1631 4647 7467666.
1651 4601 1740 4661 nsque
1764 4589 1863 4642 omnia

344 4691 391 4746 70.
411 4693 446 4748 76.
466 4706 494 4763 u,
512 4691 559 4762 25,
579 4690 651 4748 mals
670 4692 776 4748 Esccb·
1113 4685 1193 4742 Oscae
1213 4684 1361 4756 quadrant.

345 4780 391 4838 71.
411 4779 478 4837 Luc.
497 4795 559 4850 1111,
579 4781 607 4836 8.
627 4776 814 4835 -727661,
835 4791 857 4847 1,
879 4775 921 4832 77.
1147 4773 1193 4831 82.
1213 4774 1261 4829 Ps.
1279 4788 1348 4842 nv11,
1366 4771 1395 4828 9.
1415 4801 1449 4813 -
1465 4769 1513 4825 83.
1533 4769 1634 4824 Matuta.
1655 4781 1725 4836 xvu,
1747 4762 1789 4820 lt.

346 4869 391 4926 73.
411 4869 512 4926 796666.
532 4884 571 4939 lv,
596 4867 638 4926 72.
1148 4863 1193 4920 84.
1213 4863 1261 4918 Ps.
1281 4877 1355 4930 oxu,
1374 4859 1407 4931 43
1426 4862 1506 4918 Rom.
1526 4872 1578 4928 xta,
1597 4855 1645 4912 29.

345 4959 565 5031 7l.liocle.1v,
588 4959 630 5017 72.
1147 4949 1194 5006 85.
1214 4951 1259 5007 Pa.
1279 4964 1348 5016 nvn,
1367 4948 1395 5004 9.

345 5047 392 5102 75.
413 5049 459 5105 Pa.
477 5063 523 5116 xv,
543 5049 570 5104 6.
590 5079 626 5092 -
641 5047 689 5103 76.
709 5047 745 5102 ls.
766 5059 795 5116 u,
818 5043 861 5100 la.
1148 5039 1193 5098 86.
1211 5043 1263 5098 966
1282 5054 1338 5106 nt,
1359 5037 1401 5094 72.
1415 5039 1453 5096 Et
1468 5039 1582 5096 comacli
1599 5037 1634 5105 Α,
1653 5045 1746 5108 greca
1764 5032 1863 5088 inroi-

345 5135 392 5190 77.
413 5135 467 5190 Pro
486 5138 596 5220 Emoda,
617 5139 729 5192 Dantur.
743 5150 783 5204 nv,
796 5133 850 5204 243
870 5129 995 5189 Malach.
1014 5143 1060 5199 m,
1113 5136 1226 5200 uantur,
1245 5134 1277 5186 ut
1295 5131 1324 5184 in
1342 5145 1421 5200 seqq.
1439 5127 1486 5198 87,
1507 5127 1600 5184 &uda
1622 5143 1641 5182 c
1659 5125 1788 5180 colors...
1809 5137 1865 5176 eac-

310 5227 339 5282 2.
362 5256 393 5268 -
414 5229 446 5281 in
465 5228 593 5282 Materia:
612 5227 675 5298 lpse
693 5228 728 5282 Α.
1115 5227 1234 5278 tincta...
1254 5220 1300 5290 88,
1320 5223 1347 5274 66
1365 5220 1410 5276 cel
1424 5223 1508 5290 prius
1526 5221 1715 5274 comminatio.
