4038 6088
818 515 944 580 CODEX
965 515 1053 580 SAEC.
1069 516 1115 580 -vl
1683 516 1739 580 eol

195 666 308 732 Rursus
328 665 499 748 ambiguum
520 675 566 756 est
596 664 678 748 prius
711 665 919 744 testimonium,
942 682 997 729 nee
1025 676 1073 729 sat
1102 665 1289 750 perspicuum
1321 668 1404 750 cujus
1432 667 1473 732 sit
1494 667 1585 732 ultera
1607 666 1659 732 illo
1679 666 1743 732 Ee-

193 773 323 856 pleeetu'e
344 773 426 854 fidei:
450 772 540 836 immo
562 789 670 837 numen
691 773 822 836 auctoris
843 772 962 838 ridetur
986 772 1125 837 omissum
1153 783 1222 856 post
1242 795 1359 862 anum,
1381 793 1416 839 uc
1437 776 1462 840 si
1483 775 1554 859 quid
1576 777 1605 839 in
1626 774 1674 840 his
1695 785 1743 841 te-

195 881 295 946 nebris
315 897 458 964 suspenso
478 880 556 962 stylo
578 889 699 961 tangere
720 879 817 962 liecurt,
839 880 972 963 suspicor
993 879 1036 944 ihi
1059 885 1200 947 omissum
1222 882 1314 948 luisse
1334 901 1438 949 nomen
1459 883 1629 961 Atleeuesii,
1643 901 1678 947 ae
1692 901 1744 947 no

196 989 244 1055 his
257 991 331 1074 eripi
346 989 586 1073 antiquissimum
610 987 648 1053 de
671 988 805 1072 symbolo
830 988 1032 1055 Athenesiano
1053 990 1263 1055 testimonium.
1287 990 1372 1056 litut
1391 998 1446 1071 est,
1469 991 1510 1055 nil
1532 991 1640 1056 elarius
1653 1008 1743 1073 quom

195 1115 270 1181 opus
291 1097 322 1163 S.
347 1097 492 1164 Ambrosii
515 1095 561 1161 De
581 1095 652 1160 boue
672 1098 783 1176 meus,
805 1095 884 1179 quod
904 1105 1001 1160 exstet
1023 1095 1137 1160 Petrol.
1159 1096 1225 1161 xlv
1246 1097 1302 1161 col.
1326 1096 1395 1161 lilll.

796 1329 965 1380 uorrrrs
999 1297 1197 1384 ensesue

753 1464 798 1514 ΕΤ
816 1423 980 1513 clvuunut'
992 1463 1086 1518 ersse
1101 1464 1191 1515 APOS

752 1587 964 1639 TOLORVM
989 1588 1041 1637 Iol·
1067 1588 1190 1639 EVAN

753 1711 1044 1764 GELIS‘I'ARVM
1067 1713 1189 1763 VNNE

753 1837 898 1888 usurus
938 1837 1103 1891 00RPORA
1141 1839 1189 1888 Ru

754 1963 1012 2019 QVIESGVN'I'

197 2166 316 2254 lilinum
337 2163 373 2230 cx
395 2165 494 2248 aliquo
522 2163 643 2229 latibulo
664 2165 814 2230 exoriatur
835 2173 924 2230 vetus
945 2164 1013 2230 illud
1037 2167 1233 2257 μνημόσυνον
1255 2169 1396 2246 locorum,
1419 2165 1469 2230 uhi
1484 2165 1746 2249 repeieseuutapo

195 2273 263 2342 stoli
278 2282 310 2340 et
321 2272 524 2356 evangelistae,
541 2289 600 2356 quo
623 2282 774 2356 tantopere
794 2274 977 2340 exsultarent
996 2273 1107 2358 quique
1126 2282 1262 2339 ueterum
1283 2291 1379 2339 rerum
1394 2273 1538 2338 studiosi!
1555 2270 1671 2336 Nemini
1686 2269 1744 2334 sel·

197 2388 255 2445 tem
271 2397 331 2446 non
353 2397 448 2463 graue
462 2379 519 2444 erit
534 2378 729 2444 testimonium
751 2398 871 2459 norum,
885 2381 946 2464 jem
961 2381 990 2445 in
1005 2391 1087 2446 unm
1102 2390 1261 2462 vetustus,
1277 2400 1332 2447 ceu
1346 2380 1455 2446 saeculo
1474 2386 1564 2458 suto,
1587 2378 1746 2442 solemnem
1775 2403 1783 2417 ·

196 2491 287 2557 luisse
302 2488 468 2573 hujusmodi
485 2487 665 2580 memoriam,
688 2505 723 2552 ec
743 2497 821 2553 certe
843 2489 919 2553 inter
939 2488 1062 2568 Gallias,
1085 2496 1117 2554 el
1137 2489 1312 2572 Lugdunum
1334 2507 1427 2572 usque
1441 2487 1642 2553 circumlatum
1656 2483 1747 2550 luisse

196 2597 331 2663 notitiem
349 2596 383 2660 eu
403 2595 558 2680 sepulchris
576 2595 704 2659 eremum
723 2593 953 2678 epeutelreorum,
977 2594 1076 2676 quella
1098 2597 1240 2680 publiceri
1262 2600 1397 2666 solebant
1418 2599 1450 2663 in
1470 2597 1596 2680 singulis
1615 2596 1748 2662 ecclesiis

196 2703 341 2788 diptycha
361 2702 399 2768 de
419 2703 568 2768 memoriis
588 2711 724 2769 veterum
743 2703 947 2786 episcoporum
961 2711 992 2766 et
1006 2713 1178 2790 martyrum.
1196 2708 1342 2775 caterona
1356 2727 1416 2775 non
1430 2709 1523 2791 liquet
1543 2706 1640 2789 qualis
1662 2705 1749 2772 luerit

198 2822 359 2877 memerato
383 2811 445 2876 illie
465 2811 589 2877 Notitie.
612 2812 691 2877 Sene
712 2828 771 2876 nou
791 2821 837 2876 est
853 2810 968 2876 libellus
987 2811 1031 2875 lle
1051 2814 1192 2896 spostolus
1211 2822 1238 2880 et
1257 2817 1417 2900 discipulis,
1440 2816 1514 2880 setis
1529 2813 1671 2896 prolixus,
1697 2813 1747 2894 qui

200 2920 311 2984 adenis
332 2919 541 3002 martyrologio
561 2919 735 3003 prefigitur.
758 2917 861 3000 Neque
887 2919 990 2984 hreris
1010 2921 1069 2984 erit
1088 2921 1285 3003 appendicula
1306 2923 1353 2987 De
1372 2927 1440 2988 uitis
1453 2919 1660 3005 apostolerum,
1682 2938 1748 3003 quas

197 3045 294 3112 graece
315 3038 345 3093 et
365 3027 457 3093 latine
478 3027 599 3092 lirasmo
620 3026 792 3091 occurrebat
812 3026 848 3092 ud
869 3027 978 3094 culeum
1000 3029 1221 3112 Hieronymiuni
1243 3030 1310 3095 lihri
1333 3031 1378 3094 lle
1403 3030 1479 3096 l'tru's
1498 3029 1669 3109 illustribus,
1686 3038 1747 3094 tum
1820 3009 1823 3016 ¹

197 3156 213 3201 a
238 3137 383 3203 vallarsio
404 3136 609 3216 redintegrata
631 3123 698 3219 post
718 3137 837 3214 longara
858 3130 1038 3198 oblivionem
1060 3132 1191 3210 (Petrel.
1214 3133 1319 3216 XXlll,
1344 3135 1399 3199 col.
1422 3135 1513 3212 illl).
1536 3132 1638 3216 Neque
1657 3133 1747 3198 etiarn

197 3247 347 3328 opinarer,
366 3246 444 3310 idem
460 3263 526 3310 esse
547 3263 634 3328 quum
656 3244 844 3309 Brentesium
864 3241 1060 3324 epostoleruru
1080 3261 1115 3304 ee
1135 3247 1247 3306 mutue
1267 3244 1312 3307 uel
1331 3244 1404 3309 loeis
1424 3244 1478 3310 ebu'
1495 3242 1744 3326 preadieeeeruut,

197 3354 245 3418 ubi
258 3355 316 3418 orti
330 3353 372 3418 eel
385 3354 540 3433 obesset,
557 3352 636 3435 quod
650 3349 793 3434 vulgavit
813 3349 1009 3426 Florentinus,
1025 3349 1055 3412 in
1076 3348 1178 3414 Vetust.
1196 3349 1293 3413 Occid.
1309 3349 1420 3413 Eccles.
1436 3347 1590 3432 umtyrol.
1607 3367 1636 3431 p.
1657 3348 1745 3412 lube.

199 3462 278 3541 Quid
299 3480 371 3527 vero
392 3461 590 3539 sentiendum,
613 3461 650 3527 de
670 3460 729 3524 alio
749 3457 889 3536 indiculo,
913 3475 999 3540 quem
1022 3456 1102 3522 idem
1124 3456 1311 3522 Florentinus
1332 3477 1362 3540 p.
1385 3458 1424 3522 lli
1445 3455 1523 3522 eruit
1542 3475 1578 3521 ex
1594 3455 1748 3522 uetustis-

198 3573 276 3637 simo
296 3571 407 3649 codice,
430 3570 485 3635 suh
507 3570 561 3635 hoe
584 3568 687 3634 titulo:
711 3567 829 3634 Notilu'e
849 3563 883 3628 ule
904 3563 975 3628 lecu's
994 3569 1159 3629 sensurum
1179 3563 1400 3647 epostoleruur?
1422 3562 1477 3628 Ubi
1497 3561 1655 3646 sepulture
1669 3562 1750 3627 locus

202 3685 373 3743 constanter
387 3676 586 3758 significatur.
604 3673 682 3739 Nihil
699 3673 819 3759 quidem
836 3672 883 3737 hie
896 3683 1029 3756 superest
1043 3673 1080 3738 de
1093 3673 1304 3752 Evangelistis:
1318 3693 1416 3740 nonne
1426 3692 1498 3739 vero
1510 3683 1624 3739 tuntum
1638 3672 1750 3738 neritia

201 3804 270 3864 pers
288 3785 369 3868 prior
382 3787 419 3848 ud
435 3783 632 3848 Florentinum
648 3782 825 3866 pervenerit,
842 3799 910 3864 pars
928 3798 1000 3847 uero
1016 3784 1158 3864 posterior
1169 3781 1322 3860 exciderit,
1338 3791 1391 3847 aut
1406 3781 1562 3865 querende
1576 3780 1673 3845 edhue
1686 3779 1749 3846 estl

199 3891 233 3958 ld
249 3894 354 3958 saltem
370 3891 437 3957 inde
450 3890 541 3957 velim
556 3890 677 3964 inieras,
698 3897 783 3955 ceute
802 3888 961 3953 admodum
982 3887 1231 3970 pronuntiandum
1254 3888 1326 3953 illud
1341 3907 1417 3968 esse,
1432 3887 1544 3951 seilicet
1559 3885 1640 3950 nullo
1656 3885 1749 3951 luleiri

202 4001 393 4065 fundamento
407 4007 542 4065 vetustas
556 3999 696 4064 Ecclesia
711 3999 891 4077 traditiones,
914 4013 1037 4080 querum
1059 3996 1202 4061 haetenus
1223 4013 1277 4061 nos
1298 3996 1363 4061 lons
1383 4002 1413 4060 et
1432 3994 1515 4076 erigo
1536 3992 1622 4075 fugit.
1638 3992 1681 4056 lix
1697 3992 1751 4057 hoc

199 4106 387 4186 diverticulo,
401 4114 532 4172 nostrum
550 4106 668 4172 tandem
681 4105 720 4170 ud
731 4104 906 4170 Eucherium
921 4103 1103 4169 redeundum
1118 4113 1173 4167 est.
1187 4102 1244 4166 Sed
1259 4103 1311 4166 uhs
1325 4119 1430 4166 renen
1444 4102 1509 4183 luit,
1523 4101 1553 4164 in
1565 4099 1620 4164 hac
1634 4098 1751 4180 epigra-

198 4194 257 4277 phe
273 4194 393 4260 haesisse
408 4213 454 4259 me
468 4194 622 4275 morosius,
639 4203 671 4258 ut
684 4193 761 4258 inter
777 4191 837 4256 elia
852 4192 882 4256 id
904 4193 1001 4275 pulum
1023 4191 1120 4268 lueret,
1142 4191 1171 4256 in
1193 4199 1287 4256 totum
1304 4191 1433 4257 urdicem
1455 4190 1571 4256 nonnisi
1593 4188 1750 4272 scriptores

198 4299 382 4386 synchronos
395 4299 564 4376 convenire,
578 4318 701 4382 quorum
715 4319 752 4365 ne
768 4299 844 4365 ullus
857 4299 976 4382 quidem
990 4317 1049 4364 nen
1063 4299 1213 4382 scripserit
1225 4310 1296 4367 ente
1307 4300 1431 4367 mediam
1441 4307 1567 4384 portem,
1580 4305 1632 4362 eut
1644 4295 1750 4362 sellem

197 4417 266 4473 aule
287 4418 397 4474 metum
418 4408 519 4473 saeculi
541 4408 590 4474 Vl.
1004 4399 1020 4426 ”¹

197 4621 249 4690 dit,
270 4620 352 4692 idque
376 4637 406 4674 se
425 4625 545 4676 testetur
566 4637 601 4674 sn
627 4619 747 4676 eliorum
773 4622 948 4676 sermonibus
1001 4623 1039 4675 mi
1058 4637 1184 4692 operum,
1204 4624 1310 4676 lenlum
1323 4621 1374 4675 hoe
1387 4621 1484 4675 hehel:
1506 4623 1574 4675 «De
1587 4620 1750 4674 haeresibus

198 4707 339 4779 accepisse
363 4710 404 4776 (in
427 4709 530 4765 Jerem.
550 4727 576 4764 o.
596 4709 653 4773 88r.
673 4711 778 4765 Verum
803 4713 852 4781 qui
876 4726 948 4764 nunc
1004 4711 1188 4777 Graecorum,
1208 4709 1383 4766 ludaeorum
1402 4721 1428 4766 st
1448 4710 1688 4775 Christianorum,
1703 4706 1752 4760 de·

199 4805 293 4854 exstet
310 4798 393 4869 liber,
410 4818 442 4856 eo
462 4799 546 4855 tilulo
558 4805 587 4854 el
599 4818 617 4855 e
631 4803 712 4856 eebu's
722 4811 864 4870 pestremo
876 4811 948 4856 teme
1002 4801 1071 4854 sinit
1089 4800 1117 4852 in
1136 4799 1293 4856 Tritheitis.
1314 4800 1439 4854 Hebetur
1457 4799 1491 4852 ed
1511 4796 1616 4854 calcem
1635 4795 1753 4850 ulterius

198 4891 373 4945 euehibeedus
393 4900 442 4959 est,
464 4889 665 4963 Hieronymum
684 4897 824 4943 euotorenr
844 4891 948 4944 menti·
1002 4906 1055 4944 ms.
1075 4889 1140 4944 libri
1166 4890 1198 4944 de
1225 4891 1318 4945 Gestis
1341 4906 1510 4945 summorum
1530 4888 1692 4960 pontificum
1719 4900 1753 4937 ex

200 4983 275 5033 tur.»
294 4978 368 5032 idem
387 4996 452 5034 vero
471 4979 504 5032 ed
524 4996 603 5033 suum
622 4990 806 5048 postremum,
821 4980 879 5034 sire
894 4997 947 5034 nn·
1001 4979 1031 5034 S.
1045 4979 1120 5033 Petri
1131 4977 1315 5034 Bibliotheca.
1326 4979 1398 5034 Vide
1411 4979 1572 5034 indiculum
1585 4981 1751 5041 haereseon,

198 5068 334 5123 decimum
349 5072 452 5124 tomum
467 5086 552 5141 quum
565 5069 675 5124 leudem
691 5070 874 5142 pervenisset,
889 5069 947 5123 exi·
1002 5085 1082 5141 quern
1095 5066 1223 5138 vulgeril
1235 5066 1277 5124 cl.
1291 5067 1453 5136 menardus,
1467 5067 1558 5123 Puris.
1577 5064 1673 5122 lere.»
1694 5067 1752 5120 Neo

199 5173 339 5228 guumque
349 5158 477 5230 exigeret
489 5157 648 5230 eelulogum
663 5157 797 5213 falsorum
812 5159 947 5230 Hierony·
1001 5158 1083 5230 plure
1101 5157 1271 5228 vallarsius,
1290 5159 1347 5214 vuli
1367 5160 1522 5214 immemor.
