<?xml version="1.0" encoding="UTF-8"?>
<!DOCTYPE html PUBLIC "-//W3C//DTD XHTML 1.0 Transitional//EN"
    "http://www.w3.org/TR/xhtml1/DTD/xhtml1-transitional.dtd">
<html xmlns="http://www.w3.org/1999/xhtml" xml:lang="en" lang="en">
 <head>
  <title>
</title>
<meta http-equiv="Content-Type" content="text/html;charset=utf-8" />
  <meta name='ocr-system' content='tesseract 3.04.00' />
  <meta name='ocr-capabilities' content='ocr_page ocr_carea ocr_par ocr_line ocrx_word'/>
</head>
<body>
  <div class='ocr_page' id='page_1' title='image "./analectasacrasp01pitrgoog_0500.png"; bbox 0 0 4044 6098; ppageno 0'>
   <div class='ocr_carea' id='block_1_1' title="bbox 878 529 1772 605">
    <p class='ocr_par' dir='ltr' id='par_1_1' title="bbox 878 529 1772 605">
     <span class='ocr_line' id='line_1_1' title="bbox 878 529 1772 605; baseline 0.009 -8"><span class='ocrx_word' id='word_1_1' title='bbox 878 529 918 598; x_wconf 87' lang='grc' dir='ltr'>ΙΝ</span> <span class='ocrx_word' id='word_1_2' title='bbox 940 531 1113 599; x_wconf 79' lang='lat' dir='ltr'>rsrnuus</span> <span class='ocrx_word' id='word_1_3' title='bbox 1715 540 1772 605; x_wconf 74' lang='lat' dir='ltr'>tlt</span> 
     </span>
    </p>
   </div>
   <div class='ocr_carea' id='block_1_2' title="bbox 220 683 1772 1030">
    <p class='ocr_par' dir='ltr' id='par_1_2' title="bbox 220 683 1772 1030">
     <span class='ocr_line' id='line_1_2' title="bbox 221 683 1772 763; baseline 0.004 -21"><span class='ocrx_word' id='word_1_4' title='bbox 221 691 334 760; x_wconf 84' lang='lat' dir='ltr'>sperato</span> <span class='ocrx_word' id='word_1_5' title='bbox 354 683 454 741; x_wconf 88' lang='lat' dir='ltr'>titulo:</span> <span class='ocrx_word' id='word_1_6' title='bbox 474 686 579 757; x_wconf 76' lang='lat' dir='ltr'><strong><em>Incipit</em></strong></span> <span class='ocrx_word' id='word_1_7' title='bbox 603 689 841 758; x_wconf 70' lang='lat' dir='ltr'>expositionem·</span> <span class='ocrx_word' id='word_1_8' title='bbox 863 687 969 744; x_wconf 83' lang='lat' dir='ltr'>Hiero·</span> <span class='ocrx_word' id='word_1_9' title='bbox 1022 689 1523 763; x_wconf 79' lang='lat' dir='ltr'>nysiiAreop.,Ephreemi,Eusebii,</span> <span class='ocrx_word' id='word_1_10' title='bbox 1536 691 1772 762; x_wconf 84' lang='lat' dir='ltr'>isidori,loanuis</span> 
     </span>
     <span class='ocr_line' id='line_1_3' title="bbox 220 775 1771 854; baseline 0.003 -22"><span class='ocrx_word' id='word_1_11' title='bbox 220 781 303 850; x_wconf 73' lang='lat' dir='ltr'>nyma·</span> <span class='ocrx_word' id='word_1_12' title='bbox 313 793 400 847; x_wconf 79' lang='lat' dir='ltr'>super</span> <span class='ocrx_word' id='word_1_13' title='bbox 409 775 591 847; x_wconf 75' lang='lat' dir='ltr'><strong><em>psalterium.</em></strong></span> <span class='ocrx_word' id='word_1_14' title='bbox 605 778 672 843; x_wconf 81' lang='lat' dir='ltr'>Quae</span> <span class='ocrx_word' id='word_1_15' title='bbox 685 775 792 842; x_wconf 76' lang='lat' dir='ltr'>scholia</span> <span class='ocrx_word' id='word_1_16' title='bbox 811 775 900 831; x_wconf 85' lang='lat' dir='ltr'>latine</span> <span class='ocrx_word' id='word_1_17' title='bbox 917 795 968 850; x_wconf 82' lang='lat' dir='ltr'>per</span> <span class='ocrx_word' id='word_1_18' title='bbox 1022 779 1330 852; x_wconf 74' lang='lat' dir='ltr'>Damasceni,MaxImi,</span> <span class='ocrx_word' id='word_1_19' title='bbox 1342 781 1411 852; x_wconf 92' lang='lat' dir='ltr'>Nili,</span> <span class='ocrx_word' id='word_1_20' title='bbox 1422 783 1566 854; x_wconf 77' lang='lat' dir='ltr'>origenis,</span> <span class='ocrx_word' id='word_1_21' title='bbox 1578 781 1706 837; x_wconf 87' lang='lat' dir='ltr'>Philonis</span> <span class='ocrx_word' id='word_1_22' title='bbox 1716 787 1771 840; x_wconf 89' lang='lat' dir='ltr'>etc.</span> 
     </span>
     <span class='ocr_line' id='line_1_4' title="bbox 220 868 1772 944; baseline 0.001 -20"><span class='ocrx_word' id='word_1_23' title='bbox 220 868 362 940; x_wconf 82' lang='lat' dir='ltr'>margines</span> <span class='ocrx_word' id='word_1_24' title='bbox 381 871 507 930; x_wconf 83' lang='lat' dir='ltr'>currunt,</span> <span class='ocrx_word' id='word_1_25' title='bbox 526 884 689 940; x_wconf 73' lang='lat' dir='ltr'><strong>semperque</strong></span> <span class='ocrx_word' id='word_1_26' title='bbox 708 868 810 938; x_wconf 77' lang='lat' dir='ltr'>graecis</span> <span class='ocrx_word' id='word_1_27' title='bbox 828 871 967 938; x_wconf 75' lang='lat' dir='ltr'>praeeunt.</span> <span class='ocrx_word' id='word_1_28' title='bbox 1021 868 1116 926; x_wconf 89' lang='lat' dir='ltr'>eadem</span> <span class='ocrx_word' id='word_1_29' title='bbox 1127 887 1211 942; x_wconf 89' lang='lat' dir='ltr'>porro</span> <span class='ocrx_word' id='word_1_30' title='bbox 1224 887 1306 943; x_wconf 92' lang='lat' dir='ltr'>quam</span> <span class='ocrx_word' id='word_1_31' title='bbox 1318 871 1390 944; x_wconf 85' lang='lat' dir='ltr'>apud</span> <span class='ocrx_word' id='word_1_32' title='bbox 1403 874 1530 927; x_wconf 84' lang='lat' dir='ltr'>Nicetam</span> <span class='ocrx_word' id='word_1_33' title='bbox 1550 873 1708 941; x_wconf 79' lang='lat' dir='ltr'>serrarum,</span> <span class='ocrx_word' id='word_1_34' title='bbox 1723 873 1772 927; x_wconf 84' lang='lat' dir='ltr'>sed</span> 
     </span>
     <span class='ocr_line' id='line_1_5' title="bbox 220 955 1771 1030; baseline 0.006 -21"><span class='ocrx_word' id='word_1_35' title='bbox 220 958 351 1024; x_wconf 84' lang='lat' dir='ltr'>Quamvis</span> <span class='ocrx_word' id='word_1_36' title='bbox 361 956 433 1012; x_wconf 88' lang='lat' dir='ltr'>male</span> <span class='ocrx_word' id='word_1_37' title='bbox 447 957 565 1012; x_wconf 73' lang='lat' dir='ltr'>feriatus</span> <span class='ocrx_word' id='word_1_38' title='bbox 575 955 677 1028; x_wconf 82' lang='lat' dir='ltr'>aliquis</span> <span class='ocrx_word' id='word_1_39' title='bbox 687 975 796 1013; x_wconf 90' lang='lat' dir='ltr'>omnem</span> <span class='ocrx_word' id='word_1_40' title='bbox 808 958 905 1029; x_wconf 87' lang='lat' dir='ltr'>primae</span> <span class='ocrx_word' id='word_1_41' title='bbox 916 975 967 1030; x_wconf 85' lang='lat' dir='ltr'>pa·</span> <span class='ocrx_word' id='word_1_42' title='bbox 1020 975 1082 1014; x_wconf 85' lang='lat' dir='ltr'>cum</span> <span class='ocrx_word' id='word_1_43' title='bbox 1101 959 1186 1015; x_wconf 83' lang='lat' dir='ltr'>solita</span> <span class='ocrx_word' id='word_1_44' title='bbox 1200 961 1364 1017; x_wconf 83' lang='lat' dir='ltr'>Catenarum</span> <span class='ocrx_word' id='word_1_45' title='bbox 1377 962 1520 1017; x_wconf 82' lang='lat' dir='ltr'>varietate.</span> <span class='ocrx_word' id='word_1_46' title='bbox 1534 962 1577 1016; x_wconf 86' lang='lat' dir='ltr'>Ad</span> <span class='ocrx_word' id='word_1_47' title='bbox 1597 960 1701 1017; x_wconf 91' lang='lat' dir='ltr'>calcem</span> <span class='ocrx_word' id='word_1_48' title='bbox 1716 979 1771 1017; x_wconf 86' lang='lat' dir='ltr'>ex-</span> 
     </span>
    </p>
   </div>
   <div class='ocr_carea' id='block_1_3' title="bbox 137 1045 1766 1120">
    <p class='ocr_par' dir='ltr' id='par_1_3' title="bbox 137 1045 1766 1120">
     <span class='ocr_line' id='line_1_6' title="bbox 137 1045 1766 1120; baseline 0.002 -18"><span class='ocrx_word' id='word_1_49' title='bbox 137 1075 141 1084; x_wconf 95' lang='lat'>·</span> <span class='ocrx_word' id='word_1_50' title='bbox 221 1049 297 1120; x_wconf 86' lang='lat' dir='ltr'>ginee</span> <span class='ocrx_word' id='word_1_51' title='bbox 308 1048 462 1119; x_wconf 86' lang='lat' dir='ltr'>marginem</span> <span class='ocrx_word' id='word_1_52' title='bbox 473 1047 595 1119; x_wconf 81' lang='lat' dir='ltr'>pessimo</span> <span class='ocrx_word' id='word_1_53' title='bbox 606 1047 968 1118; x_wconf 80' lang='lat' dir='ltr'>toxicodeleverit,caetera-</span> <span class='ocrx_word' id='word_1_54' title='bbox 1020 1053 1096 1104; x_wconf 87' lang='lat' dir='ltr'>etant</span> <span class='ocrx_word' id='word_1_55' title='bbox 1120 1067 1212 1120; x_wconf 81' lang='lat' dir='ltr'>graece</span> <span class='ocrx_word' id='word_1_56' title='bbox 1237 1053 1265 1104; x_wconf 89' lang='lat' dir='ltr'>et</span> <span class='ocrx_word' id='word_1_57' title='bbox 1287 1049 1374 1104; x_wconf 87' lang='lat' dir='ltr'>latine</span> <span class='ocrx_word' id='word_1_58' title='bbox 1397 1045 1457 1105; x_wconf 81' lang='lat' dir='ltr'>sine</span> <span class='ocrx_word' id='word_1_59' title='bbox 1482 1050 1540 1106; x_wconf 92' lang='lat' dir='ltr'>ullo</span> <span class='ocrx_word' id='word_1_60' title='bbox 1566 1054 1766 1106; x_wconf 85' lang='lat' dir='ltr'>commentario</span> 
     </span>
    </p>
   </div>
   <div class='ocr_carea' id='block_1_4' title="bbox 104 1943 964 2040">
    <p class='ocr_par' dir='ltr' id='par_1_4' title="bbox 104 1943 964 2040">
     <span class='ocr_line' id='line_1_7' title="bbox 104 1943 964 2040; baseline 0.005 -42"><span class='ocrx_word' id='word_1_61' title='bbox 104 2019 114 2040; x_wconf 42' lang='grc' dir='ltr'><strong><em>ο</em></strong></span> <span class='ocrx_word' id='word_1_62' title='bbox 147 1957 148 1962; x_wconf 72' lang='grc'>’</span> <span class='ocrx_word' id='word_1_63' title='bbox 219 1943 308 2001; x_wconf 83' lang='lat' dir='ltr'>eltero</span> <span class='ocrx_word' id='word_1_64' title='bbox 322 1945 608 2018; x_wconf 82' lang='lat' dir='ltr'>Pseudo-Hieronymi</span> <span class='ocrx_word' id='word_1_65' title='bbox 621 1947 818 2003; x_wconf 78' lang='lat' dir='ltr'>Breviorioin</span> <span class='ocrx_word' id='word_1_66' title='bbox 831 1947 964 2016; x_wconf 77' lang='lat' dir='ltr'>psalmos,</span> 
     </span>
    </p>
   </div>
   <div class='ocr_carea' id='block_1_5' title="bbox 219 1135 1771 1927">
    <p class='ocr_par' dir='ltr' id='par_1_5' title="bbox 219 1135 1771 1927">
     <span class='ocr_line' id='line_1_8' title="bbox 222 1135 1766 1212; baseline 0.001 -20"><span class='ocrx_word' id='word_1_67' title='bbox 222 1155 275 1210; x_wconf 91' lang='lat' dir='ltr'>que</span> <span class='ocrx_word' id='word_1_68' title='bbox 296 1137 483 1192; x_wconf 87' lang='lat' dir='ltr'>minutissimo</span> <span class='ocrx_word' id='word_1_69' title='bbox 502 1137 664 1191; x_wconf 83' lang='lat' dir='ltr'>charactere</span> <span class='ocrx_word' id='word_1_70' title='bbox 681 1135 777 1192; x_wconf 85' lang='lat' dir='ltr'>oculos</span> <span class='ocrx_word' id='word_1_71' title='bbox 798 1136 967 1206; x_wconf 77' lang='lat' dir='ltr'>deterreant,</span> <span class='ocrx_word' id='word_1_72' title='bbox 1020 1139 1129 1194; x_wconf 89' lang='lat' dir='ltr'>cantica</span> <span class='ocrx_word' id='word_1_73' title='bbox 1143 1139 1179 1206; x_wconf 91' lang='lat' dir='ltr'>X,</span> <span class='ocrx_word' id='word_1_74' title='bbox 1192 1141 1338 1212; x_wconf 78' lang='lat' dir='ltr'>praemisso</span> <span class='ocrx_word' id='word_1_75' title='bbox 1351 1157 1392 1212; x_wconf 83' lang='lat' dir='ltr'>ps.</span> <span class='ocrx_word' id='word_1_76' title='bbox 1407 1139 1471 1211; x_wconf 84' lang='lat' dir='ltr'>CLI,</span> <span class='ocrx_word' id='word_1_77' title='bbox 1486 1145 1514 1196; x_wconf 87' lang='lat' dir='ltr'>ei</span> <span class='ocrx_word' id='word_1_78' title='bbox 1526 1140 1627 1195; x_wconf 85' lang='lat' dir='ltr'>additis</span> <span class='ocrx_word' id='word_1_79' title='bbox 1640 1143 1766 1196; x_wconf 88' lang='lat' dir='ltr'>oratione</span> 
     </span>
     <span class='ocr_line' id='line_1_9' title="bbox 221 1223 1769 1300; baseline 0.002 -19"><span class='ocrx_word' id='word_1_80' title='bbox 221 1227 286 1299; x_wconf 90' lang='lat' dir='ltr'>quid</span> <span class='ocrx_word' id='word_1_81' title='bbox 307 1226 352 1280; x_wconf 92' lang='lat' dir='ltr'>hic</span> <span class='ocrx_word' id='word_1_82' title='bbox 371 1223 468 1294; x_wconf 84' lang='lat' dir='ltr'>lateat,</span> <span class='ocrx_word' id='word_1_83' title='bbox 487 1223 556 1280; x_wconf 87' lang='lat' dir='ltr'>mihi</span> <span class='ocrx_word' id='word_1_84' title='bbox 575 1226 753 1296; x_wconf 88' lang='lat' dir='ltr'>perspicuum</span> <span class='ocrx_word' id='word_1_85' title='bbox 772 1227 825 1279; x_wconf 89' lang='lat' dir='ltr'>est.</span> <span class='ocrx_word' id='word_1_86' title='bbox 844 1227 914 1280; x_wconf 86' lang='lat' dir='ltr'>Nam</span> <span class='ocrx_word' id='word_1_87' title='bbox 933 1243 967 1281; x_wconf 86' lang='lat' dir='ltr'>ex</span> <span class='ocrx_word' id='word_1_88' title='bbox 1022 1227 1173 1294; x_wconf 86' lang='lat' dir='ltr'>Dominica,</span> <span class='ocrx_word' id='word_1_89' title='bbox 1193 1227 1317 1300; x_wconf 75' lang='lat' dir='ltr'>symbolo</span> <span class='ocrx_word' id='word_1_90' title='bbox 1340 1229 1392 1284; x_wconf 82' lang='grc' dir='ltr'>ΟΡ.</span> <span class='ocrx_word' id='word_1_91' title='bbox 1412 1234 1441 1283; x_wconf 89' lang='lat' dir='ltr'>et</span> <span class='ocrx_word' id='word_1_92' title='bbox 1457 1228 1658 1300; x_wconf 78' lang='lat' dir='ltr'>Athanasiano,</span> <span class='ocrx_word' id='word_1_93' title='bbox 1679 1229 1769 1284; x_wconf 80' lang='lat' dir='ltr'>dcxc-</span> 
     </span>
     <span class='ocr_line' id='line_1_10' title="bbox 221 1310 1616 1389; baseline 0.001 -19"><span class='ocrx_word' id='word_1_94' title='bbox 221 1319 340 1389; x_wconf 83' lang='lat' dir='ltr'>quatuor</span> <span class='ocrx_word' id='word_1_95' title='bbox 353 1313 642 1386; x_wconf 80' lang='lat' dir='ltr'>Pseudo-Hieronymi</span> <span class='ocrx_word' id='word_1_96' title='bbox 655 1314 886 1386; x_wconf 77' lang='lat' dir='ltr'>expositionibus,</span> <span class='ocrx_word' id='word_1_97' title='bbox 898 1331 966 1386; x_wconf 86' lang='lat' dir='ltr'>quas</span> <span class='ocrx_word' id='word_1_98' title='bbox 1021 1310 1098 1383; x_wconf 86' lang='lat' dir='ltr'>logia</span> <span class='ocrx_word' id='word_1_99' title='bbox 1116 1312 1255 1383; x_wconf 82' lang='lat' dir='ltr'>angelica,</span> <span class='ocrx_word' id='word_1_100' title='bbox 1276 1318 1304 1367; x_wconf 87' lang='lat' dir='ltr'>et</span> <span class='ocrx_word' id='word_1_101' title='bbox 1323 1314 1432 1368; x_wconf 88' lang='lat' dir='ltr'>cantico</span> <span class='ocrx_word' id='word_1_102' title='bbox 1456 1315 1493 1370; x_wconf 84' lang='lat' dir='ltr'>Te</span> <span class='ocrx_word' id='word_1_103' title='bbox 1512 1317 1616 1372; x_wconf 82' lang='lat' dir='ltr'>Deum.</span> 
     </span>
     <span class='ocr_line' id='line_1_11' title="bbox 221 1400 1771 1478; baseline -0.001 -18"><span class='ocrx_word' id='word_1_104' title='bbox 221 1403 380 1461; x_wconf 75' lang='lat' dir='ltr'>vallarsius</span> <span class='ocrx_word' id='word_1_105' title='bbox 392 1405 427 1457; x_wconf 91' lang='lat' dir='ltr'>ad</span> <span class='ocrx_word' id='word_1_106' title='bbox 439 1401 545 1457; x_wconf 77' lang='lat' dir='ltr'>calcem</span> <span class='ocrx_word' id='word_1_107' title='bbox 559 1406 579 1460; x_wconf 88' lang='lat' dir='ltr'>t.</span> <span class='ocrx_word' id='word_1_108' title='bbox 593 1404 642 1459; x_wconf 95' lang='lat' dir='ltr'>Vll</span> <span class='ocrx_word' id='word_1_109' title='bbox 654 1405 758 1475; x_wconf 83' lang='lat' dir='ltr'>partim</span> <span class='ocrx_word' id='word_1_110' title='bbox 771 1403 896 1476; x_wconf 83' lang='lat' dir='ltr'>collegit,</span> <span class='ocrx_word' id='word_1_111' title='bbox 910 1421 967 1459; x_wconf 86' lang='lat' dir='ltr'>ma·</span> <span class='ocrx_word' id='word_1_112' title='bbox 1056 1401 1148 1456; x_wconf 85' lang='lat' dir='ltr'>Rarus</span> <span class='ocrx_word' id='word_1_113' title='bbox 1168 1400 1319 1456; x_wconf 78' lang='lat' dir='ltr'>(ilementIs</span> <span class='ocrx_word' id='word_1_114' title='bbox 1331 1402 1512 1457; x_wconf 79' lang='lat' dir='ltr'>Alexandrini</span> <span class='ocrx_word' id='word_1_115' title='bbox 1526 1403 1615 1473; x_wconf 87' lang='lat' dir='ltr'>Iocus,</span> <span class='ocrx_word' id='word_1_116' title='bbox 1628 1423 1711 1478; x_wconf 87' lang='lat' dir='ltr'>quem</span> <span class='ocrx_word' id='word_1_117' title='bbox 1723 1422 1771 1459; x_wconf 85' lang='lat' dir='ltr'>eu·</span> 
     </span>
     <span class='ocr_line' id='line_1_12' title="bbox 221 1488 1766 1567; baseline 0.003 -18"><span class='ocrx_word' id='word_1_118' title='bbox 221 1493 355 1550; x_wconf 82' lang='lat' dir='ltr'>nitentum</span> <span class='ocrx_word' id='word_1_119' title='bbox 368 1497 412 1548; x_wconf 86' lang='lat' dir='ltr'>est</span> <span class='ocrx_word' id='word_1_120' title='bbox 423 1497 546 1549; x_wconf 77' lang='lat' dir='ltr'>nostrum</span> <span class='ocrx_word' id='word_1_121' title='bbox 557 1510 618 1547; x_wconf 85' lang='lat' dir='ltr'>esse</span> <span class='ocrx_word' id='word_1_122' title='bbox 629 1492 732 1548; x_wconf 80' lang='lat' dir='ltr'>exiliis</span> <span class='ocrx_word' id='word_1_123' title='bbox 744 1495 868 1563; x_wconf 80' lang='lat' dir='ltr'>tertIam,</span> <span class='ocrx_word' id='word_1_124' title='bbox 884 1510 967 1567; x_wconf 83' lang='lat' dir='ltr'>quarn</span> <span class='ocrx_word' id='word_1_125' title='bbox 1020 1507 1071 1560; x_wconf 81' lang='lat' dir='ltr'>pre</span> <span class='ocrx_word' id='word_1_126' title='bbox 1089 1490 1214 1544; x_wconf 86' lang='lat' dir='ltr'>dedimus</span> <span class='ocrx_word' id='word_1_127' title='bbox 1234 1509 1263 1562; x_wconf 87' lang='lat' dir='ltr'>p.</span> <span class='ocrx_word' id='word_1_128' title='bbox 1283 1488 1336 1544; x_wconf 83' lang='lat'>347</span> <span class='ocrx_word' id='word_1_129' title='bbox 1355 1507 1410 1546; x_wconf 92' lang='lat' dir='ltr'>non</span> <span class='ocrx_word' id='word_1_130' title='bbox 1429 1495 1537 1546; x_wconf 82' lang='lat' dir='ltr'>tantmn</span> <span class='ocrx_word' id='word_1_131' title='bbox 1555 1493 1642 1548; x_wconf 85' lang='lat' dir='ltr'>eemel</span> <span class='ocrx_word' id='word_1_132' title='bbox 1661 1495 1690 1547; x_wconf 92' lang='lat' dir='ltr'>in</span> <span class='ocrx_word' id='word_1_133' title='bbox 1703 1496 1766 1552; x_wconf 87' lang='lat' dir='ltr'>cod.</span> 
     </span>
     <span class='ocr_line' id='line_1_13' title="bbox 221 1575 1766 1656; baseline 0.006 -26"><span class='ocrx_word' id='word_1_134' title='bbox 221 1586 327 1656; x_wconf 65' lang='lat' dir='ltr'>primun</span> <span class='ocrx_word' id='word_1_135' title='bbox 346 1583 452 1640; x_wconf 75' lang='lat' dir='ltr'>detexit</span> <span class='ocrx_word' id='word_1_136' title='bbox 471 1583 668 1652; x_wconf 77' lang='lat' dir='ltr'>Mertienaeun;</span> <span class='ocrx_word' id='word_1_137' title='bbox 681 1601 713 1638; x_wconf 76' lang='lat' dir='ltr'>ao</span> <span class='ocrx_word' id='word_1_138' title='bbox 725 1584 849 1656; x_wconf 69' lang='lat' dir='ltr'>proinde,</span> <span class='ocrx_word' id='word_1_139' title='bbox 863 1589 968 1655; x_wconf 73' lang='lat' dir='ltr'>praeter</span> <span class='ocrx_word' id='word_1_140' title='bbox 1020 1575 1061 1633; x_wconf 84' lang='lat' dir='ltr'>fol</span> <span class='ocrx_word' id='word_1_141' title='bbox 1079 1575 1126 1646; x_wconf 74' lang='lat'>23,</span> <span class='ocrx_word' id='word_1_142' title='bbox 1146 1579 1194 1632; x_wconf 79' lang='lat' dir='ltr'>ned</span> <span class='ocrx_word' id='word_1_143' title='bbox 1212 1579 1256 1632; x_wconf 77' lang='lat' dir='ltr'>bie</span> <span class='ocrx_word' id='word_1_144' title='bbox 1274 1579 1372 1635; x_wconf 66' lang='lat' dir='ltr'>obvius</span> <span class='ocrx_word' id='word_1_145' title='bbox 1385 1584 1468 1648; x_wconf 73' lang='lat' dir='ltr'>estet,</span> <span class='ocrx_word' id='word_1_146' title='bbox 1489 1581 1543 1634; x_wconf 82' lang='lat' dir='ltr'>nini</span> <span class='ocrx_word' id='word_1_147' title='bbox 1564 1581 1662 1637; x_wconf 77' lang='lat' dir='ltr'>folium</span> <span class='ocrx_word' id='word_1_148' title='bbox 1681 1600 1766 1639; x_wconf 83' lang='lat' dir='ltr'>unum</span> 
     </span>
     <span class='ocr_line' id='line_1_14' title="bbox 219 1664 1770 1747; baseline -0.002 -17"><span class='ocrx_word' id='word_1_149' title='bbox 219 1675 302 1730; x_wconf 82' lang='lat' dir='ltr'>breve</span> <span class='ocrx_word' id='word_1_150' title='bbox 313 1677 479 1747; x_wconf 85' lang='lat' dir='ltr'>prooemium</span> <span class='ocrx_word' id='word_1_151' title='bbox 489 1677 518 1728; x_wconf 89' lang='lat' dir='ltr'>et</span> <span class='ocrx_word' id='word_1_152' title='bbox 527 1673 738 1730; x_wconf 82' lang='lat' dir='ltr'>mutilaschoIIa</span> <span class='ocrx_word' id='word_1_153' title='bbox 749 1676 776 1728; x_wconf 92' lang='lat' dir='ltr'>in</span> <span class='ocrx_word' id='word_1_154' title='bbox 785 1692 826 1747; x_wconf 88' lang='lat' dir='ltr'>ps.</span> <span class='ocrx_word' id='word_1_155' title='bbox 834 1675 856 1743; x_wconf 88' lang='lat' dir='ltr'>I,</span> <span class='ocrx_word' id='word_1_156' title='bbox 863 1675 965 1746; x_wconf 88' lang='lat' dir='ltr'>V,Vll,</span> <span class='ocrx_word' id='word_1_157' title='bbox 1020 1671 1084 1739; x_wconf 88' lang='lat' dir='ltr'>post</span> <span class='ocrx_word' id='word_1_158' title='bbox 1102 1664 1139 1720; x_wconf 79' lang='lat'>25</span> <span class='ocrx_word' id='word_1_159' title='bbox 1157 1667 1319 1722; x_wconf 78' lang='lat' dir='ltr'>excidisset.</span> <span class='ocrx_word' id='word_1_160' title='bbox 1334 1667 1419 1739; x_wconf 87' lang='lat' dir='ltr'>Cujus</span> <span class='ocrx_word' id='word_1_161' title='bbox 1432 1671 1582 1725; x_wconf 81' lang='lat' dir='ltr'>varietates</span> <span class='ocrx_word' id='word_1_162' title='bbox 1595 1671 1728 1727; x_wconf 87' lang='lat' dir='ltr'>accedant</span> <span class='ocrx_word' id='word_1_163' title='bbox 1740 1674 1770 1726; x_wconf 93' lang='lat' dir='ltr'>in</span> 
     </span>
     <span class='ocr_line' id='line_1_15' title="bbox 219 1756 1770 1835; baseline -0.004 -13"><span class='ocrx_word' id='word_1_164' title='bbox 219 1765 270 1833; x_wconf 88' lang='lat' dir='ltr'>IX,</span> <span class='ocrx_word' id='word_1_165' title='bbox 282 1763 406 1834; x_wconf 80' lang='lat' dir='ltr'>LXXVI,</span> <span class='ocrx_word' id='word_1_166' title='bbox 420 1763 557 1834; x_wconf 91' lang='lat' dir='ltr'>LXXVII,</span> <span class='ocrx_word' id='word_1_167' title='bbox 571 1763 719 1834; x_wconf 83' lang='lat' dir='ltr'>LXXVIII,</span> <span class='ocrx_word' id='word_1_168' title='bbox 735 1765 859 1834; x_wconf 84' lang='lat' dir='ltr'>CXXXI,</span> <span class='ocrx_word' id='word_1_169' title='bbox 872 1764 965 1835; x_wconf 87' lang='lat' dir='ltr'>CXLI,</span> <span class='ocrx_word' id='word_1_170' title='bbox 1019 1757 1191 1826; x_wconf 86' lang='lat' dir='ltr'>coronidem,</span> <span class='ocrx_word' id='word_1_171' title='bbox 1211 1756 1284 1811; x_wconf 90' lang='lat' dir='ltr'>haud</span> <span class='ocrx_word' id='word_1_172' title='bbox 1303 1757 1364 1811; x_wconf 87' lang='lat' dir='ltr'>sine</span> <span class='ocrx_word' id='word_1_173' title='bbox 1383 1757 1517 1813; x_wconf 91' lang='lat' dir='ltr'>nonnullo</span> <span class='ocrx_word' id='word_1_174' title='bbox 1533 1761 1717 1832; x_wconf 84' lang='lat' dir='ltr'>incremento,</span> <span class='ocrx_word' id='word_1_175' title='bbox 1736 1778 1770 1816; x_wconf 86' lang='lat' dir='ltr'>ex</span> 
     </span>
     <span class='ocr_line' id='line_1_16' title="bbox 221 1844 1314 1927; baseline 0.009 -19"><span class='ocrx_word' id='word_1_176' title='bbox 221 1859 249 1910; x_wconf 89' lang='lat' dir='ltr'>et</span> <span class='ocrx_word' id='word_1_177' title='bbox 268 1854 403 1910; x_wconf 86' lang='lat' dir='ltr'>nonnulle</span> <span class='ocrx_word' id='word_1_178' title='bbox 422 1871 484 1927; x_wconf 85' lang='lat' dir='ltr'>quae</span> <span class='ocrx_word' id='word_1_179' title='bbox 503 1855 745 1910; x_wconf 78' lang='lat' dir='ltr'>communierunt</span> <span class='ocrx_word' id='word_1_180' title='bbox 766 1873 828 1910; x_wconf 91' lang='lat' dir='ltr'>cum</span> <span class='ocrx_word' id='word_1_181' title='bbox 853 1854 965 1926; x_wconf 79' lang='lat' dir='ltr'>vulgato</span> <span class='ocrx_word' id='word_1_182' title='bbox 1020 1844 1136 1913; x_wconf 82' lang='lat' dir='ltr'>r01.23,</span> <span class='ocrx_word' id='word_1_183' title='bbox 1157 1845 1212 1903; x_wconf 81' lang='lat'><strong>⁰0¹·</strong></span> <span class='ocrx_word' id='word_1_184' title='bbox 1233 1844 1260 1918; x_wconf 84' lang='lat'>3,</span> <span class='ocrx_word' id='word_1_185' title='bbox 1280 1845 1314 1900; x_wconf 72' lang='lat'>4²</span> 
     </span>
    </p>
   </div>
   <div class='ocr_carea' id='block_1_6' title="bbox 1121 1983 1655 2060">
    <p class='ocr_par' dir='ltr' id='par_1_6' title="bbox 1121 1983 1655 2060">
     <span class='ocr_line' id='line_1_17' title="bbox 1121 1983 1655 2060; baseline 0.009 -25"><span class='ocrx_word' id='word_1_186' title='bbox 1121 1983 1209 2054; x_wconf 75' lang='grc' dir='ltr'><strong>Ἧμεῒς</strong></span> <span class='ocrx_word' id='word_1_187' title='bbox 1229 1987 1254 2036; x_wconf 80' lang='lat' dir='ltr'>di</span> <span class='ocrx_word' id='word_1_188' title='bbox 1274 1986 1356 2043; x_wconf 69' lang='grc' dir='ltr'>ἐπειδὴ</span> <span class='ocrx_word' id='word_1_189' title='bbox 1377 1991 1433 2056; x_wconf 75' lang='grc' dir='ltr'>περὶ</span> <span class='ocrx_word' id='word_1_190' title='bbox 1451 1987 1655 2060; x_wconf 76' lang='grc' dir='ltr'><strong>παιδαγωγίας...</strong></span> 
     </span>
    </p>
   </div>
   <div class='ocr_carea' id='block_1_7' title="bbox 254 2076 1578 2199">
    <p class='ocr_par' dir='ltr' id='par_1_7' title="bbox 254 2076 1578 2199">
     <span class='ocr_line' id='line_1_18' title="bbox 254 2076 1578 2199; baseline -0.029 -32"><span class='ocrx_word' id='word_1_191' title='bbox 254 2125 297 2181; x_wconf 73' lang='grc' dir='ltr'>Λᾶ</span> <span class='ocrx_word' id='word_1_192' title='bbox 318 2141 411 2196; x_wconf 57' lang='lat' dir='ltr'>gpaeffi</span> <span class='ocrx_word' id='word_1_193' title='bbox 434 2125 542 2180; x_wconf 57' lang='lat' dir='ltr'><strong>scholia</strong></span> <span class='ocrx_word' id='word_1_194' title='bbox 568 2125 640 2197; x_wconf 72' lang='lat' dir='ltr'><strong>quod</strong></span> <span class='ocrx_word' id='word_1_195' title='bbox 664 2130 789 2196; x_wconf 52' lang='lat' dir='ltr'>spectat,</span> <span class='ocrx_word' id='word_1_196' title='bbox 809 2143 871 2199; x_wconf 62' lang='lat' dir='ltr'>quae</span> <span class='ocrx_word' id='word_1_197' title='bbox 891 2125 966 2181; x_wconf 59' lang='lat' dir='ltr'>uum</span> <span class='ocrx_word' id='word_1_198' title='bbox 1126 2090 1182 2128; x_wconf 80' lang='lat' dir='ltr'>nm·</span> <span class='ocrx_word' id='word_1_199' title='bbox 1203 2076 1282 2180; x_wconf 53' lang='lat' dir='ltr'>inerti</span> <span class='ocrx_word' id='word_1_200' title='bbox 1302 2083 1366 2146; x_wconf 80' lang='lat' dir='ltr'>poet</span> <span class='ocrx_word' id='word_1_201' title='bbox 1385 2081 1578 2147; x_wconf 72' lang='grc' dir='ltr'>κατορθοῦντα...</span> 
     </span>
    </p>
   </div>
   <div class='ocr_carea' id='block_1_8' title="bbox 219 2165 1767 2823">
    <p class='ocr_par' dir='ltr' id='par_1_8' title="bbox 220 2165 1633 2378">
     <span class='ocr_line' id='line_1_19' title="bbox 220 2165 1633 2305; baseline 0 -36"><span class='ocrx_word' id='word_1_202' title='bbox 220 2233 265 2287; x_wconf 90' lang='lat' dir='ltr'>ps.</span> <span class='ocrx_word' id='word_1_203' title='bbox 279 2213 407 2273; x_wconf 85' lang='lat' dir='ltr'>LXXVII</span> <span class='ocrx_word' id='word_1_204' title='bbox 427 2231 482 2270; x_wconf 90' lang='lat' dir='ltr'>non</span> <span class='ocrx_word' id='word_1_205' title='bbox 500 2215 675 2287; x_wconf 78' lang='lat' dir='ltr'>pertingunt,</span> <span class='ocrx_word' id='word_1_206' title='bbox 695 2214 783 2270; x_wconf 88' lang='lat' dir='ltr'>mulio</span> <span class='ocrx_word' id='word_1_207' title='bbox 800 2213 966 2287; x_wconf 77' lang='lat' dir='ltr'>elegantiori</span> <span class='ocrx_word' id='word_1_208' title='bbox 1126 2165 1341 2305; x_wconf 51' lang='grc' dir='ltr'>ωζ,α”ὸευρξιοὶῗθη</span> <span class='ocrx_word' id='word_1_209' title='bbox 1362 2183 1435 2234; x_wconf 57' lang='lat' dir='ltr'>Vm</span> <span class='ocrx_word' id='word_1_210' title='bbox 1455 2168 1525 2220; x_wconf 52' lang='lat' dir='ltr'>im</span> <span class='ocrx_word' id='word_1_211' title='bbox 1546 2185 1633 2220; x_wconf 49' lang='lat' dir='ltr'>mm</span> 
     </span>
     <span class='ocr_line' id='line_1_20' title="bbox 220 2272 1393 2378; baseline -0.001 -20"><span class='ocrx_word' id='word_1_212' title='bbox 220 2303 327 2360; x_wconf 75' lang='lat' dir='ltr'>calamo</span> <span class='ocrx_word' id='word_1_213' title='bbox 345 2305 512 2376; x_wconf 82' lang='lat' dir='ltr'>pinguntur,</span> <span class='ocrx_word' id='word_1_214' title='bbox 531 2304 580 2359; x_wconf 81' lang='lat' dir='ltr'>aed</span> <span class='ocrx_word' id='word_1_215' title='bbox 599 2305 683 2358; x_wconf 83' lang='lat' dir='ltr'>etiam</span> <span class='ocrx_word' id='word_1_216' title='bbox 702 2321 734 2359; x_wconf 85' lang='lat' dir='ltr'>ee</span> <span class='ocrx_word' id='word_1_217' title='bbox 752 2321 813 2359; x_wconf 90' lang='lat' dir='ltr'>cum</span> <span class='ocrx_word' id='word_1_218' title='bbox 832 2303 900 2378; x_wconf 82' lang='lat' dir='ltr'>styli</span> <span class='ocrx_word' id='word_1_219' title='bbox 920 2311 965 2360; x_wconf 89' lang='lat' dir='ltr'>te·</span> <span class='ocrx_word' id='word_1_220' title='bbox 1126 2273 1141 2304; x_wconf 67' lang='lat' dir='ltr'>z</span> <span class='ocrx_word' id='word_1_221' title='bbox 1163 2293 1169 2304; x_wconf 82' lang='lat'>&#39;</span> <span class='ocrx_word' id='word_1_222' title='bbox 1189 2273 1204 2304; x_wconf 60' lang='grc' dir='ltr'><strong><em>τ</em></strong></span> <span class='ocrx_word' id='word_1_223' title='bbox 1313 2272 1393 2324; x_wconf 73' lang='lat' dir='ltr'>pros...</span> 
     </span>
    </p>

    <p class='ocr_par' dir='ltr' id='par_1_9' title="bbox 219 2393 1767 2823">
     <span class='ocr_line' id='line_1_21' title="bbox 220 2393 965 2467; baseline -0.001 -18"><span class='ocrx_word' id='word_1_224' title='bbox 220 2395 343 2464; x_wconf 81' lang='lat' dir='ltr'>unitate,</span> <span class='ocrx_word' id='word_1_225' title='bbox 362 2411 424 2466; x_wconf 79' lang='lat' dir='ltr'>quae</span> <span class='ocrx_word' id='word_1_226' title='bbox 448 2393 606 2467; x_wconf 86' lang='lat' dir='ltr'>opinionem</span> <span class='ocrx_word' id='word_1_227' title='bbox 625 2397 740 2466; x_wconf 83' lang='lat' dir='ltr'>superat</span> <span class='ocrx_word' id='word_1_228' title='bbox 762 2397 789 2448; x_wconf 89' lang='lat' dir='ltr'>et</span> <span class='ocrx_word' id='word_1_229' title='bbox 812 2399 965 2465; x_wconf 82' lang='lat' dir='ltr'>stuporem,</span> 
     </span>
     <span class='ocr_line' id='line_1_22' title="bbox 219 2481 1456 2554; baseline -0.005 -13"><span class='ocrx_word' id='word_1_230' title='bbox 219 2489 251 2541; x_wconf 88' lang='lat' dir='ltr'>ut</span> <span class='ocrx_word' id='word_1_231' title='bbox 269 2501 349 2540; x_wconf 93' lang='lat' dir='ltr'>nemo</span> <span class='ocrx_word' id='word_1_232' title='bbox 361 2485 422 2537; x_wconf 87' lang='lat' dir='ltr'>sine</span> <span class='ocrx_word' id='word_1_233' title='bbox 434 2481 508 2540; x_wconf 88' lang='lat' dir='ltr'>oculi</span> <span class='ocrx_word' id='word_1_234' title='bbox 522 2488 550 2538; x_wconf 90' lang='lat' dir='ltr'>et</span> <span class='ocrx_word' id='word_1_235' title='bbox 562 2482 676 2538; x_wconf 83' lang='lat' dir='ltr'>luminis</span> <span class='ocrx_word' id='word_1_236' title='bbox 689 2482 869 2538; x_wconf 86' lang='lat' dir='ltr'>amminiculo</span> <span class='ocrx_word' id='word_1_237' title='bbox 883 2483 964 2554; x_wconf 88' lang='lat' dir='ltr'>quid·</span> <span class='ocrx_word' id='word_1_238' title='bbox 1451 2535 1456 2544; x_wconf 82' lang='grc'>,</span> 
     </span>
     <span class='ocr_line' id='line_1_23' title="bbox 219 2567 1766 2646; baseline -0.002 -20"><span class='ocrx_word' id='word_1_239' title='bbox 219 2589 301 2646; x_wconf 87' lang='lat' dir='ltr'>quam</span> <span class='ocrx_word' id='word_1_240' title='bbox 314 2569 409 2644; x_wconf 77' lang='lat' dir='ltr'>legere</span> <span class='ocrx_word' id='word_1_241' title='bbox 421 2573 513 2643; x_wconf 86' lang='lat' dir='ltr'>queat.</span> <span class='ocrx_word' id='word_1_242' title='bbox 527 2573 702 2643; x_wconf 86' lang='lat' dir='ltr'>Scriptorum</span> <span class='ocrx_word' id='word_1_243' title='bbox 714 2573 826 2625; x_wconf 89' lang='lat' dir='ltr'>nomina</span> <span class='ocrx_word' id='word_1_244' title='bbox 839 2569 965 2643; x_wconf 88' lang='lat' dir='ltr'>plerum·</span> <span class='ocrx_word' id='word_1_245' title='bbox 1018 2573 1083 2642; x_wconf 85' lang='lat' dir='ltr'>post</span> <span class='ocrx_word' id='word_1_246' title='bbox 1100 2567 1166 2640; x_wconf 71' lang='grc' dir='ltr'>ξύλῳ</span> <span class='ocrx_word' id='word_1_247' title='bbox 1187 2571 1301 2637; x_wconf 70' lang='lat' dir='ltr'>ternensi,</span> <span class='ocrx_word' id='word_1_248' title='bbox 1321 2568 1408 2622; x_wconf 86' lang='lat' dir='ltr'>codex</span> <span class='ocrx_word' id='word_1_249' title='bbox 1432 2567 1509 2623; x_wconf 86' lang='lat' dir='ltr'>addit</span> <span class='ocrx_word' id='word_1_250' title='bbox 1532 2570 1679 2641; x_wconf 87' lang='lat' dir='ltr'>sequentia</span> <span class='ocrx_word' id='word_1_251' title='bbox 1704 2587 1766 2644; x_wconf 87' lang='lat' dir='ltr'>quae</span> 
     </span>
     <span class='ocr_line' id='line_1_24' title="bbox 219 2656 1767 2734; baseline -0.001 -19"><span class='ocrx_word' id='word_1_252' title='bbox 219 2679 272 2732; x_wconf 83' lang='lat' dir='ltr'>que</span> <span class='ocrx_word' id='word_1_253' title='bbox 291 2664 413 2734; x_wconf 81' lang='lat' dir='ltr'>exstant,</span> <span class='ocrx_word' id='word_1_254' title='bbox 432 2664 501 2733; x_wconf 86' lang='lat' dir='ltr'>puta</span> <span class='ocrx_word' id='word_1_255' title='bbox 518 2659 676 2729; x_wconf 77' lang='lat' dir='ltr'>Athanasii,</span> <span class='ocrx_word' id='word_1_256' title='bbox 696 2660 803 2732; x_wconf 86' lang='lat' dir='ltr'>Basilii,</span> <span class='ocrx_word' id='word_1_257' title='bbox 823 2662 964 2734; x_wconf 81' lang='lat' dir='ltr'>chrysos·</span> <span class='ocrx_word' id='word_1_258' title='bbox 1018 2662 1162 2731; x_wconf 85' lang='lat' dir='ltr'>natisapte</span> <span class='ocrx_word' id='word_1_259' title='bbox 1172 2658 1308 2731; x_wconf 86' lang='lat' dir='ltr'>psalmum</span> <span class='ocrx_word' id='word_1_260' title='bbox 1322 2656 1615 2729; x_wconf 82' lang='lat' dir='ltr'>absolverevidentur,</span> <span class='ocrx_word' id='word_1_261' title='bbox 1627 2663 1767 2714; x_wconf 87' lang='lat' dir='ltr'>mentem-</span> 
     </span>
     <span class='ocr_line' id='line_1_25' title="bbox 219 2748 1438 2823; baseline -0.002 -18"><span class='ocrx_word' id='word_1_262' title='bbox 219 2751 298 2819; x_wconf 90' lang='lat' dir='ltr'>tomi,</span> <span class='ocrx_word' id='word_1_263' title='bbox 311 2749 470 2821; x_wconf 78' lang='lat' dir='ltr'>Clementis,</span> <span class='ocrx_word' id='word_1_264' title='bbox 484 2749 594 2823; x_wconf 76' lang='lat' dir='ltr'>cyrilli,</span> <span class='ocrx_word' id='word_1_265' title='bbox 609 2751 727 2822; x_wconf 78' lang='lat' dir='ltr'>Didymi,</span> <span class='ocrx_word' id='word_1_266' title='bbox 740 2749 884 2820; x_wconf 86' lang='lat' dir='ltr'>Dorothei,</span> <span class='ocrx_word' id='word_1_267' title='bbox 897 2752 964 2806; x_wconf 90' lang='lat' dir='ltr'>Dio·</span> <span class='ocrx_word' id='word_1_268' title='bbox 1018 2765 1072 2821; x_wconf 92' lang='lat' dir='ltr'>que</span> <span class='ocrx_word' id='word_1_269' title='bbox 1091 2751 1225 2821; x_wconf 79' lang='lat' dir='ltr'>perficere</span> <span class='ocrx_word' id='word_1_270' title='bbox 1245 2748 1438 2805; x_wconf 83' lang='lat' dir='ltr'>AlexandrIni.</span> 
     </span>
    </p>
   </div>
   <div class='ocr_carea' id='block_1_9' title="bbox 220 2033 966 2108">
    <p class='ocr_par' dir='ltr' id='par_1_10' title="bbox 220 2033 966 2108">
     <span class='ocr_line' id='line_1_26' title="bbox 220 2033 966 2108; baseline 0.004 -19"><span class='ocrx_word' id='word_1_271' title='bbox 220 2037 323 2094; x_wconf 75' lang='lat' dir='ltr'>caetera</span> <span class='ocrx_word' id='word_1_272' title='bbox 341 2033 431 2089; x_wconf 88' lang='lat' dir='ltr'>lucem</span> <span class='ocrx_word' id='word_1_273' title='bbox 449 2039 627 2106; x_wconf 84' lang='lat' dir='ltr'>exspectant,</span> <span class='ocrx_word' id='word_1_274' title='bbox 647 2051 729 2108; x_wconf 86' lang='lat' dir='ltr'>quam</span> <span class='ocrx_word' id='word_1_275' title='bbox 748 2037 794 2090; x_wconf 83' lang='lat' dir='ltr'>vix</span> <span class='ocrx_word' id='word_1_276' title='bbox 813 2041 966 2092; x_wconf 86' lang='lat' dir='ltr'>merentur.</span> 
     </span>
    </p>
   </div>
   <div class='ocr_carea' id='block_1_10' title="bbox 1126 2342 1544 2504">
    <p class='ocr_par' dir='ltr' id='par_1_11' title="bbox 1126 2342 1544 2504">
     <span class='ocr_line' id='line_1_27' title="bbox 1126 2342 1494 2412; baseline -0.005 -18"><span class='ocrx_word' id='word_1_277' title='bbox 1126 2345 1275 2412; x_wconf 75' lang='grc' dir='ltr'>ἀποοτῶμεν</span> <span class='ocrx_word' id='word_1_278' title='bbox 1294 2347 1348 2402; x_wconf 81' lang='grc' dir='ltr'>ταῖς</span> <span class='ocrx_word' id='word_1_279' title='bbox 1368 2342 1494 2403; x_wconf 76' lang='grc' dir='ltr'>κακίαις...</span> 
     </span>
     <span class='ocr_line' id='line_1_28' title="bbox 1127 2431 1544 2504; baseline -0.005 -19"><span class='ocrx_word' id='word_1_280' title='bbox 1127 2433 1192 2493; x_wconf 83' lang='grc' dir='ltr'>ὅπως</span> <span class='ocrx_word' id='word_1_281' title='bbox 1211 2431 1241 2484; x_wconf 78' lang='grc' dir='ltr'>ἂν</span> <span class='ocrx_word' id='word_1_282' title='bbox 1261 2434 1544 2504; x_wconf 70' lang='grc' dir='ltr'>ἀποφομοιωοήοομαι...</span> 
     </span>
    </p>
   </div>
   <div class='ocr_carea' id='block_1_11' title="bbox 953 2983 1030 3057">
    <p class='ocr_par' dir='ltr' id='par_1_12' title="bbox 953 2983 1030 3057">
     <span class='ocr_line' id='line_1_29' title="bbox 953 2983 1030 3057; baseline -0.026 0"><span class='ocrx_word' id='word_1_283' title='bbox 953 2983 1030 3057; x_wconf 88' lang='lat' dir='ltr'>XV.</span> 
     </span>
    </p>
   </div>
   <div class='ocr_carea' id='block_1_12' title="bbox 765 3173 1229 3270">
    <p class='ocr_par' dir='ltr' id='par_1_13' title="bbox 765 3173 1229 3270">
     <span class='ocr_line' id='line_1_30' title="bbox 765 3173 1229 3270; baseline 0.004 -1"><span class='ocrx_word' id='word_1_284' title='bbox 765 3173 922 3269; x_wconf 72' lang='lat' dir='ltr'>Clemens</span> <span class='ocrx_word' id='word_1_285' title='bbox 947 3195 1229 3270; x_wconf 78' lang='lat' dir='ltr'>Alexandrinus.</span> 
     </span>
    </p>
   </div>
   <div class='ocr_carea' id='block_1_13' title="bbox 216 3406 1770 4570">
    <p class='ocr_par' dir='ltr' id='par_1_14' title="bbox 216 3406 1770 4570">
     <span class='ocr_line' id='line_1_31' title="bbox 261 3406 1768 3504; baseline -0.007 -22"><span class='ocrx_word' id='word_1_286' title='bbox 261 3409 399 3492; x_wconf 63' lang='lat' dir='ltr'>&#39;Aeetae</span> <span class='ocrx_word' id='word_1_287' title='bbox 421 3407 454 3480; x_wconf 82' lang='grc' dir='ltr'>δὲ</span> <span class='ocrx_word' id='word_1_288' title='bbox 473 3414 515 3504; x_wconf 76' lang='grc' dir='ltr'>μὴ</span> <span class='ocrx_word' id='word_1_289' title='bbox 535 3412 752 3504; x_wconf 75' lang='grc' dir='ltr'>μιμησώμεθοι,</span> <span class='ocrx_word' id='word_1_290' title='bbox 771 3418 799 3477; x_wconf 88' lang='lat' dir='ltr'>ot</span> <span class='ocrx_word' id='word_1_291' title='bbox 814 3413 873 3486; x_wconf 81' lang='grc' dir='ltr'>τὴν</span> <span class='ocrx_word' id='word_1_292' title='bbox 889 3413 966 3504; x_wconf 81' lang='grc' dir='ltr'>πρό·</span> <span class='ocrx_word' id='word_1_293' title='bbox 1060 3412 1300 3493; x_wconf 82' lang='lat' dir='ltr'>impiosvcrone</span> <span class='ocrx_word' id='word_1_294' title='bbox 1315 3407 1536 3492; x_wconf 86' lang='lat' dir='ltr'>imitemur,qui</span> <span class='ocrx_word' id='word_1_295' title='bbox 1551 3406 1768 3492; x_wconf 82' lang='lat' dir='ltr'>providentium</span> 
     </span>
     <span class='ocr_line' id='line_1_32' title="bbox 217 3516 1770 3616; baseline -0.006 -25"><span class='ocrx_word' id='word_1_296' title='bbox 217 3550 300 3591; x_wconf 76' lang='grc' dir='ltr'>νοιαν</span> <span class='ocrx_word' id='word_1_297' title='bbox 317 3535 372 3592; x_wconf 84' lang='grc' dir='ltr'>τοῦ</span> <span class='ocrx_word' id='word_1_298' title='bbox 396 3516 597 3616; x_wconf 72' lang='grc' dir='ltr'>[δημιουργοῦ</span> <span class='ocrx_word' id='word_1_299' title='bbox 621 3525 688 3608; x_wconf 80' lang='grc' dir='ltr'>τοῦ]</span> <span class='ocrx_word' id='word_1_300' title='bbox 713 3521 828 3598; x_wconf 73' lang='grc' dir='ltr'>παντὸς</span> <span class='ocrx_word' id='word_1_301' title='bbox 854 3521 967 3598; x_wconf 70' lang='lat' dir='ltr'>dissi·</span> <span class='ocrx_word' id='word_1_302' title='bbox 1019 3519 1165 3586; x_wconf 86' lang='lat' dir='ltr'>Creatoris</span> <span class='ocrx_word' id='word_1_303' title='bbox 1177 3537 1274 3585; x_wconf 89' lang='lat' dir='ltr'>rerum</span> <span class='ocrx_word' id='word_1_304' title='bbox 1287 3517 1418 3583; x_wconf 89' lang='lat' dir='ltr'>omnium</span> <span class='ocrx_word' id='word_1_305' title='bbox 1431 3524 1614 3598; x_wconf 87' lang='lat' dir='ltr'>spernentes,</span> <span class='ocrx_word' id='word_1_306' title='bbox 1631 3533 1667 3580; x_wconf 88' lang='lat' dir='ltr'>ac</span> <span class='ocrx_word' id='word_1_307' title='bbox 1681 3534 1770 3599; x_wconf 87' lang='lat' dir='ltr'>repu-</span> 
     </span>
     <span class='ocr_line' id='line_1_33' title="bbox 218 3623 1768 3721; baseline -0.006 -24"><span class='ocrx_word' id='word_1_308' title='bbox 218 3657 337 3710; x_wconf 81' lang='grc' dir='ltr'>σαντες,</span> <span class='ocrx_word' id='word_1_309' title='bbox 362 3631 415 3696; x_wconf 82' lang='grc' dir='ltr'>καὶ</span> <span class='ocrx_word' id='word_1_310' title='bbox 437 3629 497 3704; x_wconf 70' lang='grc' dir='ltr'>τὴν</span> <span class='ocrx_word' id='word_1_311' title='bbox 513 3629 584 3721; x_wconf 74' lang='grc' dir='ltr'>περὶ</span> <span class='ocrx_word' id='word_1_312' title='bbox 606 3641 663 3694; x_wconf 85' lang='grc' dir='ltr'>τοῦ</span> <span class='ocrx_word' id='word_1_313' title='bbox 686 3633 784 3693; x_wconf 82' lang='grc' dir='ltr'>καλοῦ</span> <span class='ocrx_word' id='word_1_314' title='bbox 808 3629 904 3719; x_wconf 80' lang='grc' dir='ltr'>κρίσιν</span> <span class='ocrx_word' id='word_1_315' title='bbox 928 3652 965 3693; x_wconf 82' lang='grc' dir='ltr'>τε</span> <span class='ocrx_word' id='word_1_316' title='bbox 1020 3629 1136 3694; x_wconf 80' lang='lat' dir='ltr'>dientes</span> <span class='ocrx_word' id='word_1_317' title='bbox 1157 3627 1243 3693; x_wconf 89' lang='lat' dir='ltr'>sirqu</span> <span class='ocrx_word' id='word_1_318' title='bbox 1264 3637 1295 3693; x_wconf 88' lang='lat' dir='ltr'>et</span> <span class='ocrx_word' id='word_1_319' title='bbox 1315 3626 1352 3691; x_wconf 90' lang='lat' dir='ltr'>de</span> <span class='ocrx_word' id='word_1_320' title='bbox 1373 3623 1588 3709; x_wconf 83' lang='lat' dir='ltr'>pulchritudine</span> <span class='ocrx_word' id='word_1_321' title='bbox 1609 3625 1768 3690; x_wconf 87' lang='lat' dir='ltr'>discrimen</span> 
     </span>
     <span class='ocr_line' id='line_1_34' title="bbox 216 3729 1767 3834; baseline -0.005 -29"><span class='ocrx_word' id='word_1_322' title='bbox 216 3741 269 3805; x_wconf 83' lang='grc' dir='ltr'>καὶ</span> <span class='ocrx_word' id='word_1_323' title='bbox 293 3733 457 3834; x_wconf 72' lang='grc' dir='ltr'>διάγνωσιν</span> <span class='ocrx_word' id='word_1_324' title='bbox 481 3750 539 3814; x_wconf 73' lang='grc' dir='ltr'>τῆς</span> <span class='ocrx_word' id='word_1_325' title='bbox 563 3742 681 3803; x_wconf 79' lang='grc' dir='ltr'>ἑαυτῶν</span> <span class='ocrx_word' id='word_1_326' title='bbox 710 3729 965 3813; x_wconf 66' lang='grc' dir='ltr'>ἀποῧεῧληκότες</span> <span class='ocrx_word' id='word_1_327' title='bbox 1020 3745 1049 3802; x_wconf 90' lang='lat' dir='ltr'>et</span> <span class='ocrx_word' id='word_1_328' title='bbox 1062 3755 1124 3801; x_wconf 79' lang='lat' dir='ltr'>suae</span> <span class='ocrx_word' id='word_1_329' title='bbox 1142 3736 1270 3820; x_wconf 86' lang='lat' dir='ltr'>ipsorum</span> <span class='ocrx_word' id='word_1_330' title='bbox 1289 3735 1395 3800; x_wconf 71' lang='lat' dir='ltr'>animet</span> <span class='ocrx_word' id='word_1_331' title='bbox 1416 3735 1625 3818; x_wconf 75' lang='lat' dir='ltr'>cognitionem,</span> <span class='ocrx_word' id='word_1_332' title='bbox 1642 3741 1767 3798; x_wconf 80' lang='lat' dir='ltr'>recinet</span> 
     </span>
     <span class='ocr_line' id='line_1_35' title="bbox 217 3837 1768 3940; baseline -0.005 -27"><span class='ocrx_word' id='word_1_333' title='bbox 217 3845 328 3940; x_wconf 70' lang='grc' dir='ltr'>ψυχῆς,</span> <span class='ocrx_word' id='word_1_334' title='bbox 352 3837 574 3912; x_wconf 64' lang='lat' dir='ltr'>retentantem</span> <span class='ocrx_word' id='word_1_335' title='bbox 599 3837 748 3921; x_wconf 81' lang='grc' dir='ltr'>διηνεκῶς</span> <span class='ocrx_word' id='word_1_336' title='bbox 778 3843 811 3910; x_wconf 85' lang='grc' dir='ltr'>ἐν</span> <span class='ocrx_word' id='word_1_337' title='bbox 835 3853 881 3928; x_wconf 82' lang='grc' dir='ltr'>τῷ</span> <span class='ocrx_word' id='word_1_338' title='bbox 903 3869 966 3910; x_wconf 81' lang='grc' dir='ltr'>ποι-</span> <span class='ocrx_word' id='word_1_339' title='bbox 1018 3844 1157 3909; x_wconf 87' lang='lat' dir='ltr'>continuo</span> <span class='ocrx_word' id='word_1_340' title='bbox 1174 3852 1268 3907; x_wconf 86' lang='lat' dir='ltr'>tractu</span> <span class='ocrx_word' id='word_1_341' title='bbox 1287 3843 1417 3909; x_wconf 83' lang='lat' dir='ltr'>teruntur</span> <span class='ocrx_word' id='word_1_342' title='bbox 1438 3842 1469 3906; x_wconf 92' lang='lat' dir='ltr'>in</span> <span class='ocrx_word' id='word_1_343' title='bbox 1490 3847 1653 3925; x_wconf 83' lang='lat' dir='ltr'>peccatum,</span> <span class='ocrx_word' id='word_1_344' title='bbox 1669 3858 1768 3923; x_wconf 86' lang='lat' dir='ltr'>neque</span> 
     </span>
     <span class='ocr_line' id='line_1_36' title="bbox 220 3949 1765 4047; baseline -0.004 -27"><span class='ocrx_word' id='word_1_345' title='bbox 220 3953 425 4047; x_wconf 78' lang='grc' dir='ltr'>ραπτῶματι,</span> <span class='ocrx_word' id='word_1_346' title='bbox 449 3954 502 4018; x_wconf 77' lang='grc' dir='ltr'>καὶ</span> <span class='ocrx_word' id='word_1_347' title='bbox 525 3957 580 4018; x_wconf 75' lang='grc' dir='ltr'>οὐκ</span> <span class='ocrx_word' id='word_1_348' title='bbox 610 3953 850 4027; x_wconf 78' lang='grc' dir='ltr'>ἀναστήσονται.</span> <span class='ocrx_word' id='word_1_349' title='bbox 874 3953 965 4016; x_wconf 85' lang='grc' dir='ltr'><strong>Οὕτω</strong></span> <span class='ocrx_word' id='word_1_350' title='bbox 1019 3961 1183 4034; x_wconf 80' lang='lat' dir='ltr'>resurgent.</span> <span class='ocrx_word' id='word_1_351' title='bbox 1208 3951 1314 4035; x_wconf 88' lang='lat' dir='ltr'>Sieque</span> <span class='ocrx_word' id='word_1_352' title='bbox 1334 3954 1423 4030; x_wconf 84' lang='lat' dir='ltr'>eninr,</span> <span class='ocrx_word' id='word_1_353' title='bbox 1446 3949 1556 4031; x_wconf 82' lang='lat' dir='ltr'>cogniti</span> <span class='ocrx_word' id='word_1_354' title='bbox 1576 3949 1686 4015; x_wconf 79' lang='lat' dir='ltr'>erimus</span> <span class='ocrx_word' id='word_1_355' title='bbox 1702 3949 1765 4014; x_wconf 87' lang='lat' dir='ltr'>Deo</span> 
     </span>
     <span class='ocr_line' id='line_1_37' title="bbox 216 4055 1763 4156; baseline -0.006 -28"><span class='ocrx_word' id='word_1_356' title='bbox 216 4063 277 4156; x_wconf 72' lang='grc' dir='ltr'>γὰρ</span> <span class='ocrx_word' id='word_1_357' title='bbox 299 4059 544 4156; x_wconf 73' lang='grc' dir='ltr'>γνωσθησόμεθα</span> <span class='ocrx_word' id='word_1_358' title='bbox 567 4059 601 4125; x_wconf 82' lang='grc' dir='ltr'>ἐν</span> <span class='ocrx_word' id='word_1_359' title='bbox 624 4069 670 4142; x_wconf 87' lang='grc' dir='ltr'>τῷ</span> <span class='ocrx_word' id='word_1_360' title='bbox 694 4065 774 4136; x_wconf 84' lang='grc' dir='ltr'><strong>Θεῶ,</strong></span> <span class='ocrx_word' id='word_1_361' title='bbox 799 4059 853 4122; x_wconf 77' lang='grc' dir='ltr'>καί</span> <span class='ocrx_word' id='word_1_362' title='bbox 877 4057 966 4146; x_wconf 73' lang='lat' dir='ltr'>peit-</span> <span class='ocrx_word' id='word_1_363' title='bbox 1018 4071 1048 4126; x_wconf 90' lang='lat' dir='ltr'>el</span> <span class='ocrx_word' id='word_1_364' title='bbox 1063 4059 1220 4143; x_wconf 83' lang='lat' dir='ltr'>participes</span> <span class='ocrx_word' id='word_1_365' title='bbox 1234 4058 1327 4141; x_wconf 82' lang='lat' dir='ltr'>ipsius</span> <span class='ocrx_word' id='word_1_366' title='bbox 1341 4057 1492 4138; x_wconf 85' lang='lat' dir='ltr'>bonitatis,</span> <span class='ocrx_word' id='word_1_367' title='bbox 1509 4055 1763 4122; x_wconf 82' lang='lat' dir='ltr'>teminhodicrnr</span> 
     </span>
     <span class='ocr_line' id='line_1_38' title="bbox 218 4161 1764 4263; baseline -0.007 -25"><span class='ocrx_word' id='word_1_368' title='bbox 218 4167 311 4263; x_wconf 78' lang='grc' dir='ltr'>ξομεν</span> <span class='ocrx_word' id='word_1_369' title='bbox 327 4183 386 4248; x_wconf 81' lang='grc' dir='ltr'>τῆς</span> <span class='ocrx_word' id='word_1_370' title='bbox 403 4175 498 4235; x_wconf 80' lang='grc' dir='ltr'>αὐτοῦ</span> <span class='ocrx_word' id='word_1_371' title='bbox 515 4168 723 4262; x_wconf 79' lang='grc' dir='ltr'>ἀγαθότητος,</span> <span class='ocrx_word' id='word_1_372' title='bbox 741 4167 774 4234; x_wconf 83' lang='grc' dir='ltr'>έν</span> <span class='ocrx_word' id='word_1_373' title='bbox 790 4187 828 4232; x_wconf 81' lang='grc' dir='ltr'>’τε</span> <span class='ocrx_word' id='word_1_374' title='bbox 844 4177 890 4251; x_wconf 84' lang='grc' dir='ltr'>τῷ</span> <span class='ocrx_word' id='word_1_375' title='bbox 906 4191 966 4232; x_wconf 87' lang='grc' dir='ltr'>πα·</span> <span class='ocrx_word' id='word_1_376' title='bbox 1018 4167 1082 4232; x_wconf 75' lang='grc'><strong>1111</strong></span> <span class='ocrx_word' id='word_1_377' title='bbox 1097 4184 1185 4250; x_wconf 82' lang='lat' dir='ltr'>quam</span> <span class='ocrx_word' id='word_1_378' title='bbox 1201 4166 1230 4230; x_wconf 93' lang='lat' dir='ltr'>in</span> <span class='ocrx_word' id='word_1_379' title='bbox 1245 4165 1352 4245; x_wconf 83' lang='lat' dir='ltr'>rutum,</span> <span class='ocrx_word' id='word_1_380' title='bbox 1375 4164 1406 4228; x_wconf 91' lang='lat' dir='ltr'>in</span> <span class='ocrx_word' id='word_1_381' title='bbox 1427 4162 1482 4228; x_wconf 84' lang='lat' dir='ltr'>hec</span> <span class='ocrx_word' id='word_1_382' title='bbox 1496 4163 1615 4247; x_wconf 87' lang='lat' dir='ltr'>quidem</span> <span class='ocrx_word' id='word_1_383' title='bbox 1630 4161 1693 4246; x_wconf 87' lang='lat' dir='ltr'>spei</span> <span class='ocrx_word' id='word_1_384' title='bbox 1709 4181 1764 4227; x_wconf 83' lang='lat' dir='ltr'>nn·</span> 
     </span>
     <span class='ocr_line' id='line_1_39' title="bbox 220 4267 1764 4373; baseline -0.009 -27"><span class='ocrx_word' id='word_1_385' title='bbox 220 4281 303 4373; x_wconf 80' lang='grc' dir='ltr'>ρόντι</span> <span class='ocrx_word' id='word_1_386' title='bbox 320 4281 376 4364; x_wconf 84' lang='grc' dir='ltr'>βίῳ</span> <span class='ocrx_word' id='word_1_387' title='bbox 397 4277 449 4344; x_wconf 71' lang='grc' dir='ltr'>καὶ</span> <span class='ocrx_word' id='word_1_388' title='bbox 468 4278 563 4362; x_wconf 78' lang='grc' dir='ltr'>ἐντῷ</span> <span class='ocrx_word' id='word_1_389' title='bbox 581 4277 737 4366; x_wconf 82' lang='grc' dir='ltr'>μέλλοντι·</span> <span class='ocrx_word' id='word_1_390' title='bbox 756 4274 890 4342; x_wconf 82' lang='grc' dir='ltr'>ἐνθαῦτα</span> <span class='ocrx_word' id='word_1_391' title='bbox 910 4274 964 4364; x_wconf 72' lang='lat' dir='ltr'>pte</span> <span class='ocrx_word' id='word_1_392' title='bbox 1018 4273 1057 4338; x_wconf 88' lang='lat' dir='ltr'>cti</span> <span class='ocrx_word' id='word_1_393' title='bbox 1078 4272 1210 4353; x_wconf 87' lang='lat' dir='ltr'>delicies,</span> <span class='ocrx_word' id='word_1_394' title='bbox 1238 4271 1297 4336; x_wconf 89' lang='lat' dir='ltr'>illic</span> <span class='ocrx_word' id='word_1_395' title='bbox 1316 4287 1388 4336; x_wconf 75' lang='lat' dir='ltr'>vero</span> <span class='ocrx_word' id='word_1_396' title='bbox 1413 4269 1484 4355; x_wconf 82' lang='lat' dir='ltr'>Ipsis</span> <span class='ocrx_word' id='word_1_397' title='bbox 1509 4269 1648 4355; x_wconf 74' lang='lat' dir='ltr'>reusque</span> <span class='ocrx_word' id='word_1_398' title='bbox 1679 4267 1764 4352; x_wconf 86' lang='lat' dir='ltr'>potiti</span> 
     </span>
     <span class='ocr_line' id='line_1_40' title="bbox 218 4374 1112 4476; baseline -0.011 -22"><span class='ocrx_word' id='word_1_399' title='bbox 218 4399 284 4465; x_wconf 82' lang='grc' dir='ltr'>ταῖς</span> <span class='ocrx_word' id='word_1_400' title='bbox 295 4387 400 4454; x_wconf 81' lang='grc' dir='ltr'>ἐλπίσι</span> <span class='ocrx_word' id='word_1_401' title='bbox 411 4395 597 4476; x_wconf 81' lang='grc' dir='ltr'>τρυφῶντες,</span> <span class='ocrx_word' id='word_1_402' title='bbox 606 4383 709 4450; x_wconf 80' lang='grc' dir='ltr'>ἐκεῖσε</span> <span class='ocrx_word' id='word_1_403' title='bbox 721 4374 754 4449; x_wconf 78' lang='grc' dir='ltr'>δὲ</span> <span class='ocrx_word' id='word_1_404' title='bbox 768 4387 879 4460; x_wconf 75' lang='grc' dir='ltr'>αὐτῶν,</span> <span class='ocrx_word' id='word_1_405' title='bbox 889 4386 967 4474; x_wconf 84' lang='grc' dir='ltr'>ἀγα·</span> <span class='ocrx_word' id='word_1_406' title='bbox 1019 4380 1112 4447; x_wconf 86' lang='lat' dir='ltr'>bunie.</span> 
     </span>
     <span class='ocr_line' id='line_1_41' title="bbox 218 4492 519 4570; baseline -0.013 -11"><span class='ocrx_word' id='word_1_407' title='bbox 218 4492 277 4559; x_wconf 86' lang='grc' dir='ltr'>θῶν</span> <span class='ocrx_word' id='word_1_408' title='bbox 302 4493 519 4570; x_wconf 75' lang='grc' dir='ltr'>ἀπολαύοντες.</span> 
     </span>
    </p>
   </div>
   <div class='ocr_carea' id='block_1_14' title="bbox 0 0 2026 6098">
    <p class='ocr_par' dir='ltr' id='par_1_15' title="bbox 0 0 2026 6098">
     <span class='ocr_line' id='line_1_42' title="bbox 0 0 2026 6098; baseline 0 0"><span class='ocrx_word' id='word_1_409' title='bbox 0 0 2026 6098; x_wconf 95' lang='lat' dir='ltr'> </span> 
     </span>
    </p>
   </div>
  </div>
 </body>
</html>
