4044 6098
950 487 1143 556 ORIGENIIS

1018 783 1097 857 VII.

942 978 990 1053 In
1014 977 1170 1054 Judioes.

320 1181 392 1263 Cap.
415 1178 495 1259 xlll,
517 1179 567 1242 25.
590 1180 652 1244 Καί
674 1172 793 1270 ἤρξατο
810 1184 937 1268 Πνεῦμα
960 1183 1023 1242 Κυ·
1118 1173 1190 1256 Cap.
1212 1172 1291 1253 XIII,
1311 1175 1362 1239 25.
1386 1173 1537 1258 emitque
1561 1173 1696 1258 SpIrIIus
1710 1176 1832 1241 Damius

145 1373 149 1383 ¹
279 1289 342 1378 ρίου
366 1285 642 1379 ουνεκπορεύεοθαι
669 1291 753 1370 αὐτῷ
783 1290 814 1351 ἐν
840 1278 1024 1376 παρεμύολῇ
1087 1281 1235 1348 ambulare
1248 1301 1313 1348 ενοι
1326 1303 1370 1362 ου,
1386 1285 1418 1349 In
1431 1285 1535 1349 οαυίείν
1549 1283 1628 1364 Dan,
1642 1285 1715 1350 νὀίοα
1730 1285 1832 1351 Sama

278 1395 351 1474 Δίον,
364 1394 418 1460 καὶ
431 1393 584 1483 ἀνάμεσον
599 1393 717 1485 Σαραὰ,
729 1392 783 1459 καὶ
795 1393 948 1482 ἀνάμεοον
961 1393 1029 1458 Ἐσ-
1087 1393 1204 1457 etium
1224 1389 1356 1456 Εοίύαυί.

279 1503 366 1569 οσον.
394 1502 455 1566 νιν.
478 1504 550 1580 ενι,
572 1504 603 1566 ν.
1188 1490 1192 1498 ’

323 1618 360 1678 Εἰ
373 1617 501 1699 Πνεῦμα
523 1611 634 1699 Κυρίου
658 1605 696 1684 ἧν
722 1619 777 1675 τοῦ
802 1608 949 1700 Σαμψὼν,
966 1619 1030 1686 πῶς
1126 1606 1156 1671 Si
1177 1607 1305 1690 Spiritus
1317 1607 1435 1675 Domini
1448 1613 1514 1673 erat
1525 1625 1593 1672 cum
1610 1606 1764 1690 samsone,
1779 1626 1832 1673 eur

279 1720 340 1786 ἀπὸ
363 1727 426 1783 τῶν
451 1714 633 1805 ἀλλοφύλων
657 1726 790 1806 γυναῖκα
813 1710 927 1806 Me,
950 1739 1030 1780 του·
1085 1735 1121 1782 εκ
1132 1715 1300 1803 Allophylis
1310 1715 1460 1782 mulierem
1471 1716 1706 1800 recepit,nempe
1715 1735 1751 1782 ex
1762 1717 1832 1782 Phi·

278 1823 385 1889 τίσειν
402 1823 462 1888 ἀπὸ
478 1832 541 1886 τῶν
558 1823 778 1902 Φυλιστιοιίων;
791 1820 846 1887 καί
861 1832 919 1887 τοῦ
934 1821 1030 1912 νύμου
1085 1823 1208 1889 Ιίείῑυίεί
1222 1833 1253 1890 et
1267 1823 1345 1905 Lege
1358 1823 1388 1889 id
1402 1823 1585 1907 prohibente,
1601 1825 1747 1910 quomodo
1765 1824 1831 1908 Spi-

278 1928 538 2024 ἀπαγορεύοντος,
552 1937 617 2004 πῶς
630 1934 756 2018 Πνεῦμα
769 1928 857 2022 ἅγιον
870 1925 908 2006 ἦν
922 1929 968 1996 ἐπ’
979 1934 1032 1994 αύ-
1085 1931 1159 1995 ritus
1179 1939 1299 1996 sanctus
1318 1939 1382 1996 erat
1399 1930 1595 2013 supereum?
1614 1934 1653 1996 It
1670 1929 1743 1996 illud
1763 1949 1829 1995 cum

278 2039 350 2117 τόν;
375 2037 483 2110 Ταύτη
509 2027 544 2101 δὲ
570 2047 611 2122 τῇ
637 2039 718 2126 ἀρχῇ
743 2031 948 2126 παραῦάσεως
974 2048 1031 2103 τοῦ
1086 2035 1194 2102 femina
1213 2035 1378 2116 alienigena
1405 2035 1607 2100 commercIum
1637 2035 1689 2102 suit
1714 2037 1830 2103 ἰυίῑίυυν

282 2141 428 2234 Σαμψὼν,
444 2148 464 2218 ἡ
482 2140 565 2232 μετὰ
580 2153 640 2220 τῆς
656 2143 833 2234 ἀλλοφύλου
858 2147 1031 2223 συνοίκησις
1086 2144 1187 2230 lapsus
1198 2143 1229 2209 in
1237 2144 1387 2210 Samsone.
1395 2142 1453 2223 Qui
1464 2144 1544 2210 enim
1553 2154 1669 2212 tenetur
1679 2146 1832 2229 νυίυφίυίο

281 2249 329 2328 ἦν·
353 2257 369 2315 ὁ
390 2249 449 2344 γὰρ
464 2242 562 2338 ἡδονῇ
584 2251 792 2341 κρατούμενος
807 2252 862 2319 καί
878 2253 1033 2344 ἑπιθύμιος
1086 2259 1116 2318 εί
1129 2251 1253 2335 cupidus
1267 2251 1310 2330 fit,
1325 2251 1407 2316 carni
1423 2250 1558 2333 inservit,
1574 2251 1629 2319 Dei
1643 2252 1759 2318 oracula
1779 2252 1833 2317 vi-

283 2350 421 2424 δουλεύει
444 2368 484 2443 τῇ
504 2356 603 2446 σαρκί,
616 2349 659 2423 τὰ
672 2368 730 2423 τοῦ
746 2365 826 2425 Θεοῦ
841 2359 935 2453 λόγια
950 2354 1035 2440 ἑξου-
1088 2358 1223 2442 Ιίρουῦὶι,
1236 2357 1303 2442 jura
1317 2365 1441 2440 paterna
1460 2376 1521 2424 non
1543 2359 1722 2442 auscultans,
1745 2359 1834 2444 Legis

282 2462 372 2543 θενεῖ,
383 2463 425 2554 μὴ
440 2464 558 2530 ἀκούων
571 2464 613 2530 τὰ
624 2467 682 2531 ὑπὸ
695 2475 758 2532 τῶν
772 2477 896 2560 γενεῶν,
908 2459 1030 2542 δηλαδὴ
1086 2464 1223 2530 nimirum
1237 2466 1386 2531 mandata.
1403 2466 1454 2533 Vel
1468 2468 1622 2534 manifesto
1633 2467 1713 2534 Deus
1725 2467 1830 2548 bonus,

282 2570 396 2662 νομικοὶ
413 2571 676 2664 παραγγέλματα.
687 2572 727 2638 *Η
743 2565 891 2648 δηλονότι
907 2566 959 2641 διὰ
972 2575 1033 2650 τὴν
1087 2582 1206 2658 propter
1218 2573 1345 2640 salutem
1360 2572 1467 2658 φΙείιίε,
1482 2576 1627 2659 permittit
1640 2587 1673 2642 ut
1686 2577 1833 2662 paululum

282 2688 339 2744 τοῦ
361 2683 440 2743 λαοῦ
457 2679 612 2770 σωτηρίαν
629 2683 645 2744 ὁ
662 2679 776 2773 ἀγαθὸς
793 2681 871 2759 Θεὸς
887 2683 1035 2774 ἀνέχεται
1089 2681 1354 2764 transgrediantur,
1367 2683 1448 2748 unde
1462 2683 1493 2748 in
1507 2683 1722 2749 calamitatibus
1732 2694 1763 2751 et
1772 2703 1833 2750 ma·

282 2796 392 2877 μικροῦ
414 2795 479 2863 πῶς
502 2785 557 2851 καί
578 2783 900 2878 παραχαραττύντων·
923 2792 973 2856 ἵνα
1002 2797 1034 2858 ἐν
1088 2807 1148 2872 gna
1168 2788 1246 2855 inter
1265 2789 1444 2874 discrimina,
1468 2791 1603 2858 divinum
1622 2789 1764 2858 auxilium
1783 2789 1834 2855 Iu·

282 2905 352 2972 ταῖς
376 2905 544 2985 συμφοραῖς
561 2894 615 2959 καί
631 2899 744 2972 ἐντοῖς
760 2897 907 2992 μεγάλοις
931 2891 1036 2965 κινδύ-
1089 2899 1168 2964 daeos
1189 2900 1227 2966 ad
1247 2898 1380 2967 timorem
1401 2910 1432 2967 et
1450 2918 1579 2968 amorem
1600 2900 1731 2967 inducat.

283 3027 344 3082 νοις
366 3008 386 3079 ἡ
405 3007 501 3068 αὐτοῦ
518 3002 647 3088 βοήθεια
661 3005 736 3095 πρὸς
751 3000 846 3096 φύύον
871 3005 925 3072 καί
939 3004 1034 3073 πύθον

285 3111 347 3205 ἄγῃ
371 3109 444 3188 τοὺς
467 3101 639 3187 Ἰουδαίους.

325 3323 384 3380 vll.
399 3324 466 3397 Cap.
481 3340 542 3393 xm,
556 3297 603 3380 25'.
618 3325 712 3381 Prima
725 3330 754 3381 et
766 3325 865 3382 ultima
879 3330 962 3383 verba
975 3321 1035 3401 jam
1090 3328 1166 3385 dediI
1184 3330 1280 3386 eadem
1300 3331 1402 3387 (latent
1420 3336 1441 3389 ί.
1460 3348 1492 3404 11,
1510 3331 1564 3389 ool.
1583 3331 1648 3389 210.
1725 3335 1730 3344 '

1012 3577 1112 3653 VIII.

879 3771 926 3846 In
949 3771 1081 3848 Libros
1105 3773 1250 3872 Reyum.

332 3962 396 4028 Lib.
420 3964 444 4044 1,
467 3981 533 4047 cap.
550 3964 587 4044 ll,
606 3967 634 4029 1.
656 3968 718 4034 Καί
734 3962 827 4036 εἶπεν·
843 3969 1034 4062 Ἐστερειύθη
1130 3971 1203 4057 Cap.
1226 3973 1264 4053 11,
1285 3975 1313 4038 1.
1337 3974 1378 4040 Et
1394 3975 1485 4041 dixit.-
1499 3974 1707 4061 Oonfirmawm
1726 3984 1770 4042 σοί
1786 3997 1835 4042 ουν

287 4077 306 4144 ἡ
332 4062 444 4161 καρδία
467 4096 527 4162 μου
551 4077 582 4138 ἐν
599 4076 708 4164 Κυρίῳ.
736 4072 797 4139 Vae.
821 4075 891 4156 310,
915 4077 944 4140 3.
1090 4099 1183 4146 meum
1204 4083 1236 4146 in
1256 4082 1394 4148 Domino.

331 4169 477 4245 Διδάσκει
499 4178 553 4244 καί
575 4171 628 4246 διὰ
650 4181 769 4259 ταύτης
793 4193 851 4260 τῆς
875 4175 956 4269 ᾠδῆς
980 4187 1035 4252 τὸν
1130 4187 1221 4256 Ποσει
1240 4191 1329 4255 etiam
1343 4209 1379 4256 ex
1394 4189 1585 4270 ίνοοουυῑίσο,
1601 4210 1668 4257 eum
1682 4191 1732 4275 qui
1752 4209 1835 4258 οευυ

286 4286 533 4460 προσερχόμενον
545 4297 591 4373 τῷ
606 4294 675 4374 Θεῷ
688 4293 729 4367 εἰς
742 4291 835 4356 αύτύν
848 4291 940 4381 μύνον
952 4293 1035 4383 ἔχειν
1089 4290 1136 4357 dit
1155 4295 1193 4359 ad
1213 4294 1317 4374 Deum,
1332 4297 1363 4361 in
1383 4297 1480 4381 ipsum
1499 4298 1593 4364 solum
1607 4317 1676 4383 spes
1696 4317 1764 4364 suas
1783 4317 1835 4382 po·

287 4390 344 4468 τὰς
364 4395 436 4459 ἐλπί
457 4419 501 4471 ας.
1090 4417 1170 4464 nere.

322 4605 393 4661 vm.
413 4608 478 4665 vat.
498 4607 563 4678 νει,
584 4609 605 4663 ι.
624 4607 688 4666 370.
750 4625 756 4634 ·
