3978 6086
261 564 320 628 262

166 799 169 804 Ι
263 713 548 803 σω,τί,νσωτηρίαν
559 713 726 804 περιμένων
736 710 935 804 Κυρίουίἰάἰ.
945 709 1008 792 ib.].

307 826 464 895 Δηλοῢται
495 827 570 909 ἡμῖν
603 815 679 885 εἰναι
712 821 818 898 ἱππεὺς
849 827 865 884 6
893 821 1008 914 Κύριος.

261 928 382 1020 Πτέρνα
406 920 449 1007 δὲ,
474 929 523 994 ὅτι
547 929 620 1020 πρὸς
643 929 777 1028 ἔσγατον
800 939 862 994 τῶν
887 939 1008 1020 καιρῶν.

265 1037 310 1101 Te
326 1029 370 1101 δέ·
388 1037 439 1100 ὅτι
453 1047 605 1114 πεσεῖται,
622 1036 676 1100 τδν
693 1034 825 1101 θάνατον
844 1041 938 1102 αὐτοῦ
955 1028 1011 1110 δη-

262 1150 328 1230 λοῖ,
360 1141 460 1219 καθὼς
490 1142 666 1234 γέγραπται
696 1148 727 1208 ἐν
750 1154 796 1228 τῷ
827 1147 1008 1236 εὐαγγελίῳ·

263 1242 341 1316 ’ἰδού
358 1245 447 1326 οὗτος
459 1261 562 1316 κεῖται
580 1257 622 1326 εἰς
637 1261 755 1316 πτῶσιν
771 1252 826 1317 καί
841 1253 1009 1318 ἀνάστασιν

262 1364 396 1426 πολλῶν.

300 1468 391 1558 Ὄφις
405 1468 453 1542 τίς
468 1461 517 1552 ἦν,
535 1465 605 1531 ἀλλ’
622 1465 642 1538 ἢ
660 1471 676 1530 ὐ
698 1466 749 1531 ἀπ’
768 1470 865 1558 ἀρχῆς
882 1467 1008 1555 πλάνος,

262 1579 278 1639 6
302 1579 332 1640 ἑν
355 1586 396 1662 τῇ
422 1573 545 1640 Γενίσει
569 1573 735 1665 εἰρημένος,
761 1600 788 1640 κ.
813 1601 842 1640 τ.
866 1580 890 1642 ἐ.

307 1680 385 1748 VIII.
407 1678 451 1743 Ib.
474 1699 503 1743 o.
525 1681 574 1742 ἀί.
599 1683 668 1757 ru<
687 1675 859 1770 ηὐξάμενος
883 1680 1008 1773 Ἰωσὴφ,

263 1793 326 1866 υίὸς
341 1783 512 1879 ηὐξάμενος
538 1811 607 1878 μου,
625 1781 766 1867 ζηλωτὸς
779 1791 841 1866 υἰός
860 1813 918 1879 μου
934 1788 1011 1854 νεώ-

263 1923 368 1975 τατος·
392 1897 465 1989 πρός
482 1921 521 1986 με
538 1893 741 1985 ἀνάστρεψον,
758 1903 799 1973 εἰς
824 1897 857 1962 du
883 1889 1010 1963 διαύου-

149 2043 155 2056 ·
263 2005 428 2093 λευόμενοι
451 1993 624 2094 ἐλοιδόρουν
651 1999 729 2080 [Vnt.
754 2001 802 2076 II,
827 2002 889 2082 Ilil.

308 2114 361 2189 Τίς
385 2111 479 2187 ἄλλος
503 2102 675 2199 ηὐξάμενος
698 2110 770 2187 υίδς,
795 2111 849 2174 καί
872 2105 1012 2191 ζηλωτὸς

262 2221 317 2296 ἕως
340 2228 398 2294 τῆς
422 2218 567 2307 σάμερον,
585 2215 670 2304 εἰμὴ
690 2221 706 2280 6
723 2216 829 2307 Κύριος
845 2222 934 2307 ημῶν
951 2218 1013 2292 Ἰη-
1038 2291 1042 2299 .

264 2338 332 2403 σοῦς
355 2324 499 2416 Χριστός;
516 2324 563 2399 τίς
580 2323 684 2399 ἄλλος,
701 2322 721 2396 ἣ
739 2322 839 2399 καθὼς
856 2314 1013 2389 δείκνυται

263 2439 338 2523 ημῖν
355 2423 407 2497 διά
422 2441 477 2496 τοῦ
495 2429 682 2506 ἀποστόλου,
702 2430 752 2495 ὅτι
768 2435 784 2493 6
802 2423 943 2522 δεύτερος
963 2431 1014 2494 ἄν·

265 2539 384 2632 θρωπος
400 2542 417 2601 6
432 2535 540 2628 Κύριος
553 2529 585 2614 ἑξ
598 2540 734 2626 οὐρανοῦ·
746 2537 800 2601 καί
812 2540 843 2601 ἑν
857 2548 903 2622 τῷ
920 2545 1014 2632 εὐαγ-

264 2648 371 2740 γελίῳ,
388 2644 442 2708 τδν
455 2643 632 2717 ποιήσαντα
644 2642 681 2706 eo
695 2642 818 2732 θέλημα
830 2647 1014 2739 τοῦπατρὸς

821 557 991 624 SANCTUS
1010 555 1242 621 ulrromuus

1065 726 1148 789 eques
1167 713 1336 785 retrorsum,
1358 685 1479 770 salutem
1498 711 1663 789 respectans
1682 707 1811 772 Domini.

1103 812 1325 879 Demonstrntnr
1352 813 1448 891 nobis,
1477 814 1597 897 equitem
1624 832 1688 880 osse
1711 814 1812 878 Chris·

1067 931 1138 988 tum.
1163 921 1319 986 Galeaneus
1345 921 1464 1001 dicitur,
1488 923 1525 986 ob
1549 932 1679 988 extrema
1699 932 1811 1006 tempo-

1065 1045 1139 1092 rum.
1156 1028 1243 1109 Quod
1256 1047 1327 1094 nero
1341 1028 1383 1092 ait
1397 1029 1487 1108 cadet,
1499 1029 1647 1112 sIgnificet
1659 1032 1723 1114 ejus
1735 1048 1813 1095 mor·

1063 1135 1134 1210 tem,
1150 1143 1185 1198 ut
1198 1134 1338 1218 scriptum
1358 1145 1404 1202 est
1419 1137 1448 1200 io
1462 1136 1626 1220 evangelio:
1646 1162 1660 1198 ιι
1673 1138 1749 1203 Εσσο
1764 1138 1813 1201 hic

1066 1239 1124 1303 crit
1148 1243 1177 1304 in
1202 1240 1317 1326 lapsum
1342 1252 1372 1308 et
1399 1244 1641 1310 resurrectionem
1667 1243 1814 1327 plurimo-

1065 1375 1139 1420 rum.
1154 1381 1167 1414 υ

1105 1461 1231 1546 Serpens
1244 1482 1315 1530 nero
1328 1466 1395 1548 quis
1410 1473 1466 1546 est,
1481 1464 1538 1529 nisi
1553 1465 1717 1532 seductore
1732 1467 1812 1552 prin-

1066 1569 1155 1654 cipio,
1171 1571 1222 1654 qui
1238 1571 1268 1635 in
1282 1572 1392 1638 Genesi
1406 1583 1591 1656 memoratur,
1608 1584 1664 1640 etc.
1767 1615 1775 1634 .

1105 1675 1183 1744 IlIII.
1206 1675 1303 1744 Filius
1317 1697 1476 1744 accrescens
1489 1680 1605 1764 loseph,
1620 1679 1699 1763 filius
1719 1700 1815 1746 accre-
1848 1703 1849 1706 ¹

1065 1803 1153 1860 socru,
1175 1786 1284 1851 aelatus
1311 1788 1387 1870 filius
1406 1809 1484 1854 menas
1503 1791 1685 1866 nouissimum
1706 1790 1747 1854 ad
1765 1808 1811 1854 me

1065 1899 1212 1974 reuertere,
1229 1913 1310 1977 quern
1325 1894 1529 1960 calumniantes
1547 1897 1790 1962 conauialantur.

1107 2109 1217 2192 Ecquis
1245 2108 1322 2174 alins
1349 2129 1509 2176 accrescens
1536 2111 1614 2195 filius
1641 2119 1670 2176 et
1693 2113 1814 2194 aelatus,

1066 2235 1158 2300 usque
1171 2215 1268 2293 hodie
1283 2217 1339 2282 uIsi
1354 2219 1496 2285 Dominus
1514 2233 1614 2286 noster
1626 2222 1712 2286 lesos
1727 2223 1815 2288 Chri-

1066 2324 1142 2389 stusl
1156 2325 1223 2408 quis
1242 2325 1320 2391 elius
1341 2327 1405 2405 iste,
1421 2326 1476 2391 uisi
1491 2327 1575 2392 nobis
1595 2327 1672 2393 sicut
1691 2329 1815 2394 demon-

1066 2443 1189 2501 stratum
1203 2444 1249 2500 est
1263 2435 1300 2499 eb
1314 2437 1457 2518 apostolo,
1478 2437 1625 2502 secundus
1639 2436 1737 2518 homo,
1757 2439 1816 2503 Do-

1067 2541 1166 2606 minus
1179 2542 1216 2608 dc
1230 2541 1324 2606 coeIo‘l
1336 2544 1432 2624 Atque
1444 2541 1474 2606 io
1484 2545 1639 2627 cvangelio
1651 2556 1818 2629 postremus

1068 2651 1112 2715 nit
1122 2669 1153 2717 se
1167 2651 1268 2716 secisse
1278 2650 1460 2716 voluntatem
1474 2651 1580 2717 Patris.
1597 2653 1700 2720 Verbis
1715 2665 1813 2721 numm

266 2749 378 2820 elmund
392 2753 534 2841 ἔσχατος.
548 2750 592 2816 To¹
609 2742 652 2816 δέ·
668 2751 742 2842 πρός
756 2775 795 2841 με
813 2753 1013 2846 ἀνάστρεψον,
1069 2757 1110 2822 uel
1121 2763 1323 2837 marcomere,
1339 2757 1412 2822 dicit
1425 2757 1532 2822 Christi
1544 2759 1603 2841 jam
1619 2761 1699 2841 passi
1713 2778 1816 2826 escen-

266 2859 325 2934 τίν
350 2857 433 2948 μετά
455 2857 493 2921 τὸ
517 2853 615 2932 πάθος
638 2853 791 2947 ἀνάληψιν
823 2864 864 2936 εἰς
888 2861 1014 2952 οὐρανόν
1069 2865 1181 2931 sionem
1204 2855 1233 2929 In
1248 2864 1403 2930 coelumnd
1418 2863 1545 2930 Putrem.
1561 2865 1698 2932 IIisvero
1718 2867 1814 2932 dicus:

266 2991 351 3058 φησι·
376 2965 422 3030 To*
445 2955 489 3030 θέ·
514 2967 556 3038 εἰς
579 2961 612 3028 ὃν
638 2954 910 3053 dioecesanorum
933 2967 1015 3028 ἕλοι·
1070 2975 1102 3038 in
1128 2992 1208 3057 quem
1232 2973 1451 3039 calumniatores
1474 2974 1717 3053 conviciabantur,
1746 2983 1816 3040 sunt

267 3066 384 3165 δὸρουν,
409 3063 558 3146 δηλονότι
587 3072 605 3133 ὅ
637 3080 699 3135 τῶν
728 3063 882 3137 Ἰουδαίων
906 3063 1014 3163 dnum.
1070 3082 1207 3148 nlmimm
1222 3079 1390 3146 iudeorum
1404 3090 1551 3146 ctcaetera
1566 3080 1816 3148 slmilitcr...Iit-

267 3182 320 3246 καί
342 3178 384 3245 τά
406 3176 503 3244 λοιπιί
533 3179 653 3268 ὁμοίως·
679 3189 862 3268 σωματικῶς
895 3180 949 3269 μὲν
975 3188 1017 3258 εἰς
1072 3189 1133 3246 tera
1154 3179 1273 3263 quidem
1287 3178 1520 3262 iratreslosephi
1535 3178 1599 3244 hnc
1615 3181 1707 3246 verbu
1721 3182 1817 3264 respi-

267 3287 339 3365 τούς
370 3279 538 3379 ἀδελρούς,
569 3297 786 3376 πνευματικῶς
817 3279 852 3353 δὲ
883 3293 925 3364 εἰς
960 3289 1015 3353 τὸν
1072 3289 1165 3370 ciunt,
1189 3287 1294 3392 spiritu
1314 3305 1386 3352 vero
1408 3287 1503 3371 ipsum
1524 3287 1682 3354 Christum.

269 3394 410 3461 Χιστύν.

298 3423 364 3568 ρΠί.
388 3502 434 3568 Ib.
455 3523 483 3567 ο.
507 3503 557 3568 26.
574 3504 795 3596 Ὑπερίσχυσεν
811 3504 857 3569 ἐπ’
876 3507 1018 3597 εὐλογίας
1112 3503 1165 3571 ΙΧ.
1180 3501 1350 3568 Praevaluit
1361 3519 1447 3584 super
1461 3500 1674 3565 benedictionem
1684 3501 1821 3566 montium

271 3610 363 3701 ὐρίων
383 3611 530 3699 μονίμων,
547 3610 601 3675 καί
616 3610 662 3674 ἐπ’
677 3612 818 3701 εὐλογίας
842 3609 930 3675 θινῶν
951 3615 1020 3676 ἀεν-
1072 3607 1229 3686 stabilinum,
1250 3615 1278 3672 et
1294 3628 1382 3691 super
1403 3608 1614 3672 berredr'otionem
1635 3607 1749 3673 collium
1769 3611 1822 3672 im·

273 3719 365 3782 ναίων
393 3715 470 3795 [Vnt.
492 3716 542 3779 ἰίἰ.
566 3718 608 3798 1].
1073 3715 1249 3781 mortalium.

207 3851 211 3868 ¹
315 3824 362 3890 To*
383 3820 457 3914 ὕψος
486 3823 541 3888 καί
569 3823 609 3888 cd
633 3822 760 3915 μέγεθος
790 3835 848 3900 της
879 3827 1020 3919 εὐλογίας
1113 3828 1189 3907 Quae
1207 3826 1249 3889 sit
1267 3825 1432 3890 sublimitas
1452 3844 1487 3890 ae
1507 3825 1669 3909 amplitudo
1696 3827 1818 3892 benedi-

271 3929 478 4023 προκηρύσσει
500 3929 541 3995 τὸ
565 3929 639 4020 ὑπὲρ
663 3932 804 4021 εὐλογίας
828 3932 919 4022 ὁρέων
938 3935 1022 4020 aaut·
1074 3935 1181 4000 ctionis
1202 3934 1246 4013 (in
1259 3934 1396 4018 loseph),
1412 3933 1590 3999 vaticinetur
1608 3933 1664 3998 hoc
1683 3936 1818 4001 uerbum:

275 4063 349 4129 μων·
372 4037 410 4102 τὸ
434 4027 478 4102 δέ·
501 4036 589 4102 θινῶν
614 4039 742 4103 αἰωνίων
766 4037 803 4103 τά
821 4033 945 4123 βέύαιον
968 4042 1022 4106 καί
1076 4041 1122 4104 Dr
1146 4039 1337 4104 bendictione
1359 4041 1498 4104 montium
1517 4040 1681 4116 stabilitum
1699 4042 1822 4108 alterum

275 4144 396 4236 ἰσχυρὸν
426 4154 484 4220 τῆς
513 4146 668 4236 σωτηρίας
698 4144 751 4207 καί
776 4143 817 4210 nd
840 4152 882 4222 εἰς
911 4151 1021 4223 αἰῶνας
1075 4146 1283 4229 cenomanum
1297 4145 1820 4230 aeternompraesignifimtsalutis

274 4243 438 4341 διαμεῖναι.
1076 4256 1245 4322 firmitatem
1265 4264 1296 4321 ot
1320 4255 1424 4336 robur,
1446 4271 1538 4340 eaque
1562 4271 1701 4322 mensure
1727 4255 1756 4320 in
1776 4273 1824 4318 ω-

1078 4373 1204 4430 ternum.

320 4465 357 4531 x.
368 4463 447 4529 Ibid.
459 4465 609 4531 Ἔσονται
621 4465 672 4531 ἐπί
684 4464 823 4558 κεφαλὴν
836 4466 957 4559 Ἱωσλρ,
970 4469 1024 4533 καί
1116 4471 1153 4535 X.
1175 4469 1271 4534 Erunt
1288 4473 1318 4534 in
1338 4478 1426 4555 caput
1442 4470 1546 4555 losepli
1565 4471 1640 4535 etin
1660 4475 1748 4552 caput
1759 4469 1825 4552 sra-

277 4573 327 4639 ὲπί
339 4583 473 4664 κορυφῆς
486 4567 528 4636 ὧν
541 4573 688 4665 ηγήσατο
702 4565 842 4664 ἀδελφῶν
860 4572 939 4652 [Van
956 4574 1022 4657 ib.].
1078 4583 1165 4660 trum,
1190 4597 1309 4662 quornm
1328 4579 1389 4640 dua
1408 4584 1479 4642 erat.

322 4685 424 4754 Δηλσϊ
442 4685 517 4769 ημῖν
533 4680 587 4744 καί
610 4671 672 4746 ὦδε
687 4681 827 4772 περὶτοῦ
843 4683 952 4773 Κυρίου
975 4683 1026 4748 λέ-
1119 4683 1219 4748 Polum
1240 4682 1325 4747 nobis
1351 4691 1397 4747 est
1420 4690 1451 4747 et
1471 4681 1549 4746 huna
1576 4681 1670 4746 locum
1696 4699 1762 4747 esse
1790 4683 1828 4749 dc

278 4812 351 4881 γων·
382 4789 429 4864 τίς
455 4785 515 4880 γάρ
546 4786 639 4865 ἄλλος
670 4788 789 4878 κεφαλὴ
816 4788 946 4881 Ἰωσλρ,
971 4791 1026 4857 καί
1079 4790 1211 4857 Domino.
1240 4790 1314 4870 Quis
1336 4789 1415 4856 enim
1443 4787 1517 4855 nlius
1542 4788 1659 4872 Iosephi
1687 4800 1829 4874 caputet

316 4964 388 5021 VIII.
407 4965 438 5019 In
456 4966 511 5020 dne
530 4970 670 5036 σωματικὸν
690 4969 734 5036 nir
753 4967 834 5022 codd.
855 4967 941 5023 Paulo
961 4974 1027 5040 post
1081 4971 1175 5028 eedem
1195 4972 1366 5042 eprscutur.

281 5057 309 5110 iu
322 5053 383 5109 Pul.
396 5053 548 5127 IIIpponto
566 5055 649 5110 detur
666 5072 754 5112 novus
766 5061 796 5111 et
808 5055 917 5128 amplus
936 5055 1025 5129 Iocus,
1115 5060 1152 5114 X.
1172 5058 1324 5112 Emendavi
1336 5057 1416 5113 codd.
1430 5059 1460 5112 iu
1479 5057 1578 5128 quibus
1596 5057 1647 5110 sub
1666 5057 1777 5110 Initium
1791 5075 1827 5117 τις

280 5149 309 5198 τὸ
328 5144 438 5196 δεδόσθαι
458 5146 502 5214 μιν
520 5150 575 5196 κτλ.
593 5149 658 5216 jure
676 5161 694 5198 a
712 5146 791 5200 nobis
810 5146 940 5215 omissus,
962 5147 1028 5217 qnia
1081 5147 1169 5217 deest,
1187 5148 1303 5202 hebetur
1321 5152 1414 5203 autem
1432 5143 1462 5203 ἦν
1483 5149 1494 5198 ὂ
1513 5147 1623 5217 dosoris,
1640 5145 1706 5202 fort.
1727 5149 1776 5198 ἀλλ
1801 5145 1827 5214 ἦ,

282 5241 311 5290 εἰ
328 5236 358 5289 in
376 5233 443 5289 eliis
461 5235 540 5292 codd.
561 5233 663 5308 cyrilli
683 5252 782 5291 nomen
799 5234 893 5304 hebet,
913 5239 1028 5291 eltutus
1083 5242 1113 5291 ut
1130 5239 1213 5291 toties
1232 5239 1343 5292 Noster.

283 5321 390 5394 legitur
408 5325 435 5376 in
458 5323 612 5393 Glaphyrus
631 5322 687 5378 col.
708 5323 772 5379 ³79.
793 5325 902 5390 Caveat,
922 5325 946 5377 si
966 5327 1028 5396 quis
