4064 6108
750 463 985 530 FRAGMENTA
1007 463 1253 532 GOlSLlNldNA
1712 473 1770 538 305

225 615 589 708 ίοχυρογνωμονέοτατος
602 617 662 708 γὰρ
678 617 732 683 καί
749 611 964 703 βεῦαιότατος.
1019 615 1103 698 gnitn
1118 616 1303 701 impervium,
1315 620 1480 705 utpnle‘qni
1492 621 1659 689 firmissima
1671 635 1770 692 mente

223 729 291 800 Πῶς
315 718 367 788 οὖν
390 735 448 802 τῆς
472 729 570 802 αὐτῆς
593 725 728 803 ὑπούσης
756 727 876 804 αἰτίας,
901 730 969 790 ἐπι·
1022 720 1121 789 ualeat
1133 733 1164 789 et
1176 725 1426 790 constantissima.
1450 727 1604 808 Quomodo
1618 727 1711 812 igitur
1724 731 1767 811 fit,

222 831 375 920 πτάμενος
391 825 424 910 ἐξ
444 835 542 922 ἀρχῆς
567 834 616 898 ὅτι
639 834 779 925 ἔγκειται
802 838 821 908 ἡ
847 824 969 898 διάνοια
1021 830 1125 894 eadem
1145 849 1235 897 causa
1254 832 1450 913 subsistente,
1474 842 1521 914 ut,
1544 853 1634 916 quum
1652 835 1691 900 ab
1712 836 1769 901 ini-

147 923 150 932 *
221 949 276 1004 τοῦ
294 938 455 1030 ἀνθρώπου
480 944 634 1030 ἐπιμελῶς
657 941 708 1006 ἐπί
730 925 773 1006 cd
796 939 917 1031 πονηρὰ
933 945 968 1008 ἐκ
1023 937 1064 1002 tio
1085 943 1210 1020 noverit,
1226 941 1435 1020 cogitationem
1456 941 1584 1007 bominis
1604 961 1670 1008 esse
1690 962 1709 1008 a
1721 945 1767 1027 ju·

219 1047 378 1126 νεότητος,
395 1057 518 1140 πρῶτον
537 1048 591 1138 μὲν
608 1048 744 1142 ἔφθειρεν
758 1049 896 1142 τὸγένος
913 1073 967 1114 κα-
1021 1056 1145 1111 rentnte
1165 1056 1196 1113 et
1215 1049 1285 1114 dato
1307 1050 1429 1116 oonsilio
1449 1051 1487 1116 ad
1508 1051 1639 1134 improba
1664 1053 1768 1135 procti-

219 1160 410 1246 τακλοσμῷ,
436 1155 519 1246 μετὰ
542 1149 576 1223 δὲ
599 1168 702 1223 ταῦτα
724 1157 817 1248 φησίν
850 1155 966 1247 μηκέτι
1020 1169 1100 1233 vern,
1116 1155 1243 1238 primurn
1258 1157 1288 1220 in
1300 1160 1476 1242 cataclysmo
1486 1168 1580 1225 tutum
1593 1179 1688 1244 genus
1701 1180 1768 1245 pes·

221 1252 416 1354 διαφθείρειν,
433 1265 537 1330 καίτοι
554 1257 759 1354 διαμενούσης
775 1269 806 1331 ἐν
823 1275 863 1350 τῇ
881 1261 965 1353 ψυχῇ
1021 1276 1084 1324 sun]
1107 1259 1239 1343 dederit,
1262 1271 1363 1347 posteo
1385 1282 1456 1330 vero
1477 1265 1585 1331 dixerit
1605 1265 1680 1332 idem
1708 1285 1766 1332 non

220 1380 279 1444 τῆς
303 1374 400 1447 αὐτῆς
423 1373 534 1448 κακίας
542 1397 550 1450 ;
572 1371 711 1438 Λεκτέον
731 1367 782 1438 οὖν
807 1374 856 1438 ὅτι
880 1381 967 1436 πᾶσα
1020 1381 1156 1433 assensa
1166 1369 1558 1451 exterminandum-etiamsi
1569 1373 1673 1439 eadem
1686 1391 1769 1438 man·

221 1468 364 1548 ἢτοιάδς
378 1487 441 1542 aaa
457 1479 559 1570 λόγων
578 1471 644 1544 ἰδέα
659 1479 838 1570 περιέχεται
854 1484 884 1545 ἐν
902 1490 966 1556 τοῖς
1020 1475 1092 1538 serit
1111 1475 1141 1539 in
1155 1475 1252 1540 anima
1274 1477 1471 1560 improbitas?
1484 1479 1647 1546 Dicendum
1665 1482 1765 1564 igitur,

222 1584 326 1672 νόμοις
341 1585 415 1676 πρὸς
432 1584 567 1669 μάθησιν
584 1585 638 1650 καί
654 1586 804 1676 ὠφέλειαν
821 1577 968 1652 διδασκα-
1021 1581 1084 1645 lraec
1108 1583 1201 1648 verba
1223 1585 1342 1650 omnino
1362 1593 1415 1650 aul
1434 1586 1559 1669 qualiter
1586 1585 1764 1669 significare,

220 1694 299 1767 λίας,
326 1697 447 1782 μᾶλλον
470 1691 490 1766 ἢ
515 1693 590 1782 πρὸς
612 1691 673 1766 τὴν
696 1692 784 1782 φύσιν
807 1704 866 1770 τῆς
889 1697 968 1766 aaa.
1020 1686 1099 1768 quod
1119 1686 1202 1770 leges
1221 1698 1331 1755 nostrae
1353 1691 1483 1758 scientim
1502 1699 1637 1776 prosunt,
1660 1691 1768 1774 magis

220 1795 312 1874 θείας·
327 1789 441 1863 διττῶν
453 1795 513 1890 γὰρ
526 1799 623 1864 ὄντων
636 1801 814 1890 κεφαλαίων
831 1798 967 1865 &uticus
1020 1811 1078 1876 (1¹10
1098 1795 1264 1877 respiciunt
1284 1797 1442 1878 proficuam
1462 1798 1657 1865 eruditionem
1678 1816 1767 1882 quam

219 1896 271 1970 διὰ
286 1904 389 1980 πάσης
412 1915 470 1982 της
491 1904 681 1995 νομοθεσίας·
698 1907 762 1983 ἑνὸς
780 1906 844 1996 μὲν,
861 1905 966 1972 καθή
1019 1898 1157 1963 veritatis
1176 1909 1324 1965 naturam.
1343 1901 1459 1967 Etenim
1479 1922 1571 1985 quum
1591 1903 1650 1969 dno
1670 1904 1767 1986 capita

95 2013 99 2020 ’
217 2010 357 2103 λέγεται,
375 2017 432 2102 οὐχ
449 2018 489 2090 ὡς
503 2012 908 2107 ἄνθρωποςὸθεός·ἑτέρου
922 2006 965 2092 δὲ,
1019 2001 1051 2066 lss
1072 2003 1211 2101 1111111158
1232 2007 1320 2090 161118
1343 2009 1648 2093 81111111110110111111111,
1676 2029 1780 2108 unum

219 2117 292 2183 καθ’
309 2117 327 2184 δ
342 2125 383 2196 ὡς
400 2118 557 2210 ἄνθρωπος
572 2113 731 2188 παιδεύειν
747 2121 875 2214 λέγεται
891 2128 965 2186 υἱόν·
1019 2111 1150 2194 quidem,
1172 2113 1250 2181 siaul
1270 2115 1409 2200 scriptum
1430 2127 1487 2196 est,
1508 2117 1586 2201 quod
1606 2117 1687 2182 Deus
1707 2135 1766 2182 non

219 2225 256 2290 τδ
278 2225 332 2315 μὲν
350 2226 500 2317 πρότερον
516 2239 575 2305 της
592 2227 739 2306 ἀληθείας
759 2230 853 2294 ἐστίν·
869 2228 965 2305 ὄντως
1020 2228 1065 2283 981
1089 2229 1122 2284 ut
1143 2218 1249 2301 h⁰ffl⁰;
1270 2222 1394 2287 alierum
1413 2240 1503 2303 vero,
1525 2225 1603 2307 (111011
1628 2242 1688 2289 non
1712 2243 1766 2290 se-

219 2331 279 2424 γᾶρ
302 2337 319 2397 ὁ
344 2334 436 2422 Θεὸς,
460 2338 519 2424 οὐχ
542 2340 583 2412 ὡς
607 2332 774 2427 ἄνθρωπος,
799 2333 872 2400 ἀλλ’
895 2326 966 2400 οὐδὲ
1019 2344 1072 2392 cus
1091 2345 1127 2391 ac
1147 2326 1252 2410 homo,
1275 2329 1396 2396 edocere
1415 2329 1523 2396 dicitur
1543 2332 1653 2398 tilium:
1683 2333 1764 2418 prius
1855 2335 1856 2338 ’

219 2442 379 2521 marliaco,
396 2432 467 2508 odit
483 2447 523 2519 ὡς
546 2443 681 2534 οὐρανὸς,
699 2435 769 2510 οὐδὲ
784 2448 825 2521 ὡς
839 2443 964 2532 κόσμος,
1018 2433 1136 2518 quidem
1156 2446 1202 2502 est
1222 2455 1317 2502 sermo
1338 2437 1487 2518 veritatiS,
1505 2439 1575 2524 qnia
1594 2459 1699 2506 uerum
1720 2451 1766 2508 est

218 2547 366 2627 αἰσθητὸς
389 2550 409 2625 ἢ
435 2550 561 2629 νοητὸς,
584 2549 657 2616 ἀλλ’
679 2556 719 2628 ὡς
743 2552 838 2632 θεὸς,
862 2556 889 2616 ει
912 2550 966 2616 καὶ
1018 2539 1113 2608 Deum
1137 2561 1197 2609 non
1219 2563 1284 2612 esse
1307 2545 1382 2611 sicut
1406 2547 1564 2629 hominem,
1589 2549 1641 2614 sed
1666 2568 1762 2634 neque

218 2665 313 2722 τοῦτο
336 2654 421 2746 θέμις
438 2660 544 2723 εἰπεῖν,
562 2657 757 2746 Ὁμοιότητα
772 2656 868 2750 γὰρῆ
893 2657 966 2750 σύγ.
1018 2648 1095 2716 sicul
1114 2652 1221 2735 Solem,
1243 2672 1339 2738 lleqlle
1358 2655 1447 2719 ellam
1467 2665 1502 2722 ul
1522 2656 1645 2738 coeltlm,
1668 2677 1765 2742 lloqlle

218 2789 317 2856 κρισιν
341 2759 564 2857 δπαραῦολῆν
581 2770 637 2830 οῦκ
653 2758 833 2857 ἐπιδέχεται
848 2767 886 2833 τὸ
904 2790 965 2856 μα-
1020 2758 1062 2824 uti
1091 2779 1304 2846 quemeumque
1331 2763 1474 2862 mnndum
1500 2773 1553 2830 aut
1579 2783 1687 2845 sensu,
1713 2773 1765 2830 aut

217 2871 322 2964 κάμνον
346 2876 454 2952 ἐκεῖνο,
472 2877 592 2962 μᾶλλον
610 2864 644 2938 δὲ
661 2874 893 2965 μακαριότητος
909 2877 965 2938 αὑ.
1018 2872 1117 2930 mente
1128 2867 1292 2948 ragnilnm3
1308 2877 1486 2935 8888811161]
1500 2869 1595 2936 veluti
1609 2869 1715 2949 Deum,
1732 2868 1763 2933 ld

216 2991 274 3058 τῆς
287 2980 436 3072 ὑπεράνω.
447 2982 491 3048 Tb
505 2972 538 3048 δὲ
550 2981 678 3072 ὕστερον
690 2991 748 3059 τῆς
761 2972 964 3058 διδασκαλίας
1018 2974 1111 3040 uerbo
1131 2975 1227 3042 dicere
1246 2977 1272 3042 si
1292 2977 1336 3042 ias
1357 2987 1414 3045 est.
1437 2977 1666 3046 Similitudinum
1685 2978 1764 3044 enim
1806 3038 1807 3042 ,

216 3087 412 3180 ὕφη-μίσεος,
425 3088 462 3154 τὸ
475 3093 516 3164 ὡς
529 3087 696 3179 ἄνθρωπος,
713 3090 804 3154 ἕνεκα
818 3099 874 3154 τοῦ
890 3113 965 3154 παι.
1018 3091 1070 3147 aut
1090 3086 1338 3168 comparationem
1351 3097 1404 3154 aut
1417 3087 1583 3170 analogiam
1603 3088 1634 3152 in
1654 3106 1686 3154 se
1706 3105 1766 3153 nou

140 3281 144 3290 .
217 3187 323 3260 δεῦσαι
345 3192 417 3270 τοὺς
436 3204 580 3286 γηγενεῖς
597 3200 690 3283 ἡμᾶς,
709 3197 759 3259 ἵνα
774 3194 817 3284 μὴ
843 3194 900 3272 τὰς
916 3199 965 3286 ὁρ-
1018 3191 1124 3274 recipit
1138 3193 1199 3257 llns
1220 3192 1292 3258 illud
1313 3194 1442 3274 beatum,
1458 3195 1530 3279 quin
1544 3196 1634 3260 immo
1651 3213 1766 3261 ornnem

217 3300 276 3394 γᾶς
300 3302 354 3368 καί
375 3300 433 3377 τὰς
455 3303 605 3392 τιμωρίας
630 3301 722 3394 μέχρι
743 3303 861 3380 παντὸς
885 3307 964 3368 ἀπο-
1017 3316 1159 3382 superans
1169 3301 1392 3368 beatitudinem.
1406 3301 1556 3369 Posterius
1566 3321 1637 3370 vero
1649 3303 1765 3370 diooudi

217 3411 367 3500 τείνωμεν
380 3399 540 3485 ἀοπίνδως
555 3407 609 3474 καί
625 3402 813 3498 ἀπιμῦάτωζ
826 3409 963 3500 ἔχοντες·
1016 3423 1124 3488 3111113,
1138 3427 1197 3493 qno
1217 3410 1349 3476 doctrina
1369 3409 1536 3495 exponitur,
1553 3411 1626 3476 illud
1647 3420 1693 3478 est
1707 3430 1766 3497 qua

216 3515 255 3582 τδ
267 3507 319 3582 οὖν
333 3507 477 3604 διενοήθη
493 3514 544 3580 ἐπί
558 3520 639 3582 Θεοῦ
655 3521 894 3609 κυμιολογεῒται,
907 3527 963 3583 τοῦ
1017 3513 1097 3580 Deus
1117 3515 1246 3601 loquitur
1259 3528 1293 3584 ut
1306 3517 1404 3600 bomo,
1423 3527 1456 3585 nt
1469 3537 1524 3586 nos
1544 3519 1659 3586 erudiat
1680 3521 1765 3588 terri-

216 3622 276 3697 τὴν
296 3622 425 3716 γνώμην
441 3623 495 3686 καί
510 3621 570 3696 τὴν
587 3615 724 3689 διάνοιαν
742 3617 961 3708 praeoedere.
1017 3640 1120 3707 ganas,
1136 3644 1174 3693 ne
1186 3626 1338 3694 vindictas
1352 3636 1383 3695 et
1395 3628 1604 3712 castigationes
1623 3631 1662 3697 ad
1677 3631 1765 3697 finem

1016 3750 1111 3816 usqne
1125 3751 1241 3802 omnem
1254 3734 1460 3814 extendamus,
1476 3735 1652 3820 implacabili
1670 3746 1700 3802 at
1713 3737 1765 3802 ob-

1017 3840 1128 3906 stinata
1148 3842 1324 3924 peruicacia.
1348 3843 1432 3910 Unde
1451 3844 1576 3910 verbum
1597 3844 1668 3910 illud
1689 3847 1764 3930 copi

1017 3945 1090 4008 tooit
1101 3965 1206 4027 secum,
1223 3949 1373 4032 proprium
1387 3949 1439 4014 liei
1453 3958 1511 4030 est,
1523 3951 1605 4034 cujus
1619 3952 1763 4018 sententia

1014 4060 1046 4117 et
1060 4053 1215 4118 consilium
1232 4054 1397 4121 firmissima
1412 4064 1492 4121 sunt.

259 4161 298 4228 ll.
323 4169 385 4229 Τοῦ
409 4167 514 4242 αὑτοῦ,
530 4165 565 4228 ia
581 4171 639 4238 τῆς
655 4159 740 4228 κατὰ
755 4161 867 4226 limoso
883 4165 962 4226 Koo-
1054 4157 1094 4224 11.
1117 4159 1276 4243 Ejusdem,
1299 4183 1335 4238 ca
1356 4163 1430 4228 libra
1451 4163 1485 4226 da
1507 4163 1643 4232 Maedica
1667 4166 1766 4230 mantii

217 4273 369 4362 promotione.
594 4335 598 4342 ,
1014 4263 1109 4346 [altit
1132 4315 1139 4329 ·

260 4368 358 4442 ’Ίδιον
383 4381 473 4454 Θεοῦ,
489 4373 532 4440 τὰ
555 4365 696 4454 ἀδύνατα
718 4373 815 4440 παντί
836 4384 961 4466 γενητῷ
1055 4371 1214 4439 Adaeum
1235 4373 1376 4457 pertinet,
1399 4383 1432 4440 nl
1453 4391 1519 4458 qnae
1539 4393 1625 4441 nerna
1645 4394 1763 4460 prorsus

219 4485 305 4574 μόνῳ
330 4475 452 4550 δυνατὰ
474 4481 529 4548 καί
551 4481 635 4548 κατὰ
657 4482 768 4574 χειρίς.
1014 4477 1119 4545 horum
1140 4479 1190 4563 qui
1217 4479 1310 4559 fiunt,
1333 4482 1427 4548 tacere
1452 4483 1565 4566 possit,
1593 4483 1658 4567 ipse
1685 4486 1764 4551 solus

1015 4600 1148 4673 prompta
1170 4607 1259 4656 mann
1281 4591 1379 4658 iaciat.

261 4693 315 4759 111.
334 4703 396 4762 Τοῦ
412 4699 518 4775 αὑτοῦ,
534 4697 569 4760 ἐκ
584 4703 643 4771 τῆς
657 4693 742 4761 κατὰ
756 4695 868 4760 Mucio
883 4701 962 4761 Κοσ-
1054 4695 1108 4761 ln.
1131 4697 1284 4781 Ejusdem,
1300 4699 1616 4764 accommodandum
1635 4697 1766 4782 Mopsum

217 4805 370 4894 μοποιΐας.
1014 4805 1114 4869 mundi
1132 4805 1260 4887 ίαδνίοα.

260 4917 325 4977 Οὐκ
347 4915 388 4988 ὡς
404 4909 538 5000 πέφυκεν
555 4913 571 4974 ὁ
587 4910 666 4987 Θεὸς
689 4903 723 4976 εὖ
745 4919 855 4992 ποιεῖν,
879 4912 960 4977 οὕτω
1055 4911 1190 4992 Qualiter
1203 4930 1294 4996 penes
1308 4912 1403 4980 Deum
1419 4923 1466 4979 cst
1486 4913 1668 4992 benefacere,
1684 4911 1763 4977 baud

247 5137 281 5194 n.
301 5137 344 5192 lix
363 5137 413 5193 iol.
436 5134 650 5192 rasoriorum
669 5135 720 5194 ror.
743 5133 803 5194 151.
825 5139 906 5196 Prior
918 5139 959 5196 lo·
1048 5140 1093 5197 ΙΙΙ.
1114 5140 1155 5195 Ex
1176 5139 1226 5196 sol.
1246 5136 1312 5210 259,
1331 5141 1361 5196 in
1380 5141 1484 5213 pagina
1500 5141 1600 5198 altera.
1621 5141 1688 5196 Haec
1708 5159 1760 5196 us-

211 5244 262 5282 cus
280 5227 363 5282 babet
381 5231 413 5280 τὰ
432 5229 534 5294 δυνατὰ,
554 5226 693 5300 posterior
710 5231 744 5280 τὰ
762 5228 883 5282 ἀδύνατα.
1017 5231 1213 5286 cossitudinem
1233 5230 1336 5285 habant
1352 5247 1414 5285 cum
1433 5247 1497 5302 sqq.
1516 5245 1566 5288 11111
1584 5237 1613 5285 εί
1630 5247 1688 5287 xix.

377 5315 442 5360 ann.
459 5315 491 5362 11.
501 5313 538 5361 aa.
