4064 6108
355 859 792 994 CLEMENS
843 854 1616 991 ALEXANDRINUS.

247 1501 397 1584 liupo.
422 1502 447 1578 1,
472 1503 500 1566 o.
525 1495 651 1577 Ἐπειδὴ
674 1497 890 1597 παιδαγωγίας
915 1499 955 1569 el·
1049 1501 1072 1566 1.
1096 1501 1338 1586 Quandoquidem
1358 1503 1422 1569 laus
1449 1503 1640 1570 beatitudinis
1665 1505 1757 1570 torma

209 1603 260 1686 δός
283 1612 350 1675 ἐστι
373 1609 427 1673 καί
449 1615 465 1674 ὸ
490 1611 697 1700 μακαρισμὸς,
714 1610 768 1674 καί
792 1604 955 1699 μακαρίζει
1009 1627 1125 1692 quoque
1137 1607 1318 1692 paedagogiis
1328 1610 1378 1690 sit,
1391 1629 1540 1695 quamque
1550 1630 1586 1676 ex
1602 1627 1660 1675 una
1674 1621 1758 1694 parte

208 1717 263 1806 μὲν
281 1722 297 1781 a
313 1709 410 1782 Λννιλ
425 1719 479 1784 ebo
501 1718 542 1807 μὴ
569 1729 637 1795 ναις
653 1718 787 1797 ewen„
804 1729 867 1783 τῶν
885 1723 955 1785 dos·
1008 1713 1107 1780 Ilouid
1119 1716 1237 1782 bertum
1252 1716 1401 1782 renuntiet
1414 1716 1512 1782 uirum
1523 1716 1619 1794 illum,
1633 1717 1682 1802 qui
1698 1735 1756 1782 non

208 1817 271 1890 δῶν
287 1826 557 1915 ἑπιπορευόρενον,
572 1817 653 1914 μηδὲ
667 1837 708 1912 τῇ
722 1836 843 1917 πονηρᾷ
858 1821 954 1918 τρίόῳ
1009 1823 1072 1890 obit
1092 1822 1123 1886 in
1136 1841 1248 1888 errores
1269 1823 1436 1906 impiorum,
1453 1841 1550 1906 neque
1570 1824 1706 1892 consistit
1727 1823 1758 1888 in
1813 1869 1824 1887 ι

208 1923 266 2009 τῆς
283 1936 436 2023 ἁμαρτίας
453 1926 505 2000 διὰ
522 1932 634 2019 βάθους
651 1935 859 2025 ἐνιστάμενον,
874 1927 955 2024 μηδὲ
1010 1944 1103 2009 prava
1114 1927 1226 2010 llessssati
1237 1929 1650 2012 ⁸0ffli¹³s¹⁸¹8³⁸⁰⁰ffl²u⁸s⁸0d
1662 1949 1757 2015 neque

209 2040 356 2112 dulcesce
381 2039 434 2104 eet
457 2031 685 2131 νννθνλρνμςννν
700 2045 801 2125 tenea
817 2041 876 2114 ,op
900 2065 956 2106 να.
1009 2034 1141 2100 studiose
1154 2043 1281 2100 sectatur
1295 2035 1436 2101 molitiem
1451 2037 1617 2103 irremotam
1634 2046 1664 2103 et
1683 2057 1758 2104 con-

208 2147 278 2209 aleo
299 2138 535 2224 ὲννννηδνίννννν,
554 2147 638 2214 ἀλλὰ
653 2157 698 2232 τῷ
715 2148 787 2233 θείῳ
803 2149 887 2236 νόμῳ
904 2173 956 2213 co·
1008 2141 1168 2208 stabilitam
1178 2159 1186 2222 ;
1211 2142 1291 2208 illurn
1309 2141 1422 2208 seilicet
1436 2144 1486 2227 qni
1501 2143 1614 2210 diulnae
1634 2145 1692 2227 legi
1707 2144 1758 2209 ed·

207 2252 413 2342 ναπτόμενον,
433 2253 487 2318 καί
510 2245 561 2319 διὰ
585 2259 721 2345 pelet-tte
743 2255 803 2330 τὴν
828 2259 952 2330 ἀπλανῆ
1009 2250 1109 2331 baeret,
1125 2268 1160 2315 eo
1174 2249 1364 2317 meditatione
1380 2269 1460 2331 usus,
1475 2262 1585 2316 rectam
1599 2251 1654 2318 sibi
1677 2252 1757 2318 viem

208 2362 333 2453 πορείαν
357 2361 570 2452 κατορθοῦντα
590 2366 702 2449 ἑαυτῷ,
719 2369 759 2440 ὡς
783 2363 819 2429 ἂν
836 2357 955 2455 ἑνριζω-
1009 2366 1040 2424 et
1058 2357 1166 2424 erroris
1185 2363 1334 2441 expertem
1355 2359 1459 2424 sternit
1466 2377 1475 2441 ;
1492 2367 1525 2426 ut
1544 2360 1639 2426 ueluti
1659 2362 1758 2438 arbor,

209 2468 287 2546 θείη,
303 2479 399 2559 ρυτοῦ
417 2461 517 2548 δίκην,
530 2473 615 2553 αὐτῷ
631 2477 650 2544 ἡ
668 2472 742 2561 πρὸς
758 2473 796 2537 τδ
812 2481 953 2562 κρεῖττον
1009 2464 1150 2530 radicitus
1167 2462 1277 2530 haereal
1297 2464 1334 2530 ad
1351 2465 1471 2531 meliora
1485 2465 1633 2540 habitud0,
1650 2465 1759 2532 divinis

209 2569 277 2655 ἕξις,
301 2585 369 2652 ταῖς
393 2574 486 2652 θείαις
511 2566 725 2654 διδασκαλίαις
748 2570 953 2668 ἐπαρδομίνη·
1008 2571 1128 2654 irrigata
1145 2571 1304 2638 doctrinis:
1321 2590 1357 2638 cr
1379 2572 1470 2638 altera
1485 2591 1557 2640 uero
1572 2581 1654 2657 porte
1668 2591 1757 2656 quum

210 2681 314 2759 τίθησι
337 2674 371 2748 δὲ
387 2682 411 2770 ¹)
430 2683 484 2748 καί
498 2683 536 2749 ob
552 2685 705 2774 ἐπιτίμιον
722 2694 785 2750 τῶν
809 2690 955 2776 ἁμαρτω·
1008 2679 1152 2765 propheta
1174 2679 1309 2745 instituat
1328 2690 1512 2765 peecatorum
1533 2699 1667 2766 lloessdm,
1689 2682 1760 2747 dum

210 2792 274 2854 λῶν
306 2791 518 2880 ὁπρορήτης,
542 2790 580 2854 τὸ
605 2781 826 2882 εὐδιαφόρητον
851 2796 953 2856 αὑτῶν
1008 2789 1104 2854 levem
1114 2806 1214 2854 corum
1226 2787 1428 2853 ostenditesse
1440 2787 1582 2867 laborem,
1594 2796 1759 2852 etenento

211 2882 311 2974 δείξας
328 2897 381 2961 καί
396 2898 434 2962 ab
447 2897 625 2987 ὑπηνέμιον,
639 2897 692 2961 καί
707 2897 766 2986 τὴν
780 2900 850 2962 κατ’
865 2892 953 2977 ἀξίαν
1009 2895 1195 2977 dissipatum,
1219 2895 1346 2979 dumque
1367 2894 1425 2959 illis
1447 2894 1573 2959 intentat
1593 2893 1759 2973 castigatio·

211 3003 486 3093 ἐπανατεινόμενος
517 3003 655 3068 κόλασιν·
687 3007 873 3093 ἀποστῶμεν
896 3014 954 3080 τῆς
1010 3021 1075 3068 nem
1092 3020 1143 3082 pro
1158 3002 1440 3069 meritislueatlam:
1457 3002 1759 3068 amalodeclinamtrs

211 3113 319 3186 κακίας
333 3116 361 3194 (ἡ
377 3110 436 3203 γὰρ
449 3109 557 3200 πρώτιι
573 3111 646 3198 πρὸς
658 3108 695 3175 τό
710 3109 825 3202 ἀγαθόν
839 3102 955 3187 εἴσοδος
1010 3111 1134 3194 (primus
1153 3111 1232 3176 enim
1253 3111 1292 3176 ad
1316 3111 1425 3177 bonum
1446 3111 1558 3190 gradus
1578 3119 1624 3176 est
1643 3109 1760 3174 aversio

210 3223 229 3288 ἡ
255 3227 317 3282 τῶν
334 3219 479 3282 ἐναντίων
496 3218 579 3283 ἐστίν
597 3217 778 3296 ἀπόστασις,
800 3211 841 3283 δι’
856 3214 892 3294 ἧς
909 3219 956 3310 pi·
1009 3214 1204 3292 econtrario,
1225 3233 1282 3297 qua
1299 3217 1330 3280 tit
1351 3215 1480 3280 melioris
1499 3215 1567 3281 boni
1588 3213 1755 3296 assecutio),

245 3434 265 3487 l.
280 3433 322 3487 Ex
337 3431 424 3489 Pelet.
441 3431 504 3500 247,
519 3431 540 3486 f.
558 3430 599 3489 ll.
612 3431 731 3502 Similis,
745 3433 792 3488 sed
808 3435 836 3488 in
848 3436 954 3506 paucis,

210 3523 342 3596 leguntur·
367 3524 396 3577 in
421 3523 584 3596 Paedapopi
607 3523 680 3578 libro
705 3539 725 3590 r,
745 3540 807 3595 cep.
827 3541 846 3592 1,
867 3543 894 3596 p.
921 3523 957 3582 57

1011 3431 1102 3485 ximus
1125 3430 1235 3485 videtur
1256 3429 1423 3499 Clementis,
1444 3431 1593 3487 Pantaenus
1619 3430 1756 3487 fortasse:

1012 3546 1025 3568 e
1037 3519 1119 3576 Alius
1128 3523 1219 3576 enimn
1228 3521 1337 3576 dioebei
1348 3521 1440 3593 magis
1451 3519 1566 3593 proprie
1577 3521 1757 3594 (κυριώτερον),

211 3612 316 3668 Potter.
336 3611 455 3682 (Pateat.
474 3628 520 3684 pr.
534 3616 552 3669 t.
569 3626 630 3680 urrr,
643 3609 697 3668 col.
717 3609 771 3666 360
790 3613 842 3676 Al:
859 3611 917 3664 Ἔτι
930 3613 956 3664 al

209 3707 251 3756 καί
271 3705 332 3756 tato
352 3697 414 3764 είδος
434 3701 508 3754 αὐτοῦ
527 3701 701 3774 παιδαγωγίας
716 3703 727 3753 ὁ
741 3703 908 3774 μακαρισμός,
929 3706 957 3756 et

209 3793 325 3848 adducto
344 3791 444 3864 psalmi
464 3807 473 3846 1
492 3791 582 3858 initio,
605 3791 732 3846 Clemens
749 3791 782 3846 ad
799 3790 855 3846 elie
873 3809 956 3864 quarn

210 3885 304 3935 nostre
324 3897 475 3935 excurrens
494 3877 707 3950 aliquantulum,
725 3897 790 3934 mon
809 3881 910 3935 recidit
928 3882 956 3934 in

209 3970 342 4042 spodosin
361 3973 484 4024 nostram
510 3985 593 4040 perce
612 3973 753 4026 ιιιιιίείειιι,
773 3970 839 4033 Ques
865 3975 956 4025 autern

209 4057 365 4122 attulimus,
376 4059 486 4112 iteratis
497 4056 630 4128 eJ'usdem,
642 4062 673 4111 ut
682 4057 793 4128 opinor,
805 4059 880 4113 curis
890 4075 958 4137 con·

209 4147 320 4201 sinnius
330 4144 522 4218 expoliuntur,
535 4161 567 4200 eo
578 4145 694 4217 proinde
708 4144 737 4199 in
750 4144 870 4200 secundo
883 4146 914 4203 P.
926 4145 956 4202 0.

210 4233 323 4304 sacculo,
338 4235 368 4289 in
380 4253 434 4307 quo
448 4235 625 4290 doctissimus
639 4237 734 4289 noster
746 4235 883 4293 Noun-rius
903 4252 957 4290 non

210 4321 319 4378 dubitat
333 4322 488 4394 composita
506 4321 593 4377 fuisse
613 4321 764 4378 Clementis
777 4340 872 4395 opera.
888 4324 958 4380 Goe-

211 4416 268 4465 lum
287 4411 341 4466 erit
359 4411 488 4466 conferre
501 4409 677 4483 Discipulum
689 4428 752 4467 cnm
764 4412 916 4483 Magistro,
930 4417 958 4467 et

211 4498 346 4554 Clementi
359 4500 506 4554 admovere
517 4517 581 4555 mox
595 4501 758 4573 Origenem,
771 4502 843 4555 idem
856 4500 958 4574 psalmi

210 4589 292 4660 primi
305 4589 473 4663 prooemium
484 4589 671 4644 adornantem.
682 4619 716 4632 -
730 4591 896 4656 Quinimmo
908 4592 958 4645 ed·

212 4682 270 4736 sint
286 4679 368 4734 nobis
385 4677 439 4733 dno
457 4681 582 4733 seniores
599 4677 793 4747 Alexandrini,
805 4696 882 4751 quoe,
894 4685 959 4752 post

210 4769 374 4832 Bernebem,
387 4766 460 4822 idem
473 4767 552 4822 nobis
564 4767 618 4823 buo
629 4767 741 4824 adducit
751 4767 888 4842 Clemens,
900 4769 958 4825 iere

210 4856 433 4911 venerabundus:
457 4881 470 4904 ι
480 4856 582 4911 Audiri
598 4873 650 4928 ego
664 4858 755 4913 virtum
769 4859 798 4912 in
812 4859 855 4913 bis
872 4860 958 4916 rebus

211 4969 224 4991 ν
237 4947 358 5014 doctum,
375 4945 513 5000 dicentem
532 4947 684 5002 eonsilium
696 4951 849 5018 impioram
866 4949 959 5020 signi-

211 5058 224 5080 n
236 5036 319 5089 licere
337 5037 454 5106 gentes,
473 5038 551 5090 ciam
568 5039 660 5089 eutem
675 5047 856 5106 peccatorum
865 5038 957 5110 judei-

212 5147 224 5171 ν
236 5140 296 5178 cem
306 5124 483 5196 opinionem3
498 5129 527 5179 et
534 5127 711 5195 pestilentiae
723 5128 886 5183 cathedram
898 5127 957 5183 bm-

212 5233 224 5258 ν
237 5227 313 5266 reses
322 5213 564 5284 interpretantem.
577 5237 590 5262 ι
602 5214 731 5270 Succedit
740 5214 823 5286 alter,
834 5217 882 5288 qul
891 5234 957 5290 pro-

1012 3633 1024 3657 ·
1037 3609 1248 3682 intelligendam
1266 3611 1377 3683 quidem
1393 3627 1453 3665 esse
1471 3613 1590 3683 primam
1608 3612 1759 3666 beatitudi-

1012 3723 1024 3745 ν
1037 3717 1116 3770 nem,
1139 3699 1172 3752 de
1194 3699 1231 3754 iis
1252 3699 1299 3772 qui
1324 3716 1380 3755 non
1404 3704 1470 3755 sunt
1496 3699 1646 3754 sceleratas
1668 3701 1758 3755 secuti

1012 3811 1024 3835 e
1036 3789 1199 3856 sententies,
1217 3804 1281 3859 qum
1301 3803 1318 3841 a
1336 3789 1392 3843 Deo
1410 3787 1588 3858 deiecerunt,
1609 3787 1757 3843 secundem

1013 3902 1025 3923 ι
1038 3884 1129 3934 eutem
1140 3878 1174 3933 de
1187 3880 1222 3932 iis
1241 3878 1332 3950 quiin
1351 3877 1408 3933 late
1425 3881 1470 3934 vie
1488 3895 1544 3933 non
1563 3879 1686 3946 manent,
1699 3878 1758 3932 sire

1013 3991 1025 4013 ο
1038 3967 1138 4022 nutriti
1151 3968 1180 4022 in
1193 3966 1278 4039 Lege,
1291 3967 1350 4021 eive
1362 3983 1396 4021 ex
1411 3968 1541 4038 gentibus
1553 3966 1680 4020 conversi
1695 3962 1758 4019 lne-

1013 4081 1025 4102 ν
1038 4059 1105 4111 rint
1131 4056 1270 4113 Catloedra
1291 4058 1382 4111 eutem
1401 4057 1579 4125 pestilentiae
1603 4053 1709 4108 inerint
1729 4058 1758 4107 et

1013 4168 1025 4188 ν
1039 4145 1147 4199 theatra
1165 4148 1194 4198 et
1210 4142 1362 4200 tribunalis
1381 4149 1425 4212 (τὰ
1437 4144 1591 4212 δικαστήρια,
1605 4139 1674 4196 alibi
1694 4139 1758 4196 (lle-

1011 4251 1089 4290 mens
1104 4235 1266 4290 cathedram
1279 4235 1453 4304 pestilentiae
1468 4236 1548 4288 vocat
1560 4237 1594 4284 τὰ
1613 4233 1703 4284 στάδια
1715 4237 1758 4283 καὶ

1011 4329 1044 4375 τὰ
1062 4323 1153 4394 ticeps
1172 4321 1293 4395 Paedap.
1306 4337 1348 4390 ιιι,
1365 4319 1408 4389 ll,
1427 4322 1507 4378 Patr.
1529 4337 1587 4392 νιιι,
1603 4317 1690 4392 653.),
1709 4319 1759 4374 ubi

1013 4436 1025 4456 ··
1038 4413 1176 4485 imprimis
1185 4410 1276 4468 solent
1286 4411 1412 4466 homines
1421 4411 1502 4483 sequi
1511 4410 1651 4481 improbes
1660 4413 1689 4462 et
1698 4407 1759 4462 exi·

1013 4525 1026 4546 .
1039 4498 1120 4556 tiales
1138 4504 1302 4573 potestates,
1315 4505 1344 4555 et
1361 4515 1476 4572 operum
1494 4514 1590 4554 esrum
1607 4493 1760 4570 participes

1013 4613 1026 4634 ο
1038 4591 1109 4646 deri.
1122 4613 1135 4637 ο
1158 4593 1256 4646 Graece
1273 4590 1335 4646 vide
1354 4591 1382 4644 in
1403 4591 1506 4646 Strom.
1526 4603 1562 4656 ιι,
1585 4586 1627 4656 15,
1647 4588 1756 4643 Patrai.

1012 4697 1072 4748 νιιι,
1096 4679 1165 4736 1005
1186 4684 1217 4738 B.

1049 4771 1071 4835 ¹)
1091 4772 1200 4828 Patrol.
1213 4769 1267 4825 ³60
1283 4774 1318 4824 B:
1341 4775 1374 4824 Ta
1394 4770 1516 4842 ἐπιτίμιον
1535 4772 1584 4822 τῶν
1602 4772 1758 4840 ἁμαρτωλῶν

1011 4865 1055 4913 καί
1073 4864 1102 4913 τὸ
1122 4860 1297 4931 εὐδιαφόρητον
1317 4860 1459 4912 αὐτῶνκαὶ
1479 4863 1506 4912 τό
1526 4859 1658 4928 antipae
1677 4857 1758 4920 δείξας

1012 4949 1024 5000 ὁ
1043 4952 1212 5020 παιδαγωγός,
1233 4948 1388 5019 ἀπετρίψατο
1402 4952 1445 5010 τῆς
1465 4949 1548 5009 αἰτίας
1561 4952 1602 5000 διὰ
1620 4951 1663 5009 τῆς
1682 4949 1761 5001 ίπετε·

1012 5036 1080 5106 μίας,
1093 5044 1136 5090 καί
1150 5038 1193 5094 τὴν
1207 5037 1308 5089 κόλασιν
1317 5039 1536 5110 ἐπανατεινόμενος
1551 5039 1594 5094 τόν
1606 5037 1662 5091 κατ’
1678 5036 1758 5104 ἀξίαν,

1011 5131 1055 5188 τῆς
1074 5127 1213 5198 εὐεργεσίας
1232 5127 1366 5189 ἐνεδείξατο
1388 5128 1432 5184 τόν
1457 5128 1565 5182 εὐποιίαν
1587 5129 1760 5197 τεχνικώτατα

1012 5219 1052 5270 ἐπὶ
1071 5219 1115 5274 τόν
1135 5221 1220 5288 χρῆσιν
1239 5219 1306 5288 ἡμᾶς
1325 5223 1368 5270 καὶ
1382 5218 1426 5275 τόν
1445 5222 1530 5275 κτῆσιν
1550 5221 1598 5272 τῶν
1616 5223 1702 5272 καλῶν
1718 5223 1758 5274 oua
