4064 6108
765 477 999 544 FRAGMENTA
1024 476 1270 544 cclsttrtltttt

248 633 372 722 ἀμοιρεῖ
399 639 462 696 τῶν
492 639 548 694 τοῦ
580 636 660 695 Θεοῦ
683 630 903 722 χαρισμάτων,
929 629 996 697 ἐπεὶ

246 735 371 813 πάντως
388 735 425 802 ἀν
442 727 617 827 διέφθαρτο,
634 736 734 827 φέρειν
751 728 785 802 δὲ
799 735 859 802 τόν
873 734 994 810 πολλὴν

248 842 302 908 καὶ
314 842 446 934 ἀρθονον
458 848 561 910 αὐτῶν
574 844 680 936 ῥώμην
694 836 850 910 ἀδυνατεῖ·
864 837 911 910 διδ
925 847 996 929 βου-

222 933 380 1040 ’λόμενος
401 951 506 1026 όνησιν
530 957 614 1040 ἡμᾶς
637 952 730 1042 ἔχειν,
750 945 792 1016 ὧν
816 943 995 1031 ἐπιδίδοσιν,

247 1059 321 1148 πρὸς
336 1058 396 1134 τάν
420 1068 482 1125 τῶν
506 1053 731 1150 λαμόανόντων
750 1059 837 1152 ἰσχὺν
854 1059 897 1126 τά
913 1052 996 1126 διδό-

247 1189 326 1254 μενα
349 1165 539 1256 σταθμᾶται.
797 1177 800 1184 “

289 1271 340 1336 IX.
364 1273 418 1339 Ἐκ
441 1285 500 1350 της
523 1273 624 1365 νόμων
649 1277 847 1367 ἀλληγορίας.

290 1386 356 1448 Οὐκ
372 1387 403 1448 ἐν
420 1382 523 1475 χρόνῳ
538 1385 576 1449 τό
593 1385 702 1462 αἴτιον,
719 1376 790 1450 οὐδὲ
812 1384 946 1460 συνόλως
962 1386 993 1448 ἐν

244 1489 345 1576 τόπῳ,
368 1490 440 1557 ἀλλ’
456 1491 597 1582 ὑπεράνω
613 1492 667 1556 καὶ
681 1491 780 1557 τόπου
797 1491 851 1557 καὶ
873 1491 994 1583 χρόνου.

290 1705 325 1770 Χ.
349 1705 403 1773 Ἐκ
426 1717 488 1774 τῶν
513 1713 555 1786 εἰς
578 1709 698 1774 Γένεσιν
722 1703 927 1800 ζητημάτων.

291 1815 330 1880 Τί
344 1808 396 1880 οὖν
417 1813 609 1904 ἑνεθυμόθη;
626 1817 676 1882 ότι
696 1808 748 1882 διά
763 1817 802 1883 τό
818 1821 993 1908 εὐαρεστεῖν

246 1923 416 1995 πεποίηται
441 1921 641 2014 όάνθρωπος,
666 1927 700 1988 οὐ
724 1921 808 1989 κατά
831 1927 994 2014 ἀντιστρο-

246 2027 317 2118 piru,
335 2019 416 2094 διότι
439 2031 593 2108 ἐποίησεν,
619 2030 754 2108 ἀλλ’ὡς
777 2029 820 2120 μὴ
846 2035 993 2122 ὲμμεϊναν

245 2136 283 2202 τό
299 2135 422 2227 ποίημα
434 2147 474 2222 τῇ
493 2141 535 2213 εἰς
552 2137 753 2229 εὐαρέστησιν
770 2138 901 2213 ποιήσει.
915 2139 993 2229 Πρός

246 2235 298 2308 οὖν
320 2243 358 2308 τὸ
383 2245 506 2332 ποίημα
530 2247 546 2306 ό
569 2243 679 2335 λόγος,
704 2245 807 2335 ὥσπερ
831 2243 991 2336 σοφιστὴς,

246 2339 463 2440 διαλογιεῒται,
488 2354 522 2415 οὺ
536 2381 539 2388 ’
552 2341 632 2416 διότι
654 2350 846 2442 περότευκεν
878 2355 894 2415 ό
918 2351 992 2428 νόος,

245 2455 317 2522 ἀλλ’
342 2458 391 2524 ὅτι
414 2456 565 2548 προελθὸν
591 2449 642 2524 διά
670 2457 831 2550 ρᾳθυμίαν,
861 2450 994 2550 διαμαρ-

244 2564 332 2630 τάνει
355 2576 414 2642 της
438 2565 654 2658 ἐγχειρήσεως.

288 2672 338 2736 xi.
364 2671 418 2739 Ἐκ
440 2683 504 2740 τῶν
528 2677 559 2739 ἐν
584 2673 705 2739 Γενέσει
729 2667 934 2764 ζητημάτων.

285 2784 339 2857 Ὣς
363 2779 520 2870 ἀμέτοχος
542 2781 663 2858 κακίας,
681 2780 762 2845 οὕτω
779 2781 833 2846 καὶ
856 2784 992 2860 ἀναίτιος

245 2886 369 2963 ὁΘεός.

288 2989 353 3054 1411.
376 2989 431 3056 Ἐκ
453 3000 509 3056 τοῦ
530 2989 655 3082 πρώτου
670 3001 733 3057 τῶν
751 2996 781 3058 ἐν
799 2985 915 3078 Ἐξόδῳ
939 2987 957 3073 ζ
979 3030 994 3044 ·

246 3097 409 3187 πομάτων.

288 3210 333 3271 O’u
356 3205 482 3270 πάντων
505 3203 709 3278 κοινωνητέον
725 3214 829 3284 πᾶσιν,
847 3209 919 3272 οὔτε
941 3207 995 3272 λό-

245 3336 308 3405 γων
334 3312 406 3377 οότε
429 3310 710 3403 πραγμάτων,καί
733 3310 874 3401 μάλιστα
899 3317 994 3405 ἱερῶν.

244 3416 353 3486 Πολλά
375 3415 435 3512 γάρ
458 3411 650 3510 προϋπάρξαι
667 3410 717 3485 δεῖ
737 3430 803 3496 τοῖς
825 3419 994 3510 ἐφιεμένοις

243 3538 301 3606 τῆς
325 3526 489 3617 μετουσιάς
508 3525 639 3592 τοότων.
657 3533 783 3617 Πρῶτον
801 3526 867 3616 μὲν,
883 3529 922 3593 τό
939 3527 995 3618 μό-

245 3657 354 3726 γιστον
366 3635 420 3701 καὶ
436 3635 698 3726 ἀναγκαιότατον,
711 3637 785 3728 πρὸς
801 3638 856 3702 τόν
873 3637 926 3702 ἕνα
941 3636 996 3703 καὶ

245 3739 340 3818 όντως
364 3741 441 3807 όντα
464 3743 544 3808 eece
568 3735 725 3808 εὐσέόειαν
749 3744 803 3808 καὶ
825 3742 994 3822 ὁσιότητα,

283 3972 332 4030 tx.
351 3975 393 4029 Ex
406 3975 457 4032 Iol.
471 3973 517 4045 30,
530 3981 559 4029 et
572 3973 622 4030 fol.
635 3975 682 4043 44,
694 3976 741 4030 ubi
760 3978 910 4032 ascribitur
923 3979 995 4036 littro

246 4064 281 4119 de
297 4061 442 4136 prosapie.
462 4093 496 4108 -
515 4065 546 4118 In
565 4063 627 4120 loeo
649 4064 678 4118 Ιο
698 4064 753 4117 etot
772 4063 811 4118 οὖν
832 4067 901 4126 ὅλως.

282 4153 318 4207 X.
339 4153 449 4208 1101101.
469 4152 534 4222 221,
554 4153 691 4225 descripsi
709 4153 770 4208 baec
789 4171 878 4225 pauca
896 4159 925 4210 et
943 4157 995 4210 ob-

246 4260 329 4299 scura
346 4245 375 4297 in
395 4243 568 4316 amplissimo
586 4241 660 4312 loeo,
679 4244 725 4298 abi
745 4244 810 4299 dato
829 4246 907 4316 quasi
927 4261 995 4300 con·

245 4331 311 4387 silio
320 4331 458 4404 decipula
471 4332 593 4404 singolis
602 4333 728 4388 versibus
738 4333 924 4389 offendebant.
936 4333 994 4389 lni-

245 4422 315 4476 tium
334 4421 408 4476 enim
427 4421 486 4484 ἶσως
505 4425 566 4482 τινός
585 4424 635 4476 τόν
648 4421 817 4484 descisceretis
829 4423 878 4494 (al.
893 4423 995 4497 εὖαγιο-

245 4513 337 4576 σάτον)
356 4509 463 4582 legitur
480 4509 509 4566 in
529 4510 603 4567 Phil.
623 4529 644 4579 1,
659 4510 996 4585 215,36-45,00000011κ

245 4598 312 4655 ibid.
330 4597 394 4665 276,
405 4595 502 4652 29-35.
516 4600 673 4655 Succedunt
691 4601 721 4654 in
738 4602 797 4656 ead.
818 4617 884 4671 pag.
898 4619 926 4654 ν.
945 4599 994 4654 41-

244 4683 289 4754 47·,
310 4686 372 4741 dein
391 4685 456 4754 277,
475 4685 521 4756 32ς
541 4691 600 4742 tum
618 4687 682 4757 280,
701 4687 719 4743 5
738 4687 997 4760 01283,40,101οι·

244 4789 307 4844 quaa
328 4775 462 4830 inseritur
479 4773 554 4831 alius
571 4775 661 4843 locus,
682 4778 710 4832 iu
729 4777 790 4833 eod.
810 4776 831 4834 I.
844 4775 880 4830 34
894 4781 995 4833 inscri-

247 4867 311 4933 ptus
329 4880 391 4918 oum
411 4863 495 4919 titulo
514 4881 549 4920 eu
563 4866 635 4922 libro
653 4867 725 4922 VIII
733 4878 760 4922 et
777 4867 823 4922 IX
838 4867 995 4940 Atlepors'a·

245 4969 327 5007 rum:
340 4955 388 5025 qui
402 4951 481 5008 locus
494 4954 561 5009 adeo
574 4955 735 5026 Mangeium
755 4955 869 5026 fefellit,
885 4963 916 5013 ut
933 4977 995 5015 sum

246 5041 354 5097 dederit
371 5046 503 5114 tanquam
522 5040 666 5112 ineditum,
679 5060 729 5101 nse
748 5045 810 5100 sine
827 5046 947 5116 mendis,
967 5050 995 5104 in

248 5131 343 5186 eodem
362 5131 414 5186 boo
433 5135 507 5186 tomo
526 5145 547 5200 1,
566 5148 595 5202 p.
614 5129 679 5201 203,
692 5149 724 5187 ac
743 5135 769 5188 si
782 5137 858 5189 esset
874 5152 941 5206 pars
953 5133 996 5190 la·

249 5221 349 5292 gitims
366 5219 432 5275 iibri
446 5220 585 5292 inseripti:
604 5223 684 5281 Quod
696 5223 820 5280 deterius
831 5227 935 5294 potiori
947 5229 995 5281 ι’κ-

1736 485 1792 548 307

1047 636 1176 693 creatum
1197 639 1254 707 est,
1276 648 1424 715 uunquam
1447 649 1505 696 non
1527 631 1640 716 indiget
1660 631 1714 697 Dei
1729 650 1792 700 mu·

1047 736 1178 817 neribus,
1200 756 1291 821 quum
1310 738 1429 806 omnino
1451 738 1480 804 id
1501 739 1681 822 corruptioni
1695 739 1795 823 subja·

1047 853 1124 925 reat,
1139 863 1194 912 nec
1213 846 1314 911 valeat
1333 847 1479 913 sustinere
1492 847 1676 914 oraculorum
1691 847 1795 931 ingens

1047 959 1078 1015 et
1091 951 1217 1016 immane
1231 952 1328 1018 robur.
1345 952 1415 1018 Ideo
1426 953 1475 1019 ille
1485 953 1604 1037 cupiens
1617 954 1704 1019 nobis
1717 973 1797 1020 emo

1047 1054 1179 1122 iumento
1193 1077 1258 1123 esse
1271 1075 1307 1124 ea
1320 1076 1387 1143 quae
1403 1059 1538 1142 largitur,
1555 1059 1639 1144 juxta
1653 1058 1794 1142 reeipien-

1049 1163 1121 1227 tium
1142 1164 1223 1230 rires
1242 1184 1366 1232 munera
1385 1167 1513 1233 metitur.

1087 1271 1138 1336 IX.
1160 1271 1211 1337 Iio
1230 1273 1387 1357 Atbporiir
1408 1273 1528 1359 Leptim.

1087 1379 1266 1464 Principium
1292 1401 1387 1465 neque
1414 1383 1446 1447 in
1465 1393 1596 1468 tempore
1614 1391 1677 1464 est,
1700 1401 1794 1467 neque

1046 1504 1165 1569 prorsus
1178 1488 1211 1554 in
1232 1489 1306 1571 loco,
1328 1489 1381 1555 sed
1394 1489 1481 1573 longe
1502 1491 1578 1556 ultra
1599 1499 1630 1559 et
1651 1491 1746 1556 iocum
1766 1498 1796 1557 et

1047 1602 1175 1677 tempus.

1087 1699 1123 1764 Χ.
1145 1701 1195 1766 Ee
1217 1702 1438 1780 Quaestionum
1457 1707 1488 1769 io
1508 1704 1647 1772 oseem.

1086 1806 1144 1872 Cur
1165 1809 1256 1887 igitur
1275 1810 1370 1876 Deum
1388 1811 1549 1894 poenituit‘l
1564 1811 1708 1879 Paenituit
1727 1831 1795 1879 eum
1893 1857 1897 1867 -

1047 1915 1116 1998 quia
1126 1925 1160 1981 ut
1170 1915 1221 1981 1110
1232 1917 1436 2000 delectaretur,
1445 1919 1559 1984 crearit
1569 1918 1795 1999 hominem,non

1046 2042 1118 2090 tero
1129 2025 1166 2088 ob
1182 2025 1419 2107 Inconstantiam,
1432 2028 1500 2112 quia
1514 2029 1647 2107 creavit;
1659 2029 1711 2094 sed
1726 2028 1795 2111 quia

1047 2151 1122 2214 opus
1142 2133 1206 2216 ejus
1228 2151 1287 2197 non
1305 2145 1505 2216 permanserat
1519 2137 1653 2220 inopere
1674 2154 1733 2218 qua
1746 2135 1796 2201 de·

1047 2238 1216 2304 lentaretur.
1234 2239 1309 2304 Cum
1329 2240 1384 2305 hae
1405 2240 1494 2324 igitur
1508 2251 1642 2307 creatura
1656 2241 1793 2322 Verbum,

1047 2344 1137 2410 utrir
1150 2346 1201 2430 qui
1217 2356 1449 2430 argumentatur,
1464 2348 1607 2415 rationem
1619 2349 1720 2428 inibit,
1734 2366 1794 2414 non

1046 2455 1125 2536 quod
1136 2473 1237 2522 reeens
1247 2464 1293 2520 est
1303 2464 1447 2536 ereatura,
1461 2456 1514 2523 sed
1523 2457 1602 2540 quod
1616 2457 1728 2537 adulta,
1741 2475 1794 2540 per

1049 2562 1266 2628 contumaciam
1284 2563 1395 2630 excidit
1414 2565 1453 2629 ab
1473 2583 1560 2650 opera
1581 2565 1741 2650 proposita.

1086 2669 1138 2736 xl.
1161 2669 1212 2734 Io
1234 2669 1452 2748 obtentionibus
1473 2673 1505 2736 io
1527 2673 1668 2754 (iocum.

1087 2778 1126 2843 Ut
1140 2778 1207 2842 maii
1221 2781 1367 2865 particeps
1381 2780 1485 2867 nequit
1497 2800 1561 2849 esse
1579 2781 1671 2862 Deus,
1688 2782 1729 2846 ita
1745 2799 1797 2845 ne·

1046 2904 1104 2967 que
1124 2894 1238 2952 auctor.

1086 2991 1150 3056 1111.
1167 2992 1217 3057 Iis
1231 2994 1304 3059 libro
1316 2998 1411 3080 primo
1432 2996 1634 3074 anodonom
1646 2997 1677 3061 iu
1692 2995 1796 3060 librom

1047 3096 1156 3163 Eoeodt'.

1087 3207 1191 3272 Omnia
1212 3227 1279 3274 cum
1304 3206 1441 3276 omnibus
1467 3210 1709 3276 communicanda
1737 3228 1798 3275 non

1048 3322 1129 3394 sunt,
1144 3315 1210 3381 sire
1224 3316 1418 3398 sermonibus,
1430 3317 1495 3382 sive
1510 3319 1613 3400 gestis,
1629 3326 1659 3383 et
1672 3316 1797 3382 maximo

1047 3420 1138 3484 sacris
1149 3420 1180 3485 in
1192 3421 1289 3486 rebus.
1303 3421 1396 3488 Multa
1411 3423 1490 3487 enim
1504 3422 1712 3505 premittenda
1726 3431 1798 3487 sunt

1047 3527 1251 3612 appetentibus
1278 3529 1383 3595 barum
1410 3549 1507 3596 rerum
1533 3549 1599 3598 esse
1625 3531 1795 3616 participes.

1048 3635 1178 3702 Primum
1192 3645 1247 3719 est,
1262 3647 1292 3704 et
1305 3636 1361 3703 hoc
1375 3638 1573 3722 maximopere
1587 3641 1795 3723 amessarIum,

1048 3744 1143 3829 pietas
1156 3753 1187 3812 et
1200 3746 1352 3812 veneratio
1365 3765 1436 3830 erga
1450 3746 1546 3813 Deum
1566 3768 1656 3814 unum
1676 3765 1713 3814 ac
1726 3768 1797 3815 vere

1048 3984 1182 4049 sidietur,
1200 3981 1264 4036 dum
1284 3998 1356 4037 nune
1375 3987 1431 4036 mm
1444 3981 1588 4054 illaquam
1601 3986 1694 4040 omnis
1713 4001 1797 4056 sups-

1047 4074 1107 4126 rius
1131 4069 1235 4138 relata,
1260 4073 1371 4142 integra
1394 4070 1526 4142 legantur
1548 4075 1577 4126 in
1603 4073 1693 4129 libro:
1716 4076 1798 4134 Quod

1052 4163 1125 4216 Deus
1144 4170 1185 4215 ert
1202 4161 1397 4220 immutabilis.
1413 4159 1578 4232 Exemplum
1598 4162 1683 4216 habes
1702 4163 1795 4218 incre·

1049 4245 1176 4301 dibilium
1183 4248 1332 4322 ambagum
1339 4251 1368 4301 et
1377 4244 1552 4302 fallaciarum
1563 4265 1625 4320 quae
1632 4247 1798 4305 Philonisna

1047 4336 1277 4407 circumsepiunt.
1291 4336 1358 4401 Quae
1376 4353 1442 4392 vero
1461 4354 1522 4408 ego,
1535 4336 1608 4393 haud
1627 4339 1688 4393 sine
1706 4343 1794 4406 metu,

1048 4425 1095 4481 hic
1113 4426 1219 4480 retineo
1239 4429 1270 4480 ut
1287 4442 1367 4496 noea,
1386 4425 1459 4480 male
1478 4417 1617 4497 incipiunt
1635 4429 1663 4481 in
1685 4429 1746 4484 eod.
1766 4433 1795 4482 rt

1049 4517 1104 4581 νῦν,
1127 4517 1184 4569 tum
1209 4514 1358 4586 depravate
1382 4515 1484 4569 babent
1508 4515 1663 4586 τιρότηκιν,
1692 4515 1734 4571 rel
1760 4533 1794 4570 ex

1052 4603 1129 4657 inani
1147 4603 1319 4657 corrections
1337 4604 1495 4674 πεφοίτηκα.
1508 4603 1599 4658 Etiam
1616 4604 1733 4675 conjicit
1750 4607 1795 4659 vir

1051 4692 1149 4746 doctus
1169 4693 1181 4743 t
1200 4694 1262 4758 νοῦς,
1276 4691 1339 4745 dein
1358 4695 1483 4763 προελθὸν,
1502 4698 1629 4765 respectu
1653 4695 1687 4747 sd
1705 4695 1795 4748 subti-

1049 4779 1104 4835 lem
1118 4780 1245 4836 Philonis
1264 4781 1468 4855 theosophism,
1480 4799 1563 4856 quum
1583 4784 1715 4854 indagare
1733 4782 1795 4839 lon·

1050 4886 1115 4943 gum
1135 4874 1187 4925 est.

1084 4959 1132 5015 XI.
1152 4960 1194 5014 Ex
1214 4957 1264 5015 fol.
1282 4957 1348 5014 238.

1085 5048 1145 5104 xit.
1165 5049 1208 5102 Ex
1233 5046 1284 5104 fol.
1310 5046 1374 5104 205.
1394 5077 1429 5090 -
1447 5049 1509 5105 cod.
1530 5050 1636 5112 συνόλοις
1659 5051 1743 5124 ἀριδρ.
1762 5080 1797 5093 -

1050 5139 1230 5211 ἀνοργιάοτοις,
1250 5138 1279 5192 iu
1298 5153 1387 5208 marg.
1408 5138 1469 5193 cod.
1490 5141 1610 5210 ἀμυήτοις
1623 5169 1658 5182 ·-
1671 5142 1796 5211 ἀνήνυτον,

1049 5227 1116 5281 item
1135 5245 1150 5280 e
1169 5229 1286 5299 reglone
1305 5230 1445 5299 ἄτρακτον.
1457 5258 1492 5272 -
1508 5230 1537 5283 in
1557 5230 1610 5285 fine
1630 5230 1797 5290 ἔνολλοίωοιν,
