3976 6078
911 512 1095 608 111161

305 659 350 720 De
370 663 458 738 lepra
478 657 521 718 ad
544 658 691 734 letalium,
714 677 745 736 p.
767 655 836 716 616.
1103 657 1302 743 Miscettaaea
1329 657 1440 734 latitia,
1462 657 1576 718 Petrus
1608 655 1784 716 Monachus

285 769 351 830 ⁴De
373 767 567 842 sanquisupa
589 765 631 824 ad
644 764 849 824 Eustochium
865 785 894 844 p.
911 765 981 825 616.
1024 784 1055 844 6.
1079 763 1150 826 626.

305 875 557 935 Miscellaneam
578 873 728 956 Genesim,
752 892 782 952 p.
805 872 877 932 617.
1102 872 1325 952 Aglaophonos
1342 878 1495 950 excerpto
1521 876 1592 933 octo
1621 870 1744 950 syriace
1759 874 1783 932 t.

306 984 350 1043 De
372 981 601 1043 Resacrrectione
621 997 662 1040 cx
682 979 789 1039 codiee
815 977 986 1040 Coislinia·
1026 979 1081 1052 IV,
1107 997 1137 1056 p.
1160 978 1229 1038 201.
1254 979 1323 1039 434.

226 1109 278 1167 no,
302 1107 333 1169 p.
356 1090 425 1150 618.
535 1064 540 1073 ’
1089 1086 1139 1144 Ex
1161 1103 1302 1145 sermone
1324 1085 1357 1144 in
1381 1085 1596 1146 ascensionem
1613 1083 1737 1146 Domini
1752 1104 1783 1164 p.

308 1201 353 1258 De
375 1197 540 1274 martyrio,
564 1215 594 1274 p.
616 1195 686 1259 621.
793 1232 797 1238 -
881 1193 882 1200 ’
1029 1193 1100 1270 207,
1123 1193 1193 1254 439.

307 1313 351 1372 De
371 1308 620 1382 tiberoarbitrio,
644 1324 673 1383 p.
698 1303 766 1366 621.
902 1379 903 1382 Ἴ

306 1415 407 1478 Nemo
429 1421 539 1477 nostra
570 1434 632 1475 non
654 1414 776 1475 dividet
797 1420 884 1488 vota,
907 1419 943 1471 ut
977 1411 1015 1470 ab
1038 1411 1162 1470 homine
1185 1409 1297 1471 solerti
1329 1414 1362 1470 61
1382 1414 1523 1489 3116666,
1545 1410 1645 1472 variis
1667 1409 1787 1490 linguis

166 1571 170 1580 .
228 1531 352 1602 ornato,
376 1524 562 1585 absolvatur
576 1539 691 1582 novum
706 1539 783 1599 opus
806 1520 842 1579 de
864 1519 933 1580 vita
953 1522 986 1578 et
1006 1517 1135 1596 scriptis
1157 1518 1188 1577 S.
1211 1517 1525 1584 11611166116666166
1548 1517 1696 1597 11166616
1718 1535 1787 1597 pre-

227 1633 305 1694 tium
328 1637 424 1706 esset,
449 1630 553 1708 palam
576 1627 613 1688 fit
641 1645 681 1688 ex
699 1627 842 1686 omnibus
864 1644 932 1706 quae
955 1625 1041 1685 intra
1073 1631 1225 1708 angustos
1247 1625 1324 1685 fines
1354 1633 1491 1701 nostros,
1513 1643 1626 1704 graece,
1648 1625 1785 1703 syriace,

227 1739 399 1813 armeniae,
422 1733 560 1812 slavica,
576 1735 675 1797 latine
701 1733 925 1813 congessimus:
952 1751 988 1792 ac
1009 1732 1071 1794 nisi
1093 1738 1237 1793 extremo
1260 1727 1362 1794 limite
1383 1733 1574 1812 amplissimi
1595 1733 1673 1792 tomi
1698 1731 1786 1792 tertii

228 1844 383 1908 coarctati
406 1843 586 1918 fuissemus,
614 1841 752 1902 libenter
785 1840 946 1902 dimidiam
976 1846 1099 1919 partem
1119 1841 1259 1918 juvisset
1293 1841 1462 1902 restituere
1488 1841 1643 1902 librorum
1669 1840 1785 1900 616116·

228 1959 416 2014 surrectione
436 1957 469 2013 61
489 1953 586 2012 tibere
607 1949 758 2021 Arbitrio,
782 1949 820 2010 de
850 1949 963 2028 quibus
986 1953 1108 2009 tantum
1130 1949 1285 2027 ingratas,
1309 1948 1426 2028 spissas
1457 1955 1490 2010 61
1510 1949 1661 2010 obscuras
1683 1946 1787 2008 narie-

228 2066 312 2124 tates
332 2060 574 2121 cumulavimus.

298 2189 326 2235 3.
352 2188 555 2237 1111111663.

307 2283 470 2345 Seholium
491 2283 529 2344 de
544 2284 687 2364 psalmis,
708 2283 806 2352 t.111,
830 2281 900 2343 tou.
998 2291 1007 2306 ‘
1103 2282 1790 2364 RecensioHexaplorisprophetaeEzechie·

309 2392 568 2470 Recensiojuxta
582 2390 729 2469 Henapla
744 2389 898 2476 minorum
921 2405 992 2467 pro·
1034 2391 1088 2469 lis,
1111 2412 1141 2471 p.
1168 2393 1239 2473 567,
1263 2392 1392 2452 66116113
1424 2411 1494 2453 cum
1525 2392 1659 2452 Eusebio
1690 2391 1788 2468 euris,

229 2505 408 2584 phalarum,
432 2523 464 2581 p.
485 2502 556 2562 561.
1034 2518 1075 2562 ex
1092 2503 1198 2563 codice
1220 2503 1343 2564 abbatis
1364 2499 1573 2582 Apollinaris.

281 2632 328 2680 3.
355 2631 566 2679 6631611163
589 2631 842 2679 antiochenae.

309 2729 358 2788 Ex
380 2731 522 2790 tractatu
549 2729 587 2790 cle
615 2729 857 2804 Tmtatienibus,
879 2732 906 2789 t.
927 2728 982 2804 111,
1104 2730 1205 2810 Super
1234 2731 1366 2791 Verbum
1389 2732 1471 2792 Caro
1485 2735 1604 2808 suctum
1626 2738 1679 2803 631,
1697 2731 1773 2794 ibid.

229 2858 250 2918 p
283 2837 354 2916 210,
377 2841 447 2901 441.
1111 2837 1688 2917 1111661616611661363Ρ116116616,
1712 2839 1800 2899 ibid.

311 2950 360 3008 En
383 2948 517 3009 homilia
538 2949 686 3027 quadam,
709 2949 783 3009 ibid.
1108 2951 1145 3010 ln
1169 2969 1215 3027 ps.
1235 2951 1334 3024 XGll,
1357 2970 1387 3028 p.
1410 2949 1480 3026 212,
1498 2949 1567 3010 443.

310 3057 989 3136 6166131616Αά41666661661116666-
1047 3085 1050 3092 ·
1107 3059 1185 3118 'l'ria
1205 3057 1385 3136 fragmenta
1404 3061 1595 3137 dogmatica,
1618 3059 1694 3120 ibid.

230 3163 371 3240 cirinum,
394 3184 425 3244 p.
447 3165 518 3242 211,
533 3167 603 3226 442.
1109 3165 1237 3228 Scholia
1259 3168 1323 3228 tria
1344 3167 1377 3225 in
1399 3167 1581 3242 Proverbia,
1605 3170 1640 3227 ut
1658 3165 1755 3226 intra.

291 3273 443 3352 Agedum,
460 3273 708 3354 quandoquidem
725 3275 811 3338 inter
824 3277 936 3338 Patres
950 3275 1173 3338 Antouioaenos
1194 3274 1374 3336 Orientales
1390 3273 1512 3352 placuit
1533 3273 1690 3334 collocare
1706 3274 1788 3333 hunc

230 3387 374 3442 sanctum
397 3383 625 3460 patriarcham,
648 3384 701 3462 qui
715 3373 866 3446 adversus
887 3385 1023 3446 Arianos
1044 3385 1148 3446 calces
1169 3389 1202 3444 et
1224 3401 1347 3464 pugnos
1366 3382 1503 3457 exeruit,
1527 3383 1657 3444 schedas
1672 3384 1788 3442 iterum

230 3495 357 3551 nostras
378 3491 588 3568 excutiamus,
613 3500 648 3552 ut
671 3493 735 3555 tria
755 3493 904 3553 addamus
924 3492 1106 3571 fragmenta
1126 3509 1166 3551 ex
1188 3493 1254 3553 cod.
1279 3491 1452 3570 Baginensi
1473 3493 1524 3566 77,
1548 3491 1669 3568 inclyto
1691 3490 1790 3550 intar-

231 3605 319 3678 prete
338 3601 438 3662 David
462 3601 655 3662 Hoeschelio.
678 3603 818 3668 Quorum
843 3605 936 3681 plura
958 3603 1109 3664 accedunt
1132 3601 1170 3662 ad
1192 3601 1348 3680 insignem
1370 3599 1531 3662 Eusthatii
1553 3615 1792 3659 3616666636-

228 3725 285 3787 per
305 3711 374 3771 hoo:
402 3711 482 3771 Deus
503 3711 619 3771 creauit
639 3727 687 3770 me
708 3705 833 3769 initium
853 3711 979 3770 viarum
1006 3717 1062 3772 etc.
1085 3727 1104 3783 a
1124 3708 1321 3769 Theodoreto
1346 3727 1415 3768 eum
1437 3725 1550 3787 magno
1573 3707 1686 3786 plausu
1712 3703 1791 3765 reci-

231 3821 345 3895 tatum,
368 3817 401 3877 in
422 3837 482 3898 quo
503 3817 613 3878 sabula
634 3819 671 3877 de
692 3817 787 3878 Verbi
814 3817 846 3876 in
869 3817 1029 3881 creatione
1050 3817 1251 3897 generatione
1272 3815 1441 3895 temporali
1463 3815 1605 3877 funditus
1619 3813 1788 3875 evertitur.

312 3927 408 3988 Pron.
432 3928 478 3987 Ill
496 3945 525 3986 v.
543 3925 659 3987 13-15.
683 3918 842 4010 Μακάριες
869 3917 992 4006 ἄνθρω·
1115 3929 1230 3986 Beatus
1253 3928 1305 3986 air
1323 3927 1378 4004 qui
1409 3925 1525 3985 1666611
1544 3925 1740 4001 sapientiam,
1762 3927 1792 3982 et

232 4055 287 4108 πες
309 4033 336 4115 ¹)
357 4024 387 4105 ἒς
409 4017 475 4122 εὗρε
510 4023 635 4124 capiar,
669 4026 726 4094 καῖ
747 4027 855 4108 θνητός
877 4024 906 4105 ὃς
928 4021 990 4094 εἶδε
1033 4035 1175 4097 mortalis
1199 4034 1289 4093 borno
1317 4033 1373 4112 qui
1394 4032 1600 4111 prudentiam
1626 4029 1789 4092 intellemit.

232 4133 983 4233 6611666.Κρεῖσσονγᾶραύτνῖνὲμωορεύεσθαι
1029 4146 1161 4204 Praestat
1190 4144 1272 4202 etaim
1309 4143 1410 4218 ipsam
1443 4140 1628 4217 sapientiam
1657 4137 1791 4198 macari

230 4242 252 4316 n*
265 4237 398 4334 χρυσῖου
410 4245 466 4312 καί
476 4237 626 4335 cip-sapien
639 4241 822 4335 dnaaupa'g.
835 4241 983 4332 Τιμιωτέ-
1017 4271 1088 4331 prce
1103 4252 1176 4310 curi
1199 4257 1291 4327 atque
1304 4249 1429 4326 arpenti
1443 4247 1605 4308 thesauris.
1621 4247 1705 4308 Nam
1720 4265 1793 4325 pre·

232 4377 271 4446 pa
292 4349 326 4418 δέ
347 4358 427 4420 ἐστιν
450 4349 550 4419 λίθων
579 4354 766 4420 σολυτελῶν·
789 4358 843 4418 οὐκ
865 4350 986 4420 duniaci·
1024 4361 1132 4420 tiosior
1151 4367 1192 4418 est
1214 4358 1373 4436 lapidibus
1403 4357 1574 4435 acquisitis.
1596 4354 1670 4416 Non
1695 4373 1791 4437 appo·

233 4464 315 4540 ξεται
336 4465 417 4552 αὐτῇ
446 4460 532 4528 οὐδὲν
555 4458 702 4548 66166611·
725 4452 895 4552 adpreende
925 4468 990 4528 ἐστι
1030 4469 1119 4527 nitur
1139 4469 1188 4528 itti
1209 4461 1381 4546 quidquam
1408 4469 1538 4538 tnalmm
1561 4466 1689 4544 capuita
1715 4465 1793 4542 saci·

231 4581 308 4639 πᾶσι
330 4577 393 4646 τοῖς
424 4566 599 4662 ἑγγῖζσισιν
624 4575 717 4661 αὐτῇ·
739 4578 800 4637 πᾶν
822 4567 856 4636 δὲ
887 4567 987 4656 ripuar
1030 4577 1068 4636 lis
1088 4581 1129 4636 est
1150 4575 1470 4663 appropinquantibus
1490 4575 1549 4633 itti.
1575 4573 1792 4650 Quodcumque

232 4685 286 4746 aba
308 4677 390 4768 aliter
413 4684 510 4754 αὐτῆς
532 4685 633 4746 ἐστι..
846 4759 849 4764 ¹
1026 4688 1199 4764 pretiosum
1219 4703 1281 4745 non
1302 4686 1359 4744 itta
1379 4684 1510 4760 dignum
1533 4691 1586 4746 631.

232 4871 235 4876 ¹
293 4781 410 4884 Σοφίαν
432 4795 563 4857 ἐνταῦθα
589 4788 639 4856 τᾶν
663 4773 791 4882 xpianis
814 4785 906 4882 λέγει,
929 4788 995 4858 din·
1072 4795 1289 4875 Sapientiam
1325 4797 1382 4854 hoc
1403 4793 1473 4853 loco
1508 4792 1670 4854 Christum
1700 4789 1789 4868 dicit,

231 4893 356 4995 6661661
392 4897 446 4969 trin
474 4899 626 4970 aratoria
658 4905 755 4980 αὐτῆς
790 4895 901 4982 εἰκόνα,
933 4899 989 4969 aui
1031 4908 1212 4969 describens
1227 4906 1295 4985 ejus
1310 4903 1490 4984 imaginem,
1508 4902 1708 4983 prudentiam
1723 4919 1791 4980 quae
1854 4983 1859 4994 ²

291 5261 316 5326 1)
329 5257 394 5318 nen.
410 5259 440 5312 't'7
458 5271 484 5325 p.
504 5239 611 5312 111116
631 5259 725 5312 cortice
742 5263 770 5312 et
787 5260 937 5326 interprete
951 5261 984 5314 61.
1038 5269 1119 5324 arnam
1136 5257 1170 5312 ab
1187 5271 1236 5312 ore
1254 5257 1376 5322 magistri
1402 5254 1464 5322 ptus
1489 5256 1578 5308 minus
1600 5253 1784 5320 perfunctorie

238 5341 312 5396 1611.
332 5342 374 5409 ΙΙΙ,
393 5355 419 5407 p.
436 5344 491 5394 611.
512 5341 673 5396 versionem
686 5341 783 5395 leviter
797 5348 984 5408 temperamus
1036 5339 1247 5406 discipulusne
1266 5350 1317 5390 suo
1334 5337 1395 5390 loeo
1412 5337 1577 5403 notavimus,
1594 5335 1709 5402 recepit.
