4038 6088
826 453 960 522 conax
980 455 1067 522 sne.
1094 455 1130 520 u
1301 403 1307 414 ’
1701 457 1757 526 uua
1850 555 1853 562 Ι

245 612 412 688 Ambcrou,
424 609 495 673 urbs
507 606 672 673 Palestinae.
687 604 761 671 Sunt
773 606 863 691 aliqui
881 607 953 692 [qui]
1008 615 1039 673 et
1058 604 1189 670 llulratae
1210 604 1379 672 lluminibus
1397 604 1554 671 ambiatur.

204 718 355 782 aestimant
375 720 505 782 accaron
525 733 589 782 essa
609 722 721 780 turrem
741 713 902 789 Stratonis,
927 723 956 780 et
1048 719 1207 789 Emmmm,
1230 711 1260 776 in
1281 711 1458 795 llraogelio,
1479 730 1588 778 nomen
1609 713 1757 798 quoddam

205 831 306 906 postea
329 821 405 887 banc
426 822 604 906 appellatam
626 820 717 886 luisse
737 821 912 887 Caeaaream.
1007 820 1139 898 castelli,
1155 838 1235 884 nunc
1256 820 1363 886 ciuitas
1384 839 1450 902 quae
1467 819 1616 905 Nicopolis
1637 820 1755 886 (licitur.

110 925 114 932 ’
243 932 439 996 Autelr'bauos
454 929 515 992 luca
536 927 734 1012 appellantur,
747 943 814 1010 quan
834 924 890 990 sub
909 925 955 990 Li·
1049 933 1224 1004 muamus,
1246 927 1327 992 loaua
1348 927 1386 992 ob
1407 928 1483 992 banc
1503 943 1622 994 caueam
1649 928 1757 1007 dictus,

208 1039 316 1102 benum
327 1044 463 1111 monum,
471 1034 648 1099 Orientalem
656 1033 775 1117 plagam
786 1033 953 1116 respiciunt.
1006 1037 1085 1121 quod
1095 1037 1132 1102 ‹le
1143 1037 1354 1101 consuetudins
1366 1035 1396 1100 in
1407 1035 1509 1101 eodem
1524 1041 1548 1114 ²)
1564 1037 1626 1102 loco
1637 1037 1759 1101 damua-

247 1149 390 1222 blufratc,
416 1142 522 1206 ciuitas
545 1149 590 1206 est
610 1140 759 1206 Bethleem
775 1144 809 1218 ι).
833 1137 954 1203 Eulrata
1008 1143 1068 1207 ticii
1090 1143 1186 1226 capite
1207 1143 1429 1208 truncabantur.

209 1269 282 1317 vero
303 1250 412 1316 lluviua
433 1250 470 1317 dc
484 1250 634 1316 Paradiso.
1047 1255 1229 1332 Ariopaaus.
1245 1251 1334 1316 curiae
1347 1251 1426 1334 apud
1443 1251 1638 1317 Athenienses
1653 1269 1759 1318 nomen

244 1364 472 1437 Mesopotamia,
495 1357 601 1421 idaiam
622 1355 730 1422 dicitur
744 1355 823 1438 quod
836 1354 955 1436 Tigride
1009 1365 1066 1438 est,
1090 1373 1156 1438 qnae
1176 1373 1193 1420 a
1215 1357 1308 1422 llartc
1329 1375 1435 1422 nomeu
1449 1357 1571 1441 accepit.

247 1527 267 1583 ¹)
289 1523 413 1574 ciuitates
434 1519 548 1574 Bethler
568 1519 596 1573 C.
615 1546 647 1555 -
665 1515 691 1590 a)
713 1518 834 1574 canaam
854 1519 882 1574 C.
902 1547 936 1558 -
956 1517 1133 1588 damnaticii,
1148 1517 1311 1573 vocabulum
1331 1517 1404 1590 apud
1423 1517 1625 1574 'l'ertulliaauin
1642 1517 1758 1588 legitur.

681 1714 743 1786 VI.-
771 1711 818 1784 Da
832 1711 1060 1804 fluminibus,
1087 1711 1140 1784 uel
1163 1713 1277 1807 aquia.
1398 1673 1402 1682 .

248 1881 342 1952 Gaou,
358 1874 468 1940 lluvius
482 1873 649 1958 llltbiopiae,
664 1874 955 1941 deParadisoemer-
1010 1875 1067 1954 dis,
1092 1874 1168 1940 idem
1183 1883 1213 1940 et
1227 1883 1364 1957 stagnum
1384 1874 1549 1954 Gennesar,
1567 1875 1642 1940 idem
1663 1884 1709 1940 est
1729 1881 1759 1941 et

205 2001 296 2065 gens,
314 1999 400 2065 quem
422 1981 523 2046 Nilum
538 1982 647 2048 usitato
662 1981 777 2046 nomine
792 1982 953 2066 appellant.
1011 1982 1090 2047 lacus
1110 1982 1237 2048 Cineret.

246 2096 370 2168 Pulsum,
385 2089 493 2158 llurius
508 2091 612 2170 lnaliae,
628 2091 706 2156 idem
719 2108 838 2174 quoque
856 2092 886 2170 [t.
904 2091 953 2170 76]
1051 2095 1143 2154 Mare
1171 2093 1367 2167 salmurum,
1389 2087 1446 2153 boc
1471 2095 1595 2153 uocatur
1621 2096 1652 2151 et
1678 2086 1759 2153 Mare

204 2198 240 2264 de
269 2199 410 2265 Paradiso
432 2199 542 2266 llucns:
566 2198 644 2265 huuc
669 2201 719 2264 alii
745 2200 869 2281 Gangen
894 2218 954 2265 ao·
1009 2196 1167 2275 Mortuum,
1180 2187 1229 2261 r'el
1240 2196 1355 2277 lalalti,
1367 2196 1397 2260 id
1408 2195 1627 2276 estbituminis;
1637 2195 1677 2258 ab
1690 2194 1759 2259 llin-

203 2314 280 2369 cant.
1008 2303 1090 2369 ricbo
1111 2303 1190 2368 baud
1207 2309 1229 2380 ¹)
1252 2303 1340 2385 longe
1359 2302 1454 2368 abest.

245 2415 480 2490 audaculum
501 2416 611 2494 dictus,
633 2415 713 2498 quod
732 2415 790 2482 duo
806 2416 901 2480 lonas
922 2416 953 2479 in
1048 2417 1223 2490 Bctbaca'ao,
1245 2411 1369 2495 plscioa,
1386 2411 1417 2474 in
1439 2410 1633 2490 Hierusalem,
1650 2411 1680 2475 in
1701 2429 1760 2494 qua

204 2539 293 2586 unum
314 2522 475 2602 conlluaut,
489 2541 613 2607 quorum
626 2523 700 2589 alter
713 2523 774 2598 tor,
795 2523 868 2588 alter
883 2523 954 2588 Dua
1009 2519 1079 2602 aegri
1096 2519 1314 2600 delercbantur,
1331 2519 1396 2584 ideo
1410 2528 1441 2585 et
1454 2519 1604 2603 probatica
1619 2521 1653 2600 ¹),
1671 2518 1761 2583 idest

203 2627 398 2711 appellantur.
1007 2625 1158 2710 peculialis
1172 2626 1345 2710 appellatur,
1360 2626 1438 2711 quod
1453 2626 1564 2692 bustim
1576 2627 1607 2692 in
1617 2643 1652 2693 ea
1666 2642 1759 2710 quon-

242 2742 335 2802 Mare
357 2737 604 2814 autumantes
624 2736 953 2807 estetllareTiberia-
1007 2735 1074 2800 dam
1095 2735 1262 2800 scerdotes
1283 2736 1423 2801 lavabant
1437 2741 1471 2812 ³).

237 2899 283 2953 Vl.
303 2898 327 2975 ¹)
347 2910 399 2956 aut
418 2899 447 2955 C.
466 2927 499 2939 ·-
514 2900 540 2972 ἱ)
560 2905 730 2969 prosatico...
752 2902 850 2955 labant
869 2901 899 2954 G.
919 2929 953 2940 -
969 2902 995 2970 ³)
1020 2901 1118 2953 lauant
1137 2901 1166 2950 C.

792 3113 871 3186 VII.
898 3113 948 3182 Dc
972 3110 1165 3183 Meusihus.

241 3281 355 3348 Nisam,
380 3273 409 3336 in
430 3272 503 3337 libro
524 3273 640 3350 Hester,
663 3272 771 3337 mensis
792 3291 878 3356 quem
900 3270 949 3335 ali-
1045 3274 1142 3346 Actor,
1158 3268 1187 3333 io
1210 3268 1284 3332 libro
1299 3269 1414 3344 llantur,
1436 3274 1630 3346 Februarius,
1651 3269 1702 3351 qui
1724 3278 1755 3333 et

202 3391 274 3446 cunt
294 3380 448 3460 Martium,
463 3379 572 3462 quique
594 3380 623 3444 in
639 3379 799 3462 Scripturis
815 3379 950 3463 appella-
1004 3379 1082 3462 apud
1104 3396 1159 3443 noa
1178 3375 1379 3442 duodecimus.

203 3497 250 3553 tur
271 3487 381 3552 mensis
401 3486 522 3570 primus.
1044 3486 1169 3565 Quodsi
1183 3486 1273 3552 etiam
1287 3485 1400 3568 reliqna
1415 3485 1522 3551 hebrea
1544 3487 1688 3551 mensium
1702 3504 1754 3551 ro-

241 3600 339 3670 AEtut,
361 3594 392 3657 in
417 3593 491 3658 libro
513 3591 765 3673 llacchabeoruna,
787 3597 950 3675 stupratas,
1005 3595 1122 3672 cabula,
1137 3594 1366 3678 quaeincanoue
1379 3611 1438 3658 non
1453 3592 1596 3675 repperis,
1612 3593 1688 3658 scire
1701 3611 1755 3658 ao-

201 3703 251 3784 qui
274 3702 353 3786 apud
375 3719 429 3766 nos
450 3701 559 3766 mensis
580 3711 679 3766 sextus
700 3709 834 3766 vocatur.
1006 3703 1105 3783 lucris,
1124 3711 1187 3769 Zar
1202 3713 1325 3768 vocatur
1343 3702 1452 3768 mensis
1466 3703 1622 3783 secundus,
1638 3703 1688 3786 qui
1710 3703 1754 3767 ali-

243 3814 357 3886 (lustau,
379 3809 414 3874 ln
429 3807 584 3874 zaccharia
601 3807 754 3892 propheta,
778 3814 949 3886 November,
1004 3811 1080 3874 citur
1102 3811 1228 3894 bprilis;
1254 3813 1284 3891 [l.
1310 3811 1359 3892 tlt
1384 3817 1480 3878 Slaau
1499 3812 1611 3890 tertius,
1634 3811 1688 3874 baa
1709 3819 1755 3875 est

199 3917 250 3999 qui
272 3929 302 3982 et
323 3936 426 3983 nonus.
1004 3915 1118 3996 ltlaius3
1144 3925 1306 3984 Taammus
1326 3928 1463 4001 quartus,
1486 3919 1535 4000 qui
1563 3928 1609 3984 est
1628 3917 1751 3995 lunius3

241 4033 375 4102 Thebeta,
398 4026 427 4090 in
450 4025 523 4092 libro
542 4026 657 4102 llcater,
672 4031 837 4102 December,
855 4025 903 4108 qui
919 4033 949 4089 et
1004 4030 1115 4100 Tauri,
1127 4025 1280 4106 septimus,
1299 4025 1329 4089 id
1344 4031 1389 4089 est
1403 4025 1584 4106 September3
1598 4031 1753 4091 Massaron

199 4128 329 4194 decimus
346 4130 383 4211 ¹).
778 4183 781 4192 .
1001 4141 1134 4212 octavus,
1157 4132 1208 4214 qui
1228 4142 1354 4200 uocatur
1373 4132 1508 4198 October.

241 4243 361 4312 Sabata,
378 4236 408 4300 in
422 4235 572 4316 Zacharia,
595 4243 777 4314 Jaauarr'us,
794 4237 897 4328 quiet
917 4255 947 4301 a·
1041 4238 1151 4303 florum
1179 4239 1232 4304 llll
1262 4239 1406 4305 mensium
1434 4239 1579 4305 vocabula
1608 4239 1750 4305 ttebreo-

199 4345 257 4427 pud
280 4362 334 4408 nos
355 4344 538 4411 undecimus.
1000 4365 1063 4410 rum
1084 4356 1140 4410 est.

235 4506 293 4561 vlt.
310 4511 330 4570 ¹)
346 4507 507 4563 decamus...
523 4509 620 4563 deinde
634 4512 838 4566 arradecemus...
851 4527 1010 4566 earauomam
1023 4515 1148 4582 repperis
1159 4511 1199 4565 sic
1214 4511 1244 4579 C,
1259 4510 1297 4563 id.
1318 4523 1419 4581 aput...
1440 4513 1588 4565 octabus...
1608 4526 1746 4564 menarum.

642 4677 644 4682 Ι
700 4734 797 4807 VIII.
824 4734 874 4806 Da
900 4733 1192 4806 Solemuaottous
1209 4737 1243 4822 ¹).

238 4893 340 4957 Annus
361 4898 508 4972 Jauacas,
534 4911 628 4960 annus
652 4895 942 4979 quinquagensimus,
1000 4863 1205 4977 unusquisque
1216 4895 1258 4960 rei
1273 4913 1336 4958 auae
1350 4895 1487 4961 venditus
1502 4904 1538 4974 ²),
1551 4895 1589 4960 ad
1601 4897 1650 4978 jus
1664 4895 1752 4961 etiam

197 4997 334 5078 quierat
358 5017 453 5063 annus
481 4998 674 5076 remissionis,
698 5018 757 5082 quo
777 5000 807 5064 iu
836 4999 945 5065 lsrabel
1000 4998 1113 5081 absque
1132 4999 1226 5082 psello
1247 5002 1459 5067 revertebatur.

235 5197 301 5252 t’llt.
320 5199 340 5260 ¹)
360 5199 593 5254 sollemnitatibus
614 5201 642 5254 C.
662 5227 695 5240 -—
712 5207 734 5262 ὲ)
757 5201 888 5255 actualitas·
909 5200 939 5266 tl,
959 5199 1031 5253 sicul
1051 5204 1078 5253 el
1096 5217 1182 5271 supra
1200 5219 1227 5272 p.
1246 5199 1299 5255 509
1319 5207 1422 5258 tacitas
1442 5221 1492 5273 pru
1512 5207 1623 5259 tatcitus.
