3976 6078
696 534 823 602 couleti
842 531 1180 600 elabebouuluus
1666 534 1702 598 31

201 691 251 758 11.
266 691 404 774 (lampas,
416 690 555 770 muudus,
569 707 604 758 eo
618 688 697 773 quod
716 688 757 754 sit
776 698 890 774 pateas,
903 687 941 753 de
961 705 1019 770 quo
1038 685 1175 752 llabacuc
1196 685 1354 770 propbeta:
1369 685 1450 752 liuiit
1462 686 1597 766 Verbum,
1615 687 1707 753 idest

159 806 251 873 Filius
265 807 330 884 liei,
345 816 377 874 et
389 808 472 874 stetit
486 807 517 873 im
530 824 644 890 campo.

203 922 252 988 ib.
267 921 380 1006 Compi,
391 922 498 1018 sancti,
511 920 576 988 siue
590 920 751 1004 Scriptura.
764 920 885 1000 diuiue,
895 939 930 987 eo
941 921 1019 1004 quod
1034 930 1149 1005 paetum
1165 921 1315 1004 prebeant
1328 921 1503 987 animarum.
1524 919 1559 986 lu
1573 920 1704 1004 psalmo:

159 1039 199 1105 Et
211 1039 307 1124 campi
322 1039 510 1125 replebuntur
523 1022 667 1104 ubertate.
906 1031 910 1043 '

203 1156 252 1221 16.
267 1157 306 1223 lit
319 1157 350 1222 iu
363 1157 452 1223 uliam
466 1165 589 1241 partem:
605 1155 642 1220 In
655 1171 757 1240 campo
770 1153 898 1219 Tauros.

203 1273 252 1337 ll.
266 1272 367 1350 Petra,
379 1273 524 1350 Christus,
538 1288 556 1335 a
570 1271 718 1337 firmitate.
734 1269 770 1334 lu
783 1266 938 1352 Apostolo:
954 1267 1040 1332 Petra
1052 1276 1152 1335 autem
1166 1279 1231 1334 erat
1245 1269 1388 1336 Christus.
1401 1271 1439 1335 lit
1452 1270 1543 1338 alibi:
1559 1271 1709 1338 Sureruut

162 1389 219 1453 mel
235 1388 272 1455 de
285 1397 379 1472 petra.
394 1389 433 1455 Et
446 1389 534 1454 alibi:
550 1387 697 1454 Percussit
712 1395 835 1470 petram,
849 1393 879 1452 et
892 1383 1038 1450 lluxeruut
1051 1403 1147 1469 aque.

205 1503 254 1568 l8.
271 1503 368 1584 Petra,
380 1504 594 1572 firmamentum
608 1504 688 1570 fidei.
710 1502 746 1569 la
768 1502 894 1586 psalum:
918 1501 1030 1570 Statuit
1049 1521 1138 1586 super
1157 1511 1271 1586 petram
1291 1504 1381 1588 pedes
1401 1523 1491 1571 meos.
1510 1505 1585 1571 ltem
1600 1504 1658 1569 ibi:
1675 1504 1707 1571 la

161 1630 244 1704 petra
258 1621 402 1687 exaltavit
414 1639 472 1687 me.

204 1737 254 1800 l9.
269 1735 378 1816 Petrm,
394 1736 560 1802 testimonia
574 1735 798 1820 Scripturarum.
815 1735 849 1801 lu
863 1715 991 1820 psalmo:
1008 1733 1052 1800 lle
1066 1735 1161 1800 medio
1175 1744 1319 1817 petrarum
1333 1735 1446 1802 dabunt
1459 1755 1546 1802 uoces
1559 1755 1640 1802 suas.

204 1856 253 1920 50.
269 1855 369 1939 Lapis,
383 1853 528 1921 Christus.
544 1854 579 1920 ln
593 1855 724 1939 psalmo:
740 1852 881 1937 Lapidem
895 1851 1126 1936 reprobaverunt
1146 1851 1336 1919 aedificantes.
1352 1853 1391 1917 lit
1406 1853 1436 1917 ia
1449 1853 1604 1919 Zacharia:
1621 1854 1709 1938 Lapis

52 2043 56 2050 ,
161 1990 249 2055 quem
264 1971 307 2056 [p.
324 1971 373 2055 ll]
389 1970 458 2038 dedi
472 1990 570 2037 ιοιιιιι
584 1973 671 2036 lesu:
687 1981 802 2055 septem
813 1969 842 2035 in
852 1987 888 2034 eo
898 1968 974 2034 oculi
984 1978 1070 2048 suut3
1087 1968 1163 2034 idest
1177 1969 1360 2052 septiformes
1374 1968 1580 2035 charismatum
1591 1971 1707 2051 gratiae.

205 2089 259 2154 bl.
275 2088 413 2173 Lapides,
427 2088 521 2154 sancti
537 2107 648 2168 omues,
661 2089 698 2154 ub
710 2087 923 2153 firmamentum
938 2086 1016 2152 lidei.
1029 2086 1064 2151 ln
1075 2087 1231 2170 Apostolo:
1247 2088 1285 2152 lit
1296 2087 1352 2172 ipsi
1364 2095 1503 2172 uuquam
1517 2088 1629 2171 lapides
1642 2089 1709 2156 vivi

161 2204 436 2288 superaedificamini
451 2205 566 2271 domus.

204 2321 252 2385 ba.
269 2318 406 2404 Lapides,
419 2320 490 2385 ordo
511 2319 733 2404 prepositorum
754 2319 785 2384 iu
805 2321 945 2386 Ecclesia.
960 2321 1005 2388 lle
1024 2319 1131 2404 quibus
1151 2319 1331 2386 Hieremias:
1354 2320 1485 2405 Dispersi
1506 2321 1709 2406 suntlapides

161 2434 320 2502 sanctuarii
335 2436 367 2501 in
388 2437 485 2521 capite
506 2437 636 2502 omnium
657 2437 837 2520 platearum3
860 2436 957 2502 idest
978 2436 1008 2501 iu
1029 2435 1193 2520 platearum
1212 2437 1357 2521 spatiosas
1369 2437 1447 2518 rias,
1463 2455 1530 2521 quae
1550 2438 1659 2504 ducunt
1671 2439 1709 2504 ud

165 2551 394 2636 [perditioneml
483 2579 486 2586 ·

204 2669 254 2734 b'3.
272 2668 409 2752 Lapides,
424 2671 548 2754 populus
561 2670 740 2750 Judaeurum,
752 2669 791 2735 de
804 2667 910 2754 quibus
924 2667 956 2732 iu
976 2666 1134 2751 propbeta:
1149 2667 1256 2734 Tollite
1275 2665 1388 2752 lapidee
1407 2668 1445 2735 de
1465 2669 1526 2748 ria,
1539 2679 1571 2736 et
1585 2670 1709 2754 redigite

69 2756 74 2766 ’
163 2783 195 2848 iu
210 2803 342 2850 aceruos.

204 2901 253 2964 51.
268 2901 404 2986 Lapides,
419 2907 547 2987 populus
567 2903 719 2971 Gentium.
737 2903 771 2970 lu
792 2903 969 2988 Evangelio:
982 2903 1091 2970 Potens
1111 2913 1158 2970 est
1177 2905 1255 2971 Deus
1267 2905 1306 2970 de
1320 2903 1466 2988 lapidibus
1487 2905 1551 2970 istis
1570 2905 1710 2973 suscitare
1761 2985 1766 2998 ἱ

164 3019 240 3084 lilios
254 3019 389 3085 abraba.

205 3137 254 3200 bb.
270 3135 371 3219 Lapis,
381 3135 535 3202 obduratio
546 3136 662 3203 Diaboli
674 3137 722 3204 uel
737 3138 862 3204 bominis
876 3138 1044 3223 peccaturis.
1055 3137 1089 3201 la
1099 3137 1170 3202 lob:
1187 3137 1318 3221 Curejae
1329 3135 1515 3203 indurabitur
1527 3138 1610 3204 uelut
1624 3138 1708 3222 lapis.

205 3252 254 3316 56.
269 3248 395 3335 Lapides
410 3251 540 3336 pretiosi,
555 3253 647 3318 sancti
662 3253 770 3336 augeli,
785 3253 943 3338 dequibus
960 3254 990 3318 iu
1010 3253 1166 3319 Ezechiele
1185 3263 1287 3318 coutm
1308 3253 1448 3320 zabulum
1465 3254 1591 3320 dicitur:
1607 3256 1710 3321 Omnis

164 3365 239 3450 lapis
251 3365 394 3449 pretiosus
404 3366 615 3449 operimentum
627 3375 720 3446 tuum,
730 3368 858 3447 sardius,
870 3369 1011 3452 topasius,
1019 3368 1124 3452 jaspis,
1134 3368 1341 3452 chrysolithus,
1357 3386 1446 3454 onyx,
1461 3368 1600 3454 beryllus,
1611 3369 1711 3454 sapbi-

163 3500 223 3560 rus,
237 3482 432 3548 carbunculus
446 3491 477 3548 et
490 3483 674 3566 smaragdus.
691 3484 729 3549 Et
741 3493 928 3570 postpauca:
941 3459 1083 3552 lumedio
1096 3485 1227 3568 lapidum
1241 3485 1399 3570 ignitorum
1414 3486 1568 3553 ambulasti
1586 3491 1627 3571 [p.
1643 3485 1709 3570 lb]‚

163 3599 310 3683 perlectus
324 3600 439 3678 decore,
451 3619 469 3665 a
483 3599 531 3665 die
545 3599 720 3666 conditionis
735 3610 804 3666 tue.

208 3718 258 3782 51.
275 3717 401 3801 Lapides
415 3717 546 3802 pretiosi,
561 3718 698 3801 apostoli,
713 3719 759 3784 uel
774 3737 875 3784 omnes
888 3719 994 3797 eoacti,
1007 3719 1045 3784 de
1058 3718 1165 3802 quibus
1175 3717 1206 3783 in
1219 3718 1415 3803 Apocalypsi:
1431 3719 1545 3787 Civitas
1559 3719 1637 3803 regis
1651 3738 1712 3785 ma·

163 3834 215 3917 gui
231 3835 420 3900 consumitur.

205 3951 254 4016 58.
269 3951 335 4017 Duo
348 3951 470 4036 lapides,
483 3951 572 4017 idest
582 3951 675 4036 jaspis
686 3960 717 4017 et
726 3950 873 4030 sardinus,
886 3951 1010 4016 duorum
1018 3950 1193 4035 judiciorum
1207 3952 1269 4030 liei,
1280 3952 1403 4036 primum
1416 3971 1467 4036 per
1476 3968 1582 4036 aquam
1594 3951 1711 4030 diluvii,

162 4067 324 4133 secundum
339 4087 390 4152 per
411 4068 519 4150 iguem,
535 4068 659 4150 liguram
681 4067 788 4133 babere
808 4066 957 4134 dicuutur.
979 4067 1013 4132 lu
1034 4068 1229 4152 Apocalypsi:
1251 4067 1312 4151 Qui
1332 4069 1452 4136 sedebat
1470 4087 1559 4153 super
1574 4067 1710 4134 tbrouum

163 4182 267 4248 similis
281 4183 372 4268 lapidi
383 4183 493 4267 jaspidi
507 4190 538 4248 et
550 4183 679 4249 sardino.

162 4407 239 4461 riore
251 4405 324 4476 loca,
338 4411 370 4459 τὰ
386 4409 463 4472 κάτω,
477 4422 553 4460 more
567 4408 740 4474 Graecorum,
754 4405 826 4478 epud
840 4423 911 4478 quos
999 4405 1045 4464 51.
1064 4423 1074 4463 ι
1094 4408 1169 4466 Petu.
1195 4423 1226 4476 11,
1250 4407 1278 4463 5.
1299 4410 1394 4464 desnos
1415 4407 1452 4478 Ο,
1479 4411 1511 4472 aa
1534 4425 1610 4481 eeepe
1631 4406 1709 4477 alibi,

162 4497 218 4551 rite
227 4497 441 4567 distinguuntur
453 4500 573 4564 κοιλάδες,
587 4499 722 4570 φάραγγες,
735 4501 855 4568 apteque
867 4513 911 4551 co·
964 4514 999 4552 aa
1020 4513 1113 4569 praece
1131 4498 1327 4569 pronuntiandi
1346 4497 1566 4553 consuetudiuel

164 4585 275 4641 baereat
292 4584 355 4642 loca
372 4586 501 4642 adducta.
999 4586 1045 4643 52.
1064 4589 1169 4644 Three.
1188 4602 1227 4654 uu,
1248 4585 1280 4655 lp
1299 4586 1400 4643 Metth.
1420 4601 1468 4658 utu,
1486 4584 1528 4642 13.
1542 4587 1581 4642 ad
1589 4589 1709 4658 praedi·
1759 4571 1764 4580 ¹

198 4675 244 4732 44.
265 4676 535 4744 Hebec.111,d,rere
548 4677 577 4731 in
589 4680 688 4732 vexeto
700 4675 763 4733 loco
776 4678 907 4732 varietas.
964 4682 1102 4734 certionem
1120 4680 1155 4746 Α,
1176 4677 1293 4748 (lacque
1312 4677 1411 4746 inepti.

198 4764 244 4822 45.
264 4765 311 4821 Ρι.
330 4779 406 4832 extu,
428 4763 471 4820 12.
999 4765 1045 4824 53.
1065 4767 1167 4821 Jerem.
1188 4781 1216 4832 a,
1234 4763 1279 4820 26.
1298 4789 1335 4804 -
1351 4761 1398 4818 54.
1418 4763 1521 4820 Mettb.
1540 4776 1582 4829 111,
1602 4762 1629 4816 9.

198 4853 243 4910 dd.
263 4855 309 4910 Pe.
328 4869 433 4922 Lxxuu,
455 4853 497 4910 12.
998 4857 1043 4915 55.
1064 4859 1125 4914 Job.
1145 4871 1202 4924 xm,
1224 4854 1267 4912 15.
1287 4856 1390 4927 lapidis
1409 4857 1570 4922 obduratio,
1590 4855 1625 4920 tt,
1647 4851 1677 4908 C.

198 4943 243 5000 47.
254 4958 265 4998 1
277 4942 729 5013 (ἷοι.ι,4;1)οιιι.ιιιιιι,13;1)ι.
745 4961 851 5015 exxvrt,
861 4943 907 5001 20.
998 4947 1044 5002 56.
1065 4947 1161 5004 [dasch.
1186 4959 1283 5015 xxvtrt,
1311 4942 1404 5013 13-15,
1430 4947 1570 5017 perfectus
1597 4943 1707 5008 decore,

197 5033 243 5087 48.
264 5033 311 5090 Ρι.
331 5049 426 5104 xxxix,
446 5033 477 5102 33
497 5049 563 5101 Lxx,
583 5032 611 5099 3,
631 5039 697 5088 nota
715 5051 773 5089 rer.
962 5054 1017 5093 axx
1036 5041 1147 5108 ἄμωμος.

197 5123 243 5179 50.
263 5125 311 5181 Ρι.
338 5139 395 5192 οιιι,
425 5122 474 5192 lea
500 5140 584 5190 οινιι,
603 5123 655 5194 22,
681 5125 796 5182 Zecber.
814 5141 861 5194 ιιι,
878 5127 906 5183 9.
998 5127 1043 5183 57.
1065 5130 1151 5200 Apoc.
1171 5143 1231 5192 ιιι,
1254 5124 1296 5185 to.

161 5225 265 5285 septem
278 5227 435 5271 occurrent
447 5218 480 5279 Α,
494 5232 528 5268 ex
542 5215 781 5287 primeeoripture
793 5219 823 5283 (l,
838 5233 908 5270 uon·
999 5215 1044 5273 58.
1066 5216 1104 5269 lb.
1123 5228 1162 5280 tu,
1182 5213 1209 5270 3.
1227 5222 1337 5286 prima.
1347 5214 1506 5270 ..secunda
1521 5215 1554 5280 Α,
1568 5227 1602 5263 ex
1615 5210 1707 5282 ptim't

161 5303 226 5358 dum
245 5303 399 5360 emendem.
829 5307 835 5318 '
964 5308 1104 5379 scripture
1122 5304 1153 5374 0,
1172 5322 1208 5359 en
1225 5307 1260 5360 ob
1280 5322 1373 5377 graeca
1391 5305 1477 5375 κρίσις,
1489 5302 1572 5357 bisul
