3998 6080
692 503 819 571 CODEX
840 499 1181 568 cttuottoo'rrttus
1674 505 1711 570 tt

203 661 252 724 36.
269 658 410 744 specula,
432 668 577 741 precepta
599 654 713 732 divina,
734 655 799 720 sive
819 651 949 736 exempla
971 653 1200 736 precedentium
1221 655 1357 748 Petrum:
1383 639 1514 720 Eccit'et
1532 654 1648 720 labrum
1663 672 1712 720 ae·

163 791 245 837 reum
265 791 333 836 eum
353 772 425 836 hese
445 788 513 850 uno,
533 770 570 836 de
591 771 719 854 speculis
740 768 905 846 mulierum,
927 767 982 832 hoc
1000 779 1046 834 est
1067 777 1233 834 sanctarum
1253 768 1429 833 animarum.

202 889 252 953 at.
268 885 480 968 Calciamenta‚
502 886 678 971 preparatio
699 883 792 968 pocis.
808 881 843 948 lo
857 882 1011 966 Apostolo:
1029 883 1148 950 calciati
1167 885 1257 968 peiles
1269 883 1301 949 in
1322 882 1534 968 preparatione
1554 883 1710 966 Evangelii

163 1002 255 1086 pacis.
278 1001 314 1066 ln
334 1001 485 1067 Ezechiel:
508 1000 606 1068 calcia
628 1009 658 1067 te
677 997 881 1084 hyacinthino,
904 997 1002 1065 idest
1023 999 1053 1064 in
1073 1017 1126 1083 spe
1145 999 1227 1082 regni
1248 997 1385 1064 coelestis.

204 1116 253 1181 38.
271 1115 345 1182 Sunt
365 1122 396 1180 et
414 1113 605 1187 calciamenta
625 1115 757 1200 exempla
780 1112 1004 1197 precedentium
1019 1113 1149 1178 Petrum.
1165 1113 1199 1178 ln
1213 1114 1329 1181 Exodo:
1352 1114 1390 1179 Et
1410 1113 1600 1180 calciamenta
1621 1113 1711 1180 hahe-

164 1231 233 1297 bitis
253 1231 285 1296 in
306 1229 439 1315 prolibus.

205 1345 254 1410 39.
272 1343 480 1422 calciamenti,
494 1361 582 1427 opem
596 1342 794 1424 mortalitatis,
811 1341 858 1408 vel
873 1341 1007 1426 exempla
1022 1359 1179 1426 pravorum
1193 1341 1354 1407 hominum.
1366 1339 1400 1406 In
1411 1339 1591 1424 Evangelio:
1608 1339 1711 1425 Neque

167 1461 209 1542 [p.
232 1459 282 1541 66]
304 1458 507 1524 eetetarnenta.

206 1571 255 1635 46.
271 1569 460 1658 Polymnum,
480 1568 565 1637 vorle
586 1569 730 1636 virtutum
750 1569 938 1636 charismata.
962 1569 997 1636 ln
1018 1568 1168 1636 Ezechiel:
1192 1570 1269 1637 Uari
1293 1581 1321 1638 te
1334 1572 1406 1647 oleo,
1423 1581 1453 1638 et
1466 1572 1576 1638 vestivi
1599 1581 1627 1637 te
1646 1569 1713 1636 dis-

166 1685 322 1750 coloribus.

207 1800 244 1866 44
272 1801 312 1866 Et
330 1799 362 1865 ia
376 1799 464 1866 aliam
478 1809 609 1884 purtem:
632 1800 838 1885 Negotiatores
860 1803 914 1882 tui,
935 1801 991 1868 hoc
1010 1814 1055 1870 est
1068 1803 1150 1890 Tyri,
1167 1806 1250 1872 multi
1268 1805 1393 1889 [leriam]
1410 1806 1440 1871 in
1462 1802 1620 1872 involucris
1639 1801 1715 1884 hya-

166 1915 258 1980 cinthi
278 1925 308 1981 et
327 1915 546 2001 polymitorum,
570 1936 710 2000 gazarum
732 1919 937 2002 pretiosarum.

208 2033 258 2097 44.
274 2031 456 2115 stragulum,
478 2033 624 2099 virtutum
645 2033 811 2110 diversitas,
826 2033 874 2101 vel
895 2033 1029 2118 gentium
1050 2035 1080 2100 in
1094 2035 1224 2102 Ecclesia
1238 2035 1377 2102 varietas.
1394 2035 1428 2101 lo
1442 2034 1611 2100 Salomone:
1635 2029 1715 2095 Stra·

167 2148 266 2231 gulam
284 2155 399 2214 vestem
420 2147 487 2213 lecit
506 2147 581 2230 sibi3
604 2147 711 2232 byssus
732 2159 763 2214 et
784 2167 911 2233 purpura
932 2148 1138 2215 indumentum
1158 2149 1233 2234 ejus.

209 2263 258 2326 43.
275 2261 416 2347 Topetia,
437 2261 522 2328 varie
543 2261 781 2348 philosophorum
802 2271 834 2330 et
854 2263 1057 2330 hereticorum
1078 2273 1176 2345 secta;
1198 2265 1275 2331 sicut
1295 2266 1325 2330 iu
1347 2247 1557 2331 Salomonem
1577 2258 1715 2326 heretica

168 2380 315 2465 pravitate
335 2376 459 2443 dicitur:
481 2376 596 2445 lntexui
617 2379 724 2445 lectum
747 2397 844 2446 meum
866 2379 991 2459 lunihus,
1006 2380 1035 2445 id
1050 2389 1096 2446 est
1110 2379 1236 2447 vinculis
1256 2391 1452 2465 peccatorum,
1472 2389 1503 2446 ct
1522 2377 1614 2442 strevi
1634 2385 1716 2458 tape-

169 2497 246 2562 tihus
265 2513 301 2560 ex
321 2495 449 2579 Egypto
468 2493 568 2579 pictis.
1665 2488 1671 2505 ²

211 2611 260 2674 44.
276 2608 382 2690 Pelles,
397 2607 517 2691 signum
531 2611 730 2678 mortalitatis.
746 2611 781 2677 ln
795 2613 917 2680 Genesi:
934 2613 1015 2681 Fecit
1026 2615 1170 2682 Dominus
1181 2614 1260 2683 Deus
1274 2611 1511 2680 lucernalem
1525 2610 1589 2695 eius
1603 2607 1717 2673 tunicas

170 2726 318 2811 pelliceae.

212 2843 261 2908 46.
276 2842 371 2910 Pelles
385 2840 585 2926 hyacinthinae
599 2843 647 2909 vel
662 2844 829 2926 intricate,
845 2843 1030 2912 mortificatio
1044 2854 1212 2912 sanctorum
1227 2845 1263 2911 oh
1279 2862 1362 2929 rpem
1377 2843 1457 2922 regni
1477 2840 1636 2919 ooelorum;
1653 2837 1719 2902 sive

171 2957 309 3023 Ecclesiae
330 2956 483 3040 pmtectio‚
504 2956 613 3023 Christi
628 2976 732 3024 cruore
747 2959 890 3026 decorata.
906 2957 940 3024 In
961 2958 1075 3025 Exodo:
1099 2960 1180 3025 Fecit
1199 2960 1376 3044 opertorium
1395 2957 1588 3025 Taberoaculi
1604 2956 1641 3022 de
1655 2953 1718 3038 pel-

171 3075 248 3142 lihus
267 3074 393 3141 arietum
414 3073 566 3140 rubricatis
586 3074 675 3140 etde
695 3074 820 3159 pellibus
840 3076 1051 3160 hyacinthinis.

214 3193 262 3258 46.
278 3191 412 3272 Pulvilli,
435 3191 491 3256 hoc
511 3200 557 3258 cst
576 3191 732 3256 cervicalia
747 3192 862 3276 cepitis,
878 3189 1007 3258 adulatio
1020 3193 1211 3268 sacerdotum,
1228 3195 1268 3275 [p.
1285 3193 1335 3272 ul]
1352 3187 1551 3276 peccatoribus
1571 3183 1716 3251 adhibita.

171 3308 206 3374 ln
226 3309 375 3376 Ezechiel:
399 3309 450 3377 te
470 3307 519 3392 qui
541 3318 686 3374 consuunt
707 3307 844 3392 pulvillos
865 3309 919 3374 suh
940 3308 1019 3373 omni
1040 3308 1140 3374 cubito
1160 3325 1275 3373 manus.

209 3553 253 3611 ³6.
274 3552 362 3608 Exod.
382 3567 498 3620 xxxvur,
517 3551 546 3606 8.
975 3557 1033 3606 tete
1042 3553 1167 3607 versione
1180 3549 1372 3622 deprehendit,
1383 3547 1467 3602 liceat
1480 3544 1522 3601 illi
1535 3543 1628 3616 legere
1642 3554 1717 3598 stra-

210 3642 253 3697 ³⁷.
274 3642 377 3714 Ephee.
397 3659 436 3710 vr,
459 3639 501 3710 153
520 3641 619 3698 Ezech.
641 3658 698 3710 xvi,
721 3641 763 3696 to.
973 3643 1102 3714 prolatam
1121 3650 1236 3706 vestem,
1258 3643 1288 3693 ut
1307 3638 1341 3692 Α.

210 3731 254 3787 38.
274 3730 369 3786 uxot:
383 3745 432 3797 111,
455 3727 497 3784 tl.
517 3759 552 3772 -·
572 3727 617 3784 39.
639 3730 705 3786 Luc.
726 3748 753 3801 x,
772 3730 800 3784 4.
1011 3728 1057 3782 43.
1077 3729 1159 3784 Prov.
1180 3743 1229 3795 vn,
1252 3725 1295 3781 to.
1321 3727 1456 3782 Variae...
1477 3735 1567 3780 sectae
1580 3726 1613 3778 Α.

211 3821 256 3874 46.
276 3819 376 3874 Erech.
396 3833 454 3886 xvr,
472 3818 502 3886 9,
522 3817 564 3873 10.
1009 3815 1055 3871 44.
1077 3817 1144 3872 Gen.
1158 3813 1535 3884 n1‚21.lteeotequaesupra
1547 3805 1721 3876 vr,§.11‚62.

210 3907 256 3964 44.
276 3908 315 3962 lb.
336 3921 423 3962 xxum.
442 3904 488 3962 24.
509 3935 543 3949 -
563 3907 593 3960 ln
613 3909 634 3964 C
656 3924 719 3962 cum
739 3907 800 3963 loco
820 3922 921 3961 vacuo:
977 3907 1028 3960 Hic
1046 3905 1115 3960 duae
1133 3903 1268 3959 formulae
1287 3903 1346 3956 iere
1371 3901 1467 3955 omisit
1490 3900 1531 3968 A,
1551 3904 1579 3952 et
1603 3895 1722 3950 fortusse

175 4001 225 4054 lroc
244 4008 285 4054 ert
302 4000 365 4054 tirio
383 3997 502 4052 multi...
523 3998 698 4066 involucris,
718 4001 746 4052 et
763 3996 857 4051 cuncti
876 4012 924 4050 oo·
977 3991 1104 4050 nonnihil
1124 3993 1218 4047 timuit
1236 4008 1271 4046 ne
1289 3992 1319 4044 io
1338 3989 1508 4060 Origeniane
1524 3985 1646 4040 cederet.

175 4083 623 4154 diceehisreadhanclucunem‚
638 4083 924 4156 usquead'lheodul-
1013 4081 1058 4137 45.
1083 4081 1171 4136 Exod.
1200 4095 1307 4146 xxxvi,
1330 4077 1371 4134 49.
1401 4079 1543 4134 Ecclesiae
1568 4076 1722 4144 protectio,

177 4173 306 4244 phium!-
978 4176 1077 4228 christi
1094 4189 1196 4226 cruore
1215 4171 1361 4236 decorata,
1381 4183 1417 4220 err
1438 4164 1608 4220 constructio
1631 4176 1724 4232 graeca

213 4262 257 4318 42.
272 4263 355 4318 Pror.
368 4279 447 4334 xxxi,
460 4263 506 4334 22,
520 4281 583 4320 cum
595 4279 666 4320 nove
683 4263 828 4332 verietate,
843 4279 926 4334 qoem
980 4267 1047 4312 κατὰ
1064 4258 1207 4328 reciperat

177 4353 253 4406 refer
263 4352 297 4404 ad
311 4369 339 4406 o.
355 4349 397 4408 16.
411 4382 447 4395 -
458 4351 688 4426 Interpoletorem
701 4353 725 4406 ri
739 4353 802 4425 quis
815 4368 848 4405 ex
863 4369 923 4405 mu·
1016 4347 1060 4404 46.
1082 4347 1180 4402 Erech.
1192 4363 1250 4415 xmr,
1268 4344 1310 4401 48.
1325 4346 1483 4416 Pohpilli...
1494 4357 1568 4412 pecc.
1579 4341 1672 4394 dehita
1686 4339 1721 4392 tt.

912 4687 991 4770 §ll

222 4935 250 4996 1.
269 4931 343 5010 lter,
364 4931 454 4996 Deus.
476 4931 512 4994 lu
532 4929 660 5013 psalmo:
685 4927 764 4993 Deus
785 4935 883 4992 autem
904 4946 954 4991 reu
976 4935 1074 4990 noster
1094 4935 1165 4990 ante
1185 4921 1303 4986 saecula.

221 5049 250 5110 4.
266 5047 391 5130 Regina,
412 5056 513 5112 sancte
534 5043 676 5110 Ecclesia.
699 5043 734 5107 ln
755 5044 882 5127 psalmo:
907 5043 1009 5108 hstitit
1029 5042 1129 5124 regina
1150 5057 1168 5103 a
1190 5038 1299 5104 dextris
1322 5038 1388 5101 tuis.

216 5219 338 5284 §.V-De
348 5221 492 5273 hominum
503 5221 629 5272 societate
641 5212 940 5285 formulmrequunlur.
1032 5211 1054 5267 l.
1076 5211 1122 5264 Ps.
1142 5225 1238 5277 exunt,
1262 5205 1303 5264 12.
1323 5235 1357 5248 -
1375 5206 1403 5262 2.
1424 5207 1470 5261 Pe.
1492 5221 1571 5275 xmo,
1592 5203 1632 5260 10.
