4064 6108
787 475 947 542 CODICES
969 474 1148 542 1411114111
1682 476 1740 540 919

194 628 216 684 L
236 627 257 682 f.
271 626 333 682 452.
346 626 458 698 'irrepis
472 629 536 680 πάνυ
550 627 675 699 &pitture
687 632 730 682 nui
750 631 785 699 τῷ
807 627 853 700 βίῳ
866 630 940 698 χρὴαι
1029 627 1083 682 Li1.
1095 626 1213 700 Tyfern.
1228 626 1250 682 U
1265 626 1284 682 f.
1302 621 1361 681 180.
1376 627 1462 682 Liber
1474 626 1509 682 de
1521 630 1566 684 hie
1579 631 1741 698 quaesiero

193 739 239 789 μσς
250 724 350 772 suaet
362 721 403 771 τὸν
417 719 535 772 Φλάκκον
544 718 601 774 ἢτοι
613 724 669 790 nupt
681 720 804 790 προνοίας.
819 720 829 774 1
842 717 863 776 1.
874 717 939 772 304.
996 717 1112 782 catum,
1133 725 1160 770 et
1177 716 1215 770 ad
1232 733 1298 770 eum
1318 716 1456 787 legatione
1473 733 1506 771 at
1523 717 1557 771 dt
1575 718 1740 772 uirtutibus.

230 808 283 865 Lil.
302 808 460 880 Tyieru.U
477 806 499 861 s.
518 805 565 862 73.
579 809 667 864 Liber
685 814 718 865 in
729 809 840 866 tultum
858 811 941 866 Flac·
1030 804 1105 859 Phil·
1126 804 1158 857 11.
1177 801 1307 858 545-600.

191 916 256 954 eum
276 909 302 954 et
319 898 354 953 de
373 897 559 954 stosidentia
573 895 607 962 ¹).
1029 894 1127 950 XLIV.
1140 896 1201 964 ssepi
1214 893 1317 965 κόσμου.
1332 894 1355 949 G
1369 892 1390 946 1.
1402 892 1467 960 284,
1480 893 1566 948 codex
1578 894 1624 965 qui
1639 893 1743 948 dicitur

228 987 302 1043 Phil.
322 987 354 1041 11.
372 984 504 1042 517-544.
994 981 1739 1056 unicus,atexststslter0,optimeenutoe,v.p.3lt²).

228 1075 324 1131 XLIII.
344 1079 404 1146 ssepi
424 1077 518 1145 ἀρετῶν
538 1081 581 1129 uui
601 1072 732 1148 πριαῧοὶας
744 1078 805 1146 πρὸς
826 1077 904 1128 Γάϊον.
1032 1071 1107 1127 Phil.
1128 1073 1160 1129 11.
1180 1071 1354 1128 salutent
1371 1074 1489 1130 mundo-

228 1167 251 1221 D
272 1165 293 1221 1.
313 1163 378 1221 325.
398 1165 420 1219 E
441 1166 461 1220 1.
484 1163 527 1220 16.
547 1167 573 1222 K
591 1165 613 1220 1.
633 1162 697 1220 249.
718 1163 740 1217 L
758 1163 779 1218 1.
799 1161 862 1217 476.
1030 1160 1115 1218 XLV.
1137 1163 1223 1218 Liber
1241 1163 1371 1219 Philonis
1391 1168 1589 1234 quaestionum
1600 1168 1633 1219 in
1651 1162 1740 1220 Gens·

227 1254 340 1325 Ὶστορία
352 1256 539 1326 πανοχρῆαομος
552 1260 596 1308 καί
608 1255 732 1326 unstruot
745 1254 801 1323 περὶ
815 1253 863 1304 τῶν
875 1255 942 1303 κατὰ
995 1254 1049 1306 st'm
1067 1261 1094 1306 et
1111 1254 1284 1308 solutionum
1297 1251 1331 1316 ³).
1353 1255 1377 1307 V
1397 1253 1416 1308 1.
1439 1251 1566 1310 129-146.
1585 1253 1612 1306 X
1630 1254 1650 1307 1.
1670 1250 1716 1308 35.

193 1351 235 1400 τὸν
253 1349 326 1400 Γάϊον
344 1351 388 1399 καί
397 1349 450 1407 ’τίς
464 1346 546 1406 αἰτίας
560 1349 603 1406 τῆς
615 1348 675 1416 πρὸς
688 1348 755 1396 ἅπαν
768 1346 797 1396 τί
813 1341 941 1395 Ἰουδαίων
1032 1340 1130 1397 XLVI.
1150 1343 1278 1398 Historia
1291 1343 1419 1399 Philonis
1432 1346 1468 1400 ab
1481 1347 1563 1400 inuio
1574 1345 1679 1400 mundi
1692 1361 1742 1400 ut-

195 1437 257 1498 ίθνος
276 1437 409 1504 ansgisius<
429 1437 512 1490 ebrei-
532 1437 543 1491 I
562 1436 584 1492 f.
604 1433 669 1492 322.
997 1433 1108 1502 quoad
1126 1434 1220 1488 Dauid
1238 1449 1332 1505 regem
1345 1434 1379 1497 ⁴).
1398 1435 1422 1487 V
1442 1432 1464 1486 1.
1482 1431 1529 1489 81.

232 1613 254 1681 1)
267 1615 309 1670 Ex
321 1615 372 1671 hoc
386 1613 468 1670 titulo
480 1612 553 1668 male
565 1611 662 1669 intulit
673 1612 819 1668 Fabricius
834 1613 944 1665 exstare
997 1608 1087 1664 iucem
1106 1609 1244 1677 viderunt,
1258 1610 1282 1664 si
1302 1615 1405 1681 praeter
1422 1610 1475 1666 duo
1488 1610 1623 1682 opuscula
1635 1628 1652 1664 e
1666 1611 1742 1666 Maio

197 1703 225 1754 in
244 1702 381 1756 Vaticana
399 1701 506 1756 tibrum
523 1699 558 1756 de
576 1698 771 1768 Providentia,
791 1701 944 1767 interprete
997 1699 1082 1770 edita,
1097 1699 1235 1754 addideris
1253 1715 1286 1752 es
1304 1716 1366 1770 quee
1384 1699 1437 1754 soli
1457 1701 1568 1754 Armeni
1583 1701 1662 1754 uobis
1679 1717 1741 1754 ser·

202 1791 364 1862 Tyfernute.
388 1788 469 1845 Alius
493 1793 536 1843 est
559 1787 631 1843 iiber
653 1786 879 1858 elegantissimus
903 1787 945 1840 De
998 1793 1106 1858 rerunt,
1125 1787 1297 1843 scilicetsub
1311 1787 1408 1844 titulo:
1423 1789 1552 1845 Philonis
1566 1788 1670 1844 Judaei
1681 1805 1742 1845 ser·

197 1881 393 1948 Prouidentia,
412 1896 494 1952 quem
512 1879 591 1934 nobie
610 1877 723 1932 Armeni
742 1879 945 1931 servarunt-
997 1889 1173 1944 menesteus,
1193 1879 1293 1935 Venet.
1310 1876 1390 1946 1822,
1404 1877 1453 1932 iet.
1473 1896 1544 1934 erm.
1567 1877 1595 1930 1⁰
1615 1881 1657 1934 De
1673 1878 1743 1934 Pro-

195 1970 216 2039 ¹)
228 1970 319 2024 Etiam
334 1971 435 2024 tertius
452 1969 538 2024 codex
556 1973 668 2022 exstare
685 1967 826 2021 diceretur
844 1965 873 2019 iu
886 1965 944 2018 Vs·
998 1969 1124 2024 videntia
1142 1969 1181 2023 ad
1192 1969 1392 2024 Ateaeandrnm
1410 1984 1502 2024 serm
1520 1968 1635 2038 duptam.
1651 1966 1682 2022 2⁰
1701 1970 1743 2024 De

197 2059 299 2126 tienne,
319 2059 343 2113 si
363 2056 490 2128 catalogo
509 2057 588 2126 fides,
606 2057 654 2112 ubi
672 2057 702 2109 in
720 2055 781 2110 cod.
801 2055 867 2112 Vat.
889 2051 939 2108 071
998 2062 1109 2114 ratione
1121 2075 1208 2128 quom
1221 2060 1323 2114 babere
1336 2062 1422 2114 etiam
1437 2058 1576 2113 animatia
1594 2059 1678 2112 bruta
1697 2058 1743 2112 di·

197 2147 219 2200 i.
233 2145 296 2218 284,
317 2149 453 2202 asseritur
465 2147 548 2201 etiem
563 2162 597 2199 ex
610 2146 700 2200 indice
714 2144 802 2200 codici
816 2143 943 2215 praefixo,
997 2147 1334 2203 automedon-Tum
1344 2163 1368 2204 e.
1383 2143 1448 2201 1826
1458 2151 1604 2217 sequentes
1614 2146 1742 2218 inscripti

197 2241 288 2292 inesse
307 2237 380 2291 bunc
399 2235 500 2290 librum
520 2239 562 2291 De
579 2235 698 2291 mundo.
718 2233 771 2290 Sed
787 2249 860 2288 nuuc
878 2247 945 2303 pers
1001 2237 1129 2293 Philonis
1147 2235 1251 2291 Judaei
1270 2237 1490 2306 Puroir'pomena
1507 2253 1643 2304 armena,
1662 2233 1742 2290 seili-

199 2325 250 2380 illu
271 2327 377 2381 codicis
396 2326 585 2394 desideratur,
605 2339 688 2396 quem
709 2328 777 2395 puto
798 2323 943 2377 transiisse
998 2331 1052 2380 cet:
1066 2323 1098 2376 3⁰
1114 2325 1318 2384 Quaestionum
1329 2328 1362 2380 in
1376 2323 1508 2379 Genesim
1520 2341 1661 2378 sermones
1673 2339 1743 2394 qua·

199 2431 253 2486 ope
266 2413 418 2486 bibliopegi
433 2415 462 2468 in
475 2414 662 2486 Reginensem
675 2411 711 2466 40
722 2413 783 2468 cod.
797 2411 818 2468 1.
831 2410 895 2468 204.
908 2439 944 2453 -
998 2417 1071 2480 tuor,
1082 2411 1113 2463 4ο
1126 2413 1329 2472 Quaestionum
1341 2416 1374 2468 in
1384 2413 1515 2470 Eoodum
1525 2428 1665 2466 sermones
1677 2411 1741 2466 duo.

198 2503 222 2568 ³)
238 2504 303 2559 Cod.
324 2505 349 2558 V
368 2504 478 2558 ridetur
488 2503 679 2575 apographum
691 2502 795 2557 codicis
813 2500 840 2554 X
858 2499 942 2574 paulo
997 2501 1030 2555 5⁰
1045 2502 1147 2557 concio
1166 2519 1200 2555 ex
1221 2506 1344 2573 tempore
1362 2507 1396 2557 in
1408 2503 1582 2557 Sanamem.
1601 2499 1631 2554 6⁰
1645 2501 1743 2557 Sumo

198 2592 374 2663 antiquioris.
383 2589 631 2663 Caeterumprmter
641 2589 790 2644 editionem
801 2588 944 2644 Basileon·
998 2592 1033 2646 de
1044 2590 1129 2659 Jono,
1142 2594 1222 2662 cujus
1242 2590 1428 2661 fragmentum
1441 2607 1550 2662 quoque
1562 2590 1651 2644 Meiue
1669 2590 1744 2644 dedit

197 2697 295 2737 seme.
310 2678 455 2749 15301111
469 2679 558 2736 Perre.
572 2697 598 2736 u.
613 2678 681 2733 1520
692 2685 861 2735 memoretur
871 2677 943 2751 epud
999 2697 1013 2734 e
1035 2680 1130 2735 codice
1154 2680 1335 2736 umbrosiane
1353 2697 1417 2734 cum
1434 2680 1541 2734 duobus
1565 2695 1662 2750 opusc.
1683 2682 1743 2750 jem

198 2771 358 2826 Fabricium
373 2776 394 2826 t.
408 2787 447 2840 rr,
460 2790 488 2843 p.
501 2768 566 2838 746,
579 2771 626 2843 qui
639 2767 753 2824 libellus
766 2770 874 2842 primus
886 2784 944 2822 om·
998 2770 1170 2824 memoretis.
1191 2767 1224 2821 7⁰
1247 2772 1290 2826 De
1309 2771 1368 2825 Deo
1391 2772 1449 2825 siue
1473 2769 1508 2823 ds
1526 2773 1634 2824 uitione
1653 2771 1742 2824 trium

199 2862 275 2915 nium
297 2865 371 2916 esset
389 2862 499 2916 nomine
523 2859 650 2915 Philonis
674 2859 776 2914 editus.
796 2889 829 2902 -
851 2858 944 2928 4180-
995 2874 1162 2928 puerorum.
1183 2858 1284 2930 Spurie
1303 2873 1358 2911 uon
1377 2853 1454 2910 nulle
1471 2855 1533 2911 vide
1552 2855 1624 2928 apud
1643 2856 1743 2910 Febri-

197 2951 266 3006 riem
292 2951 406 3006 hebebis
431 2952 554 3006 omnium
581 2948 707 3005 Philonis
731 2965 861 3022 operum,
880 2963 943 3018 quae
998 2949 1072 3002 cium
1091 2946 1163 3001 bibl.
1185 2965 1228 3018 gr.
1249 2953 1271 3000 t.
1291 2962 1330 3014 ιν,
1349 2965 1377 3019 p.
1396 2943 1461 3002 743.

950 3229 990 3307 V.

605 3449 657 3522 De
680 3452 788 3521 uetere
810 3445 976 3521 Philonis
999 3448 1188 3543 interprete
1211 3443 1335 3521 latino.

234 3673 312 3731 Haud
332 3675 388 3727 erit
405 3672 455 3724 ἀπὸ
475 3671 575 3736 σκοποῦ,
594 3668 649 3723 duo
669 3669 765 3740 paucis
785 3681 916 3721 revocare
933 3663 968 3718 de
979 3665 1072 3735 prisco
1086 3662 1136 3718 illo
1149 3663 1276 3736 Philonis
1287 3663 1456 3734 interpret03
1470 3679 1566 3731 unum,
1580 3664 1652 3734 quod
1670 3663 1743 3718 idem

198 3763 344 3820 transtulit
355 3779 370 3814 e
384 3777 478 3830 graeco
494 3762 514 3827 1)
528 3765 588 3812 tum
600 3759 770 3829 quaestioues
782 3759 812 3812 in
826 3755 965 3822 Genesim,
975 3759 1033 3808 tum
1043 3751 1147 3807 librum
1159 3752 1192 3807 de
1202 3754 1397 3824 Therapeutis‚
1409 3757 1466 3806 tum
1477 3749 1743 3823 pseudo-chronicon

198 3874 214 3908 e
233 3854 334 3911 Genesi
353 3853 387 3906 ed
406 3849 527 3917 Saulem,
547 3852 574 3903 et
593 3847 713 3902 fortusse
731 3845 788 3900 elie
805 3861 868 3918 quea
887 3844 1061 3900 exciderunt.
1081 3841 1207 3898 Alterum
1226 3846 1280 3910 est,
1300 3843 1373 3897 huuc
1390 3842 1561 3914 scriptorem.
1574 3842 1648 3897 inter
1666 3843 1744 3896 anti·

197 3945 346 4016 quissimus
366 3941 464 3994 merito
483 3937 593 3994 referri.

235 4035 388 4103 Utrumque
400 4029 495 4084 eodem
509 4027 568 4082 iere
581 4031 745 4097 argumento
759 4026 887 4092 efficitur,
898 4039 933 4078 ex
945 4021 1083 4094 singulari
1095 4021 1225 4076 videlicet
1233 4019 1371 4075 scribendi
1386 4035 1497 4090 genere,
1508 4018 1581 4090 quod
1594 4019 1624 4074 iu
1637 4019 1743 4090 triplici

198 4119 333 4195 opusculo
352 4121 392 4173 itu
410 4119 463 4172 eibi
488 4116 626 4186 cohaeret,
646 4114 689 4170 vet
714 4116 744 4169 in
768 4115 969 4169 immanissima
987 4111 1166 4183 quorumdem
1186 4107 1380 4164 vocabulorum
1399 4107 1565 4174 iusoleutio,
1584 4111 1616 4162 ut
1632 4109 1744 4163 omnino

197 4213 334 4283 oporteat,
353 4213 454 4263 cuncte
472 4222 507 4259 ex
526 4222 580 4260 uno
599 4208 628 4258 et
647 4203 743 4261 eodem
763 4201 870 4258 oulemo
888 4201 1032 4256 occidione.
1050 4201 1146 4271 Neque
1159 4216 1211 4269 ego
1223 4202 1251 4250 te
1264 4213 1375 4250 sussum
1388 4194 1482 4264 velim,
1495 4212 1529 4249 ex
1545 4197 1598 4250 mvi
1618 4195 1744 4250 barberio

199 4315 233 4352 aa
250 4297 428 4370 produxisse,
447 4311 509 4366 quae
529 4291 599 4347 nibil
618 4293 673 4348 nisi
692 4293 864 4365 incomptum
882 4294 910 4345 et
928 4289 1070 4345 horridum
1084 4289 1200 4359 gignere
1217 4285 1349 4358 potuerit.
1369 4284 1442 4339 Idem
1463 4284 1537 4338 enim
1554 4287 1650 4340 noster
1667 4283 1745 4338 rudi·

200 4392 285 4444 tetem
295 4387 389 4460 potius
398 4385 511 4440 affectat
520 4388 549 4439 et
558 4381 748 4456 persequitur,
759 4397 841 4453 quem
854 4396 913 4435 eum
923 4381 1030 4451 petitur
1039 4381 1068 4432 et
1078 4377 1111 4430 eb
1121 4392 1181 4431 mro
1193 4391 1243 4430 suo
1250 4374 1361 4446 recipit.
1373 4371 1521 4428 Identidem
1531 4387 1582 4427 sue
1590 4369 1746 4428 luxurietur

238 4603 260 4671 ¹)
281 4597 689 4674 Dubioprocui,etiumq¹10ed
704 4597 870 4665 (thrumone,
885 4594 948 4650 ioue
1001 4603 1090 4650 totum
1107 4591 1259 4648 habitabile
1278 4593 1364 4658 (πᾶσα
1383 4587 1531 4660 οἰκουμένη)
1550 4586 1572 4644 i.
1591 4585 1643 4654 9ος
1658 4603 1746 4658 neque

204 4711 313 4768 matus
331 4697 385 4761 ναί,
405 4707 437 4746 so
454 4689 535 4744 doleo
547 4705 592 4743 me
604 4688 639 4742 ud
651 4704 762 4742 menum
775 4703 830 4741 non
849 4686 949 4740 hebere
1003 4683 1082 4737 deest
1092 4682 1217 4754 syutexis
1230 4695 1332 4752 graeca:
1343 4683 1461 4751 quiescit
1470 4679 1567 4734 lumen
1577 4676 1660 4744 (nutu
1671 4677 1747 4747 φῶς),

206 4785 336 4841 Genesim
345 4785 581 4851 minoremquam
591 4777 672 4832 audio
686 4777 950 4848 iuflermaniegree·
1003 4782 1109 4828 motum
1121 4781 1161 4827 est
1178 4779 1279 4842 puaur
1297 4769 1485 4842 sundueuntu
1502 4767 1521 4822 1.
1533 4765 1580 4821 94.
1594 4764 1665 4830 Quid
1681 4780 1746 4818 vero

202 4891 235 4930 ce
253 4873 400 4946 prodiisse,
413 4876 519 4926 uteem
538 4872 567 4923 et
583 4883 646 4922 cum
664 4865 903 4940 pseudo-Philone
922 4870 951 4920 et
1003 4865 1157 4916 monstrum
1176 4859 1198 4915 1.
1217 4857 1271 4914 88:
1293 4859 1456 4915 Ometoceon
1475 4872 1563 4928 possa
1587 4865 1672 4922 sunt,
1692 4855 1745 4907 nisi

203 4980 265 5018 cum
284 4959 370 5016 simili
390 4959 484 5014 codice
502 4958 639 5012 Vaticano
662 4956 830 5012 conferrem.
851 4957 951 5011 Graeca
1005 4949 1145 5021 operentur
1155 4943 1367 5001 osaddwdStd
1380 4945 1445 5016 quid
1458 4943 1547 4998 180100
1560 4941 1582 4997 f·
1597 4940 1656 4997 126²
1671 4941 1755 5002 Quo--

204 5069 268 5108 vero
287 5053 338 5106 sub
357 5064 458 5122 espera
476 5047 616 5102 latinitate
632 5045 727 5115 lutere,
741 5049 844 5118 passim
858 5047 950 5118 signi·
1002 5041 1085 5096 modo
1102 5039 1137 5094 de
1149 5037 1349 5092 resalutatione
1361 5037 1393 5089 in
1405 5035 1550 5088 ebaomato
1562 5041 1632 5086 nato
1644 5039 1684 5086 est
1697 5048 1747 5085 oe-

205 5143 314 5196 dcetur:
337 5140 476 5196 Conclusa
493 5143 585 5192 metro
604 5136 628 5190 1.
640 5135 686 5202 99,
704 5132 761 5203 109,
775 5135 949 5190 holocausto·
1003 5142 1063 5186 stro
1072 5125 1257 5185 ereaturai...
1270 5125 1344 5180 Heus
1357 5122 1402 5178 tu!
1416 5122 1464 5176 sed
1477 5122 1539 5177 vide
1551 5138 1586 5176 an
1600 5120 1745 5176 Graiorum

203 5241 280 5284 nmen
301 5227 321 5284 i.
345 5225 404 5298 102,
424 5236 550 5282 oromate
570 5224 649 5292 199,
669 5225 703 5280 de
721 5223 846 5294 epormde
867 5221 949 5292 190,
1002 5238 1052 5276 ore
1061 5215 1373 5275 rutundeierautetiam
1384 5214 1570 5283 barbaraque
1580 5214 1744 5283 sequuntur.
