3978 6086
608 700 1025 950 snoonus
1067 810 1514 980 [nunnus
1648 951 1651 960 ,

505 1190 1094 1301 nnoounnnsne
1143 1159 1614 1296 nensooroe.

905 1503 1222 1516 ,.-..-.....----

329 1926 527 1994 tnunicenis
539 1944 576 1991 en
592 1925 725 2009 putribus
738 1925 789 1988 rix
803 1924 881 1991 ullus
894 1933 951 2004 est,
964 1926 1009 1990 cui
1022 1925 1127 2005 iucem,
1140 1926 1258 1993 torento
1269 1926 1341 2004 Deo,
1353 1934 1384 1989 et
1397 1926 1606 1992 incrementum
1621 1923 1730 1990 addere
1743 1922 1837 2004 nugis

289 2035 465 2119 optaverim,
487 2051 575 2119 quam
596 2052 703 2116 magno
723 2033 844 2098 lmnaeo.
867 2031 984 2097 Etennm
1004 2031 1043 2098 ab
1062 2031 1181 2097 exordio
1205 2031 1353 2116 Spr'ciieoir'
1372 2031 1570 2111 Solecmeoeis,
1586 2030 1685 2096 stetim
1705 2029 1834 2107 encusd,

291 2162 346 2210 nec
366 2144 483 2222 trustra,
506 2141 619 2208 collado
639 2141 791 2207 rariorum
810 2137 926 2218 studiis,
943 2155 1001 2203 non
1022 2136 1130 2203 latinos
1154 2136 1287 2204 modoet
1305 2156 1417 2222 grecos
1437 2138 1564 2217 codices,
1583 2138 1635 2203 sed
1655 2135 1729 2202 aiios
1749 2135 1837 2218 Syro-

290 2268 354 2314 rum
373 2257 405 2314 et
424 2253 625 2314 Armenorum.
649 2246 750 2331 Spicos
770 2245 840 2311 binc
859 2245 929 2312 inde
947 2244 1097 2325 collectos,
1113 2246 1191 2312 inter
1203 2244 1309 2311 lrcnaei
1323 2244 1426 2324 libros,
1441 2243 1552 2328 obque
1565 2262 1646 2310 more
1661 2249 1837 2326 receperunt

290 2356 458 2441 Lipsienses
479 2355 620 2440 (Adcipio.
638 2354 759 2434 Sticrco,
773 2355 876 2436 1853),
891 2352 1149 2435 cantabrigienses
1170 2351 1231 2435 (W.
1260 2351 1363 2434 bicon
1383 2351 1512 2436 domm,
1535 2353 1636 2434 1857),
1659 2350 1839 2416 Porisienses

294 2464 332 2547 (d.
355 2463 394 2528 P.
420 2464 528 2546 Minoe,
550 2463 651 2544 1857),
674 2479 769 2546 neque
788 2464 877 2528 etiam
898 2461 982 2527 hisce
1001 2459 1105 2526 diebus
1125 2459 1190 2525 haec
1209 2459 1323 2524 modion
1344 2460 1521 2526 collectaneo
1542 2459 1666 2526 omisere
1686 2457 1784 2538 Scoti,
1807 2458 1837 2522 in
1932 2515 1935 2520 .

290 2571 418 2654 eleganti
429 2569 550 2636 Petrum
560 2569 813 2634 Aotubceoorom
823 2567 1013 2634 Bibliotheca.
1030 2570 1058 2648 1)
1073 2565 1240 2649 Polygiotto
1254 2566 1346 2649 igitur
1358 2585 1491 2634 sermone
1505 2565 1766 2649 auctus,mngisten
1777 2565 1838 2650 jun

290 2677 495 2762 Lugdunensis
514 2685 671 2758 utcumque
691 2676 794 2741 crevit.

1053 2900 1080 2972 Ι.

330 3121 481 3192 Crevissct
502 3121 553 3188 rel
572 3121 664 3188 latine
684 3121 774 3188 mutto
795 3121 926 3202 uberius,
941 3121 965 3186 si
981 3122 1158 3206 quicumque
1173 3123 1203 3187 in
1220 3121 1364 3188 edendum
1385 3121 1529 3186 benaeunn
1550 3120 1717 3201 incubuere,
1741 3138 1841 3186 omnes

291 3231 368 3297 Latii
389 3230 504 3296 codices
522 3227 684 3297 studiosius
712 3228 947 3314 inquisivissent.
970 3229 1028 3320 Sed
1052 3229 1174 3314 penurie
1200 3238 1335 3298 vetorum
1361 3229 1425 3314 ejus
1444 3228 1583 3296 librorum
1609 3228 1756 3308 deterriti,
1780 3238 1838 3294 trec

294 3348 407 3405 tontum
427 3338 543 3406 codices
556 3337 612 3405 sibi
628 3337 665 3404 de
679 3355 769 3404 manu
785 3338 816 3403 in
831 3355 947 3403 monum
963 3338 1189 3404 transtulerunt:
1206 3336 1391 3415 Vossianuro,
1404 3354 1493 3422 quem
1507 3337 1618 3419 primus
1632 3336 1751 3403 tundent
1767 3336 1842 3402 Stie-

294 3447 394 3516 renins
415 3448 534 3533 penitus
555 3446 700 3532 inspexit3
722 3448 990 3528 claromontanum,
1010 3466 1069 3531 quo
1089 3464 1141 3533 per
1154 3465 1187 3512 se
1208 3464 1266 3512 uno
1287 3444 1412 3512 Mancini
1428 3444 1473 3510 nsi
1495 3454 1585 3525 sunt;
1608 3444 1840 3511 drundelionnm

292 3576 378 3642 qoem
398 3558 544 3625 Horveius
565 3556 687 3638 ultimo,
701 3557 753 3624 sed
774 3575 862 3641 percu
882 3557 972 3621 nimis
991 3573 1080 3622 monn
1101 3554 1214 3639 attigit.
1236 3553 1367 3632 Quorum
1389 3571 1465 3618 unus
1484 3562 1571 3619 retus
1590 3562 1647 3634 est,
1670 3551 1839 3618 claromon-

294 3672 392 3742 tanus,
414 3663 451 3728 ad
465 3662 610 3731 decimum
623 3661 774 3741 saulum,
784 3663 883 3746 judice
896 3660 1076 3744 biobiilonio,
1093 3659 1244 3741 eredens,
1260 3661 1310 3728 sed
1327 3662 1405 3727 coice
1425 3659 1751 3727 mutilus.Saecutox11
1775 3675 1840 3743 pro-

293 3771 392 3838 ximus
413 3778 461 3835 est
478 3768 706 3851 brundeiinnus,
720 3769 769 3853 qui
784 3769 863 3836 solus
883 3770 961 3836 Fieri
982 3768 1188 3852 Lugdunensis
1201 3767 1320 3853 prologo
1334 3768 1358 3848 ²)
1376 3785 1393 3834 o
1408 3769 1504 3836 fronte
1517 3776 1647 3834 ornatur,
1663 3767 1736 3834 Tun
1751 3766 1842 3834 serior

295 3879 467 3960 Vossianus,
483 3886 610 3946 exeunte
623 3877 731 3944 seculo
744 3877 795 3948 XV
809 3877 947 3962 scriptos,
968 3878 1019 3961 qui
1039 3877 1119 3944 sotus
1140 3894 1224 3957 nunc·
1240 3876 1348 3942 retinet
1367 3874 1470 3941 ultimo
1490 3873 1557 3940 libri
1572 3874 1668 3958 quinti
1687 3874 1796 3958 capitu
1812 3874 1840 3951 ³)

330 4113 538 4181 obibroahaud
549 4113 839 4186 ibaepsroosssronte
849 4111 947 4167 salom
959 4129 1040 4166 nosse
1132 4109 1155 4174 2)
1177 4111 1309 4184 Spiciley.
1330 4110 1448 4166 Solcsm.
1469 4107 1491 4164 i.
1505 4124 1526 4178 1,
1539 4126 1567 4180 p.
1580 4124 1624 4176 1x3
1639 4107 1772 4180 Hor-wey,
1786 4111 1841 4176 bt,

288 4207 413 4278 juvebit:
434 4207 532 4262 Sancti
556 4206 672 4262 Irenaeo·
696 4210 817 4277 episcopi
836 4205 1040 4277 Lugudunensis
1093 4219 1122 4272 p.
1142 4213 1422 4268 cnxxrn,cnxxr111;
1442 4191 1552 4253 Patrai.
1572 4193 1840 4270 craecevneot.

295 4295 384 4348 libros
396 4299 525 4366 quinque
534 4295 679 4352 Adversus
689 4295 839 4364 Haereses,
853 4305 929 4351 tecm
938 4311 1040 4368 yrceco
1093 4287 1157 4346 431.
1176 4291 1308 4357 Sticren.,
1327 4289 1357 4341 in
1376 4287 1511 4358 prooemio
1529 4285 1596 4341 edit.
1617 4285 1692 4356 Lips.
1712 4284 1805 4340 Laetor
1826 4301 1843 4338 n

294 4388 327 4438 io
347 4385 415 4440 locis
434 4386 585 4441 nonnullis
605 4386 779 4456 locupletato,
798 4389 927 4440 versione
947 4386 1039 4438 latina
1094 4382 1184 4436 tribus
1209 4377 1361 4434 editoribus
1388 4376 1560 4431 confidenter
1582 4374 1742 4430 confirmari
1769 4373 1842 4445 quod

294 4491 358 4529 cum
367 4476 449 4531 codd.
462 4477 682 4533 claromontano
691 4493 724 4532 ac
735 4475 935 4532 Amndeliano
945 4475 1039 4530 denuo
1093 4486 1148 4524 non
1161 4466 1217 4525 nisi
1229 4481 1365 4539 suspenso
1376 4481 1458 4520 manu
1471 4465 1593 4519 Discono
1606 4461 1785 4534 Lugdunensi
1798 4479 1843 4516 re-

293 4565 407 4635 collata,
414 4570 577 4637 memissa
593 4567 627 4622 de
636 4568 750 4642 placitis
764 4564 963 4622 &modorum
970 4581 1039 4634 pro·
1093 4560 1248 4625 stituerum,
1263 4561 1346 4628 eujus
1358 4571 1458 4611 nomen
1470 4560 1544 4610 tecet
1555 4551 1770 4611 Arundelisnus.
1784 4553 1841 4610 Sn-

295 4653 416 4720 iuer'ooe,
435 4657 597 4728 fraumenta
615 4673 667 4711 occ
685 4673 745 4710 ooo
766 4653 887 4722 Graece,
912 4654 1038 4724 Syriaco,
1093 4647 1246 4719 spicionem
1257 4642 1459 4700 morerstmihi
1473 4643 1591 4697 obscure
1602 4641 1735 4696 etbreris
1748 4638 1844 4696 notula

293 4748 474 4812 Armenicce,
493 4748 727 4800 commentatione
742 4752 879 4813 per-petua
898 4751 924 4796 cr
935 4741 1039 4797 indici·
1093 4732 1232 4792 Sirmondi
1251 4732 1285 4787 ad
1304 4733 1380 4786 Aviti
1399 4729 1574 4802 fragmento:
1590 4727 1842 4801 ·1nclio,inquit,

293 4838 344 4890 bus
363 4838 452 4890 curiis
471 4833 557 4889 edidit
575 4831 622 4888 W.
643 4833 751 4906 Wigen
770 4833 882 4906 Harvey
900 4833 929 4890 S.
950 4829 985 4886 Τ.
1005 4831 1037 4884 Β.
1092 4819 1509 4896 codiceejuedembibliotbeeae
1524 4819 1689 4888 (Canthusiae
1704 4817 1843 4890 majoris),

293 4921 482 4992 Centobrigiae
504 4918 583 4991 1857,
604 4922 679 4992 typis
701 4919 877 4974 academicis.
895 4947 932 4960 -
950 4920 1038 4975 Ance-
1092 4912 1223 4984 operibus
1236 4911 1333 4966 Irenoei
1347 4910 1465 4982 prefixa
1477 4913 1521 4964 est
1532 4909 1615 4964 Flore·
1625 4909 1762 4979 praefatio
1776 4923 1841 4962 crem

291 5011 875 5081 NiceoerrieticoLibrory,col.vnn,1x.
892 5010 949 5065 The
966 5007 1040 5063 Wri·
1093 5002 1209 5074 epistota
1227 5001 1384 5074 Ayobardc'.
1398 5023 1411 5046 s
1427 4999 1480 5055 Sed
1494 4999 1540 5053 ubi
1554 4997 1755 5054 Gertbusisnue
1771 4995 1843 5050 liber

291 5101 367 5172 tinge
380 5100 564 5171 osdrcroaeus,
578 5096 730 5153 translated
744 5097 782 5170 by
794 5097 863 5152 Rev.
878 5095 959 5152 Alex.
981 5093 1036 5150 Ro·
1094 5091 1205 5148 exuleti
1219 5091 1264 5146 ubi
1279 5090 1349 5146 tacco
1361 5088 1502 5160 Agobordi
1516 5085 1651 5161 epistole?
1664 5088 1707 5143 An
1720 5085 1754 5142 ed
1774 5082 1843 5141 Flo·

291 5190 368 5244 berts
378 5190 411 5243 D.
426 5189 458 5244 D.
476 5189 530 5242 end
543 5187 612 5242 Rev.
627 5186 678 5242 W.
693 5187 727 5244 H.
743 5186 880 5242 Rumbsnt
890 5186 924 5241 Α.
937 5191 971 5244 Β.
983 5184 1036 5237 ond
1092 5180 1169 5238 cumi
1188 5187 1233 5236 An
1253 5181 1286 5234 de
1305 5179 1431 5234 Ircnoeoi

290 5279 383 5334 domes
392 5275 558 5349 Donnldson,
570 5276 622 5332 LL.
634 5279 666 5333 D.
675 5276 856 5349 Edimburgb:
868 5271 1037 5331 loos-1871.
1130 5271 1157 5348 3)
1182 5275 1220 5327 De
1239 5271 1332 5326 codice
1358 5271 1492 5325 vossiano
1511 5268 1616 5340 prodiit
1629 5265 1750 5340 Adolpbi
1763 5267 1841 5324 sue·
