<?xml version="1.0" encoding="UTF-8"?>
<!DOCTYPE html PUBLIC "-//W3C//DTD XHTML 1.0 Transitional//EN"
    "http://www.w3.org/TR/xhtml1/DTD/xhtml1-transitional.dtd">
<html xmlns="http://www.w3.org/1999/xhtml" xml:lang="en" lang="en">
 <head>
  <title>
</title>
<meta http-equiv="Content-Type" content="text/html;charset=utf-8" />
  <meta name='ocr-system' content='tesseract 3.04.00' />
  <meta name='ocr-capabilities' content='ocr_page ocr_carea ocr_par ocr_line ocrx_word'/>
</head>
<body>
  <div class='ocr_page' id='page_1' title='image "./analectasacrasp01pitrgoog_0127.png"; bbox 0 0 3998 6080; ppageno 0'>
   <div class='ocr_carea' id='block_1_1' title="bbox 701 495 1712 573">
    <p class='ocr_par' dir='ltr' id='par_1_1' title="bbox 701 495 1712 573">
     <span class='ocr_line' id='line_1_1' title="bbox 701 495 1712 573; baseline 0.014 -14"><span class='ocrx_word' id='word_1_1' title='bbox 701 495 827 561; x_wconf 79' lang='lat' dir='ltr'><strong>counit</strong></span> <span class='ocrx_word' id='word_1_2' title='bbox 848 497 1181 566; x_wconf 75' lang='lat' dir='ltr'><strong>cinuououutittis</strong></span> <span class='ocrx_word' id='word_1_3' title='bbox 1677 509 1712 573; x_wconf 82' lang='lat' dir='ltr'><strong>tt</strong></span> 
     </span>
    </p>
   </div>
   <div class='ocr_carea' id='block_1_2' title="bbox 169 644 1723 3061">
    <p class='ocr_par' dir='ltr' id='par_1_2' title="bbox 169 644 1719 854">
     <span class='ocr_line' id='line_1_2' title="bbox 211 644 1719 739; baseline 0.008 -29"><span class='ocrx_word' id='word_1_4' title='bbox 211 648 260 710; x_wconf 83' lang='grc'><strong>39.</strong></span> <span class='ocrx_word' id='word_1_5' title='bbox 278 645 387 729; x_wconf 81' lang='lat' dir='ltr'><strong>bdipcs</strong></span> <span class='ocrx_word' id='word_1_6' title='bbox 406 644 604 729; x_wconf 86' lang='lat' dir='ltr'><strong>pacificorum,</strong></span> <span class='ocrx_word' id='word_1_7' title='bbox 627 647 813 731; x_wconf 80' lang='lat' dir='ltr'><strong>compunctio</strong></span> <span class='ocrx_word' id='word_1_8' title='bbox 832 649 939 730; x_wconf 88' lang='lat' dir='ltr'><strong>cordis,</strong></span> <span class='ocrx_word' id='word_1_9' title='bbox 962 660 992 716; x_wconf 91' lang='lat' dir='ltr'><strong>et</strong></span> <span class='ocrx_word' id='word_1_10' title='bbox 1012 651 1206 739; x_wconf 76' lang='lat' dir='ltr'><strong>lacrymarum</strong></span> <span class='ocrx_word' id='word_1_11' title='bbox 1223 655 1366 737; x_wconf 86' lang='lat' dir='ltr'><strong>profusio.</strong></span> <span class='ocrx_word' id='word_1_12' title='bbox 1385 656 1417 720; x_wconf 94' lang='lat' dir='ltr'><strong>ln</strong></span> <span class='ocrx_word' id='word_1_13' title='bbox 1440 656 1584 724; x_wconf 88' lang='lat' dir='ltr'><strong>Levitico:</strong></span> <span class='ocrx_word' id='word_1_14' title='bbox 1606 657 1645 722; x_wconf 83' lang='lat' dir='ltr'><strong>Et</strong></span> <span class='ocrx_word' id='word_1_15' title='bbox 1659 658 1719 722; x_wconf 91' lang='lat' dir='ltr'><strong>im-</strong></span> 
     </span>
     <span class='ocr_line' id='line_1_3' title="bbox 169 760 1263 854; baseline 0.007 -28"><span class='ocrx_word' id='word_1_16' title='bbox 169 760 270 846; x_wconf 93' lang='lat' dir='ltr'><strong>posito</strong></span> <span class='ocrx_word' id='word_1_17' title='bbox 289 761 416 846; x_wconf 82' lang='lat' dir='ltr'>desuper</span> <span class='ocrx_word' id='word_1_18' title='bbox 436 761 617 844; x_wconf 88' lang='lat' dir='ltr'><strong>holocausto,</strong></span> <span class='ocrx_word' id='word_1_19' title='bbox 639 764 778 830; x_wconf 78' lang='lat' dir='ltr'>sacerdos</span> <span class='ocrx_word' id='word_1_20' title='bbox 796 766 925 831; x_wconf 76' lang='lat' dir='ltr'>adolebit</span> <span class='ocrx_word' id='word_1_21' title='bbox 943 767 1047 853; x_wconf 78' lang='lat' dir='ltr'>adipes</span> <span class='ocrx_word' id='word_1_22' title='bbox 1068 769 1263 854; x_wconf 86' lang='lat' dir='ltr'><strong>pacificorum.</strong></span> 
     </span>
    </p>

    <p class='ocr_par' dir='ltr' id='par_1_3' title="bbox 171 879 1718 1090">
     <span class='ocr_line' id='line_1_4' title="bbox 216 879 1718 971; baseline 0.01 -29"><span class='ocrx_word' id='word_1_23' title='bbox 216 879 325 944; x_wconf 81' lang='lat' dir='ltr'><strong>itt-itt.</strong></span> <span class='ocrx_word' id='word_1_24' title='bbox 342 879 376 943; x_wconf 95' lang='lat' dir='ltr'><strong>ln</strong></span> <span class='ocrx_word' id='word_1_25' title='bbox 391 887 474 944; x_wconf 76' lang='lat' dir='ltr'><strong>muro</strong></span> <span class='ocrx_word' id='word_1_26' title='bbox 487 896 569 958; x_wconf 79' lang='lat' dir='ltr'><strong>raro,</strong></span> <span class='ocrx_word' id='word_1_27' title='bbox 582 879 773 946; x_wconf 84' lang='lat' dir='ltr'><strong>continentias</strong></span> <span class='ocrx_word' id='word_1_28' title='bbox 786 883 890 960; x_wconf 90' lang='lat' dir='ltr'><strong>cultro,</strong></span> <span class='ocrx_word' id='word_1_29' title='bbox 906 880 936 946; x_wconf 92' lang='lat' dir='ltr'><strong>in</strong></span> <span class='ocrx_word' id='word_1_30' title='bbox 951 899 1001 947; x_wconf 89' lang='lat' dir='ltr'><strong>ara</strong></span> <span class='ocrx_word' id='word_1_31' title='bbox 1016 884 1121 963; x_wconf 89' lang='lat' dir='ltr'><strong>cordis,</strong></span> <span class='ocrx_word' id='word_1_32' title='bbox 1135 886 1271 970; x_wconf 88' lang='lat' dir='ltr'><strong>superbia</strong></span> <span class='ocrx_word' id='word_1_33' title='bbox 1284 887 1446 971; x_wconf 65' lang='lat' dir='ltr'><strong>jugulatum</strong></span> <span class='ocrx_word' id='word_1_34' title='bbox 1462 889 1493 954; x_wconf 92' lang='lat' dir='ltr'><strong>in</strong></span> <span class='ocrx_word' id='word_1_35' title='bbox 1507 889 1610 970; x_wconf 89' lang='lat' dir='ltr'><strong>ariete,</strong></span> <span class='ocrx_word' id='word_1_36' title='bbox 1624 891 1718 971; x_wconf 84' lang='lat' dir='ltr'><strong>luror3</strong></span> 
     </span>
     <span class='ocr_line' id='line_1_5' title="bbox 171 993 1677 1090; baseline 0.01 -32"><span class='ocrx_word' id='word_1_37' title='bbox 171 993 203 1059; x_wconf 91' lang='lat' dir='ltr'><strong>in</strong></span> <span class='ocrx_word' id='word_1_38' title='bbox 224 993 315 1072; x_wconf 91' lang='lat' dir='ltr'><strong>biron,</strong></span> <span class='ocrx_word' id='word_1_39' title='bbox 330 994 439 1074; x_wconf 92' lang='lat' dir='ltr'><strong>libido;</strong></span> <span class='ocrx_word' id='word_1_40' title='bbox 462 994 492 1060; x_wconf 90' lang='lat' dir='ltr'><strong>in</strong></span> <span class='ocrx_word' id='word_1_41' title='bbox 514 995 728 1076; x_wconf 70' lang='lat' dir='ltr'><strong>vitriacensis</strong></span> <span class='ocrx_word' id='word_1_42' title='bbox 748 997 903 1082; x_wconf 82' lang='lat' dir='ltr'><strong>uoluptas;</strong></span> <span class='ocrx_word' id='word_1_43' title='bbox 927 1000 959 1063; x_wconf 94' lang='lat' dir='ltr'><strong>in</strong></span> <span class='ocrx_word' id='word_1_44' title='bbox 980 1017 1066 1082; x_wconf 76' lang='lat' dir='ltr'><strong>agno,</strong></span> <span class='ocrx_word' id='word_1_45' title='bbox 1080 1000 1221 1082; x_wconf 81' lang='lat' dir='ltr'><strong>lascivia3</strong></span> <span class='ocrx_word' id='word_1_46' title='bbox 1244 1002 1274 1069; x_wconf 95' lang='lat' dir='ltr'><strong>in</strong></span> <span class='ocrx_word' id='word_1_47' title='bbox 1295 1003 1396 1082; x_wconf 76' lang='lat' dir='ltr'><strong>badis,</strong></span> <span class='ocrx_word' id='word_1_48' title='bbox 1410 1015 1531 1090; x_wconf 86' lang='lat' dir='ltr'><strong>peccata</strong></span> <span class='ocrx_word' id='word_1_49' title='bbox 1549 1006 1677 1073; x_wconf 82' lang='lat' dir='ltr'><strong>diversa.</strong></span> 
     </span>
    </p>

    <p class='ocr_par' dir='ltr' id='par_1_4' title="bbox 170 1109 1720 1294">
     <span class='ocr_line' id='line_1_6' title="bbox 214 1109 1720 1203; baseline 0.009 -29"><span class='ocrx_word' id='word_1_50' title='bbox 214 1110 265 1190; x_wconf 83' lang='lat' dir='ltr'><strong>io,</strong></span> <span class='ocrx_word' id='word_1_51' title='bbox 283 1110 333 1174; x_wconf 84' lang='lat' dir='ltr'><strong>ti.</strong></span> <span class='ocrx_word' id='word_1_52' title='bbox 351 1109 407 1175; x_wconf 90' lang='lat' dir='ltr'><strong>Per</strong></span> <span class='ocrx_word' id='word_1_53' title='bbox 429 1120 571 1177; x_wconf 89' lang='lat' dir='ltr'><strong>turturem</strong></span> <span class='ocrx_word' id='word_1_54' title='bbox 591 1121 622 1178; x_wconf 88' lang='lat' dir='ltr'><strong>et</strong></span> <span class='ocrx_word' id='word_1_55' title='bbox 641 1113 817 1190; x_wconf 77' lang='lat' dir='ltr'>columbam,</span> <span class='ocrx_word' id='word_1_56' title='bbox 830 1115 975 1182; x_wconf 82' lang='lat' dir='ltr'><strong>munditia</strong></span> <span class='ocrx_word' id='word_1_57' title='bbox 989 1115 1135 1182; x_wconf 85' lang='lat' dir='ltr'><strong>castitatis</strong></span> <span class='ocrx_word' id='word_1_58' title='bbox 1149 1126 1180 1182; x_wconf 90' lang='lat' dir='ltr'><strong>et</strong></span> <span class='ocrx_word' id='word_1_59' title='bbox 1192 1116 1364 1203; x_wconf 79' lang='lat' dir='ltr'><strong>simplicitas</strong></span> <span class='ocrx_word' id='word_1_60' title='bbox 1377 1119 1473 1186; x_wconf 90' lang='lat' dir='ltr'><strong>cordis</strong></span> <span class='ocrx_word' id='word_1_61' title='bbox 1494 1120 1526 1185; x_wconf 93' lang='lat' dir='ltr'><strong>in</strong></span> <span class='ocrx_word' id='word_1_62' title='bbox 1546 1122 1720 1188; x_wconf 87' lang='lat' dir='ltr'><strong>sacrificium</strong></span> 
     </span>
     <span class='ocr_line' id='line_1_7' title="bbox 170 1224 382 1294; baseline -0.005 -4"><span class='ocrx_word' id='word_1_63' title='bbox 170 1224 233 1290; x_wconf 93' lang='lat' dir='ltr'><strong>Deo</strong></span> <span class='ocrx_word' id='word_1_64' title='bbox 253 1225 382 1294; x_wconf 89' lang='lat' dir='ltr'><strong>ollertur.</strong></span> 
     </span>
    </p>

    <p class='ocr_par' dir='ltr' id='par_1_5' title="bbox 172 1339 1721 1550">
     <span class='ocr_line' id='line_1_8' title="bbox 213 1339 1721 1435; baseline 0.007 -30"><span class='ocrx_word' id='word_1_65' title='bbox 213 1340 325 1405; x_wconf 78' lang='lat' dir='ltr'><strong>tt-tt.</strong></span> <span class='ocrx_word' id='word_1_66' title='bbox 340 1341 375 1405; x_wconf 94' lang='lat' dir='ltr'><strong>ln</strong></span> <span class='ocrx_word' id='word_1_67' title='bbox 388 1339 554 1425; x_wconf 79' lang='lat' dir='ltr'><strong>similagine</strong></span> <span class='ocrx_word' id='word_1_68' title='bbox 567 1342 680 1426; x_wconf 91' lang='lat' dir='ltr'><strong>puritas</strong></span> <span class='ocrx_word' id='word_1_69' title='bbox 694 1344 811 1426; x_wconf 86' lang='lat' dir='ltr'><strong>mentis,</strong></span> <span class='ocrx_word' id='word_1_70' title='bbox 834 1346 886 1433; x_wconf 82' lang='lat' dir='ltr'><strong>uel</strong></span> <span class='ocrx_word' id='word_1_71' title='bbox 904 1363 992 1431; x_wconf 89' lang='lat' dir='ltr'><strong>opera</strong></span> <span class='ocrx_word' id='word_1_72' title='bbox 1005 1346 1231 1428; x_wconf 82' lang='lat' dir='ltr'><strong>miscricordiaa3</strong></span> <span class='ocrx_word' id='word_1_73' title='bbox 1254 1349 1285 1414; x_wconf 95' lang='lat' dir='ltr'><strong>in</strong></span> <span class='ocrx_word' id='word_1_74' title='bbox 1304 1348 1450 1435; x_wconf 90' lang='lat' dir='ltr'><strong>primitiis,</strong></span> <span class='ocrx_word' id='word_1_75' title='bbox 1471 1349 1556 1418; x_wconf 89' lang='lat' dir='ltr'><strong>initia</strong></span> <span class='ocrx_word' id='word_1_76' title='bbox 1576 1351 1721 1418; x_wconf 92' lang='lat' dir='ltr'><strong>bonorum</strong></span> 
     </span>
     <span class='ocr_line' id='line_1_9' title="bbox 172 1458 1426 1550; baseline 0.006 -28"><span class='ocrx_word' id='word_1_77' title='bbox 172 1475 307 1541; x_wconf 90' lang='lat' dir='ltr'><strong>operum,</strong></span> <span class='ocrx_word' id='word_1_78' title='bbox 327 1458 378 1523; x_wconf 83' lang='lat' dir='ltr'><strong>rel</strong></span> <span class='ocrx_word' id='word_1_79' title='bbox 399 1459 475 1523; x_wconf 92' lang='lat' dir='ltr'><strong>bona</strong></span> <span class='ocrx_word' id='word_1_80' title='bbox 496 1459 651 1540; x_wconf 79' lang='lat' dir='ltr'><strong>voluntas3</strong></span> <span class='ocrx_word' id='word_1_81' title='bbox 675 1459 704 1525; x_wconf 95' lang='lat' dir='ltr'><strong>in</strong></span> <span class='ocrx_word' id='word_1_82' title='bbox 726 1462 847 1528; x_wconf 90' lang='lat' dir='ltr'><strong>decimis</strong></span> <span class='ocrx_word' id='word_1_83' title='bbox 868 1482 951 1540; x_wconf 80' lang='lat' dir='ltr'><strong>vero,</strong></span> <span class='ocrx_word' id='word_1_84' title='bbox 971 1464 1113 1548; x_wconf 82' lang='lat' dir='ltr'><strong>perlectis</strong></span> <span class='ocrx_word' id='word_1_85' title='bbox 1133 1464 1275 1530; x_wconf 89' lang='lat' dir='ltr'><strong>bonomm</strong></span> <span class='ocrx_word' id='word_1_86' title='bbox 1295 1483 1426 1550; x_wconf 90' lang='lat' dir='ltr'><strong>operum.</strong></span> 
     </span>
    </p>

    <p class='ocr_par' dir='ltr' id='par_1_6' title="bbox 172 1574 1722 1756">
     <span class='ocr_line' id='line_1_10' title="bbox 217 1574 1722 1663; baseline 0.006 -24"><span class='ocrx_word' id='word_1_87' title='bbox 217 1576 267 1639; x_wconf 83' lang='lat' dir='ltr'><strong>lii.</strong></span> <span class='ocrx_word' id='word_1_88' title='bbox 285 1574 436 1655; x_wconf 79' lang='lat' dir='ltr'><strong>Sacerdos,</strong></span> <span class='ocrx_word' id='word_1_89' title='bbox 451 1575 594 1641; x_wconf 85' lang='lat' dir='ltr'><strong>Dominus</strong></span> <span class='ocrx_word' id='word_1_90' title='bbox 607 1575 693 1642; x_wconf 89' lang='lat' dir='ltr'><strong>Jesus</strong></span> <span class='ocrx_word' id='word_1_91' title='bbox 706 1576 852 1643; x_wconf 87' lang='lat' dir='ltr'><strong>Christus.</strong></span> <span class='ocrx_word' id='word_1_92' title='bbox 869 1577 904 1644; x_wconf 96' lang='lat' dir='ltr'><strong>ln</strong></span> <span class='ocrx_word' id='word_1_93' title='bbox 919 1579 1047 1663; x_wconf 86' lang='lat' dir='ltr'><strong>psalmo:</strong></span> <span class='ocrx_word' id='word_1_94' title='bbox 1063 1581 1110 1648; x_wconf 84' lang='lat' dir='ltr'><strong>Tu</strong></span> <span class='ocrx_word' id='word_1_95' title='bbox 1123 1599 1156 1646; x_wconf 91' lang='lat' dir='ltr'><strong>es</strong></span> <span class='ocrx_word' id='word_1_96' title='bbox 1169 1581 1305 1647; x_wconf 86' lang='lat' dir='ltr'><strong>sacerdos</strong></span> <span class='ocrx_word' id='word_1_97' title='bbox 1318 1582 1476 1648; x_wconf 89' lang='lat' dir='ltr'><strong>seeundum</strong></span> <span class='ocrx_word' id='word_1_98' title='bbox 1497 1582 1628 1650; x_wconf 85' lang='lat' dir='ltr'><strong>ordinem</strong></span> <span class='ocrx_word' id='word_1_99' title='bbox 1643 1583 1722 1650; x_wconf 85' lang='lat' dir='ltr'><strong>ilet-</strong></span> 
     </span>
     <span class='ocr_line' id='line_1_11' title="bbox 172 1691 317 1756; baseline -0.014 0"><span class='ocrx_word' id='word_1_100' title='bbox 172 1691 317 1756; x_wconf 87' lang='lat' dir='ltr'><strong>cbisedcc.</strong></span> 
     </span>
    </p>

    <p class='ocr_par' dir='ltr' id='par_1_7' title="bbox 214 1808 1718 1890">
     <span class='ocr_line' id='line_1_12' title="bbox 214 1808 1718 1890; baseline 0.003 -18"><span class='ocrx_word' id='word_1_101' title='bbox 214 1809 262 1873; x_wconf 78' lang='lat' dir='ltr'><strong>ltu.</strong></span> <span class='ocrx_word' id='word_1_102' title='bbox 284 1809 467 1890; x_wconf 75' lang='lat' dir='ltr'><strong>Sacerdotes,</strong></span> <span class='ocrx_word' id='word_1_103' title='bbox 490 1808 595 1874; x_wconf 88' lang='lat' dir='ltr'><strong>sancti.</strong></span> <span class='ocrx_word' id='word_1_104' title='bbox 619 1809 653 1874; x_wconf 94' lang='lat' dir='ltr'><strong>ln</strong></span> <span class='ocrx_word' id='word_1_105' title='bbox 674 1810 779 1876; x_wconf 86' lang='lat' dir='ltr'><strong>Esaia:</strong></span> <span class='ocrx_word' id='word_1_106' title='bbox 803 1811 1042 1880; x_wconf 83' lang='lat' dir='ltr'><strong>Vossacerdotcs</strong></span> <span class='ocrx_word' id='word_1_107' title='bbox 1055 1810 1170 1876; x_wconf 86' lang='lat' dir='ltr'><strong>Domini</strong></span> <span class='ocrx_word' id='word_1_108' title='bbox 1186 1811 1374 1890; x_wconf 80' lang='lat' dir='ltr'><strong>vocabimini,</strong></span> <span class='ocrx_word' id='word_1_109' title='bbox 1388 1812 1518 1877; x_wconf 92' lang='lat' dir='ltr'><strong>ministri</strong></span> <span class='ocrx_word' id='word_1_110' title='bbox 1539 1811 1593 1879; x_wconf 89' lang='lat' dir='ltr'><strong>Dei</strong></span> <span class='ocrx_word' id='word_1_111' title='bbox 1614 1814 1718 1879; x_wconf 85' lang='lat' dir='ltr'><strong>nostri.</strong></span> 
     </span>
    </p>

    <p class='ocr_par' dir='ltr' id='par_1_8' title="bbox 199 1920 1666 2012">
     <span class='ocr_line' id='line_1_13' title="bbox 199 1920 1666 2012; baseline 0.001 -22"><span class='ocrx_word' id='word_1_112' title='bbox 199 1923 263 1990; x_wconf 77' lang='lat' dir='ltr'><strong>&#39;oa</strong></span> <span class='ocrx_word' id='word_1_113' title='bbox 281 1926 320 1991; x_wconf 88' lang='lat' dir='ltr'><strong>Dt</strong></span> <span class='ocrx_word' id='word_1_114' title='bbox 340 1926 371 1991; x_wconf 94' lang='lat' dir='ltr'><strong>in</strong></span> <span class='ocrx_word' id='word_1_115' title='bbox 393 1926 500 1992; x_wconf 90' lang='lat' dir='ltr'><strong>malam</strong></span> <span class='ocrx_word' id='word_1_116' title='bbox 521 1935 643 2011; x_wconf 90' lang='lat' dir='ltr'><strong>partem,</strong></span> <span class='ocrx_word' id='word_1_117' title='bbox 668 1928 698 1992; x_wconf 90' lang='lat' dir='ltr'><strong>in</strong></span> <span class='ocrx_word' id='word_1_118' title='bbox 718 1927 882 1994; x_wconf 81' lang='lat' dir='ltr'><strong>llalacbid:</strong></span> <span class='ocrx_word' id='word_1_119' title='bbox 907 1920 1173 2008; x_wconf 84' lang='lat' dir='ltr'><strong>Vos,&#39;sacerdotes‚</strong></span> <span class='ocrx_word' id='word_1_120' title='bbox 1195 1927 1246 2011; x_wconf 91' lang='lat' dir='ltr'><strong>qui</strong></span> <span class='ocrx_word' id='word_1_121' title='bbox 1267 1927 1412 2012; x_wconf 79' lang='lat' dir='ltr'><strong>polluistis</strong></span> <span class='ocrx_word' id='word_1_122' title='bbox 1432 1945 1540 1994; x_wconf 92' lang='lat' dir='ltr'><strong>nomen</strong></span> <span class='ocrx_word' id='word_1_123' title='bbox 1559 1947 1666 1994; x_wconf 92' lang='lat' dir='ltr'><strong>meum.</strong></span> 
     </span>
    </p>

    <p class='ocr_par' dir='ltr' id='par_1_9' title="bbox 175 2042 1719 2244">
     <span class='ocr_line' id='line_1_14' title="bbox 214 2042 1719 2129; baseline 0.003 -21"><span class='ocrx_word' id='word_1_124' title='bbox 214 2044 263 2108; x_wconf 88' lang='lat' dir='ltr'><strong>lid.</strong></span> <span class='ocrx_word' id='word_1_125' title='bbox 281 2043 461 2113; x_wconf 84' lang='lat' dir='ltr'><strong>Vestimenta</strong></span> <span class='ocrx_word' id='word_1_126' title='bbox 472 2042 668 2126; x_wconf 87' lang='lat' dir='ltr'><strong>sacerdotum,</strong></span> <span class='ocrx_word' id='word_1_127' title='bbox 682 2060 770 2128; x_wconf 90' lang='lat' dir='ltr'><strong>opera</strong></span> <span class='ocrx_word' id='word_1_128' title='bbox 778 2043 920 2127; x_wconf 75' lang='lat' dir='ltr'><strong>iustitiae.</strong></span> <span class='ocrx_word' id='word_1_129' title='bbox 933 2045 966 2108; x_wconf 94' lang='lat' dir='ltr'><strong>ln</strong></span> <span class='ocrx_word' id='word_1_130' title='bbox 978 2043 1105 2127; x_wconf 89' lang='lat' dir='ltr'><strong>psalmo:</strong></span> <span class='ocrx_word' id='word_1_131' title='bbox 1118 2043 1291 2110; x_wconf 85' lang='lat' dir='ltr'><strong>Sacerdotes</strong></span> <span class='ocrx_word' id='word_1_132' title='bbox 1303 2044 1357 2125; x_wconf 92' lang='lat' dir='ltr'><strong>tui,</strong></span> <span class='ocrx_word' id='word_1_133' title='bbox 1366 2043 1489 2112; x_wconf 88' lang='lat' dir='ltr'><strong>Domine</strong></span> <span class='ocrx_word' id='word_1_134' title='bbox 1499 2044 1588 2123; x_wconf 91' lang='lat' dir='ltr'><strong>Deus,</strong></span> <span class='ocrx_word' id='word_1_135' title='bbox 1597 2045 1638 2129; x_wconf 92' lang='lat' dir='ltr'><strong>[p.</strong></span> <span class='ocrx_word' id='word_1_136' title='bbox 1649 2047 1719 2127; x_wconf 76' lang='lat' dir='ltr'><strong>tsi]</strong></span> 
     </span>
     <span class='ocr_line' id='line_1_15' title="bbox 175 2160 479 2244; baseline -0.003 -18"><span class='ocrx_word' id='word_1_137' title='bbox 175 2162 335 2227; x_wconf 90' lang='lat' dir='ltr'><strong>induantur</strong></span> <span class='ocrx_word' id='word_1_138' title='bbox 352 2160 479 2244; x_wconf 86' lang='lat' dir='ltr'><strong>justitia.</strong></span> 
     </span>
    </p>

    <p class='ocr_par' dir='ltr' id='par_1_10' title="bbox 169 2275 1721 2462">
     <span class='ocr_line' id='line_1_16' title="bbox 214 2275 1721 2361; baseline -0.001 -17"><span class='ocrx_word' id='word_1_139' title='bbox 214 2280 262 2344; x_wconf 85' lang='lat' dir='ltr'><strong>liii.</strong></span> <span class='ocrx_word' id='word_1_140' title='bbox 279 2277 462 2346; x_wconf 85' lang='lat' dir='ltr'><strong>Vestimenta</strong></span> <span class='ocrx_word' id='word_1_141' title='bbox 482 2276 656 2356; x_wconf 87' lang='lat' dir='ltr'><strong>sacerdotis,</strong></span> <span class='ocrx_word' id='word_1_142' title='bbox 677 2275 761 2361; x_wconf 85' lang='lat' dir='ltr'><strong>plebs</strong></span> <span class='ocrx_word' id='word_1_143' title='bbox 781 2275 922 2343; x_wconf 86' lang='lat' dir='ltr'><strong>bdelium.</strong></span> <span class='ocrx_word' id='word_1_144' title='bbox 945 2275 979 2343; x_wconf 95' lang='lat' dir='ltr'><strong>ln</strong></span> <span class='ocrx_word' id='word_1_145' title='bbox 999 2276 1147 2343; x_wconf 86' lang='lat' dir='ltr'><strong>Levitico:</strong></span> <span class='ocrx_word' id='word_1_146' title='bbox 1169 2276 1265 2360; x_wconf 84' lang='lat' dir='ltr'><strong>Caput</strong></span> <span class='ocrx_word' id='word_1_147' title='bbox 1278 2294 1364 2343; x_wconf 91' lang='lat' dir='ltr'><strong>suum</strong></span> <span class='ocrx_word' id='word_1_148' title='bbox 1384 2293 1445 2341; x_wconf 93' lang='lat' dir='ltr'><strong>non</strong></span> <span class='ocrx_word' id='word_1_149' title='bbox 1466 2275 1670 2360; x_wconf 90' lang='lat' dir='ltr'><strong>discooperiet,</strong></span> <span class='ocrx_word' id='word_1_150' title='bbox 1690 2287 1721 2342; x_wconf 93' lang='lat' dir='ltr'><strong>et</strong></span> 
     </span>
     <span class='ocr_line' id='line_1_17' title="bbox 169 2392 644 2462; baseline -0.011 -2"><span class='ocrx_word' id='word_1_151' title='bbox 169 2394 347 2462; x_wconf 82' lang='lat' dir='ltr'><strong>vestimenta</strong></span> <span class='ocrx_word' id='word_1_152' title='bbox 368 2411 422 2458; x_wconf 90' lang='lat' dir='ltr'><strong>sua</strong></span> <span class='ocrx_word' id='word_1_153' title='bbox 442 2409 500 2458; x_wconf 93' lang='lat' dir='ltr'><strong>non</strong></span> <span class='ocrx_word' id='word_1_154' title='bbox 520 2392 644 2458; x_wconf 90' lang='lat' dir='ltr'><strong>scindet.</strong></span> 
     </span>
    </p>

    <p class='ocr_par' dir='ltr' id='par_1_11' title="bbox 214 2506 1518 2592">
     <span class='ocr_line' id='line_1_18' title="bbox 214 2506 1518 2592; baseline 0 -17"><span class='ocrx_word' id='word_1_155' title='bbox 214 2511 263 2576; x_wconf 82' lang='lat' dir='ltr'><strong>itt.</strong></span> <span class='ocrx_word' id='word_1_156' title='bbox 278 2507 389 2574; x_wconf 83' lang='lat' dir='ltr'><strong>Tunica</strong></span> <span class='ocrx_word' id='word_1_157' title='bbox 410 2506 614 2591; x_wconf 80' lang='lat' dir='ltr'><strong>hyacinthina,</strong></span> <span class='ocrx_word' id='word_1_158' title='bbox 637 2507 746 2576; x_wconf 86' lang='lat' dir='ltr'><strong>Christi</strong></span> <span class='ocrx_word' id='word_1_159' title='bbox 766 2508 907 2592; x_wconf 83' lang='lat' dir='ltr'><strong>Ecclesia,</strong></span> <span class='ocrx_word' id='word_1_160' title='bbox 930 2509 994 2592; x_wconf 87' lang='lat' dir='ltr'><strong>ejus</strong></span> <span class='ocrx_word' id='word_1_161' title='bbox 1013 2511 1160 2589; x_wconf 77' lang='lat' dir='ltr'><strong>sanguine</strong></span> <span class='ocrx_word' id='word_1_162' title='bbox 1179 2509 1327 2575; x_wconf 86' lang='lat' dir='ltr'><strong>decorata.</strong></span> <span class='ocrx_word' id='word_1_163' title='bbox 1350 2509 1385 2574; x_wconf 94' lang='lat' dir='ltr'><strong>ln</strong></span> <span class='ocrx_word' id='word_1_164' title='bbox 1406 2509 1518 2575; x_wconf 84' lang='lat' dir='ltr'><strong>Exodo.</strong></span> 
     </span>
    </p>

    <p class='ocr_par' dir='ltr' id='par_1_12' title="bbox 172 2622 1723 2828">
     <span class='ocr_line' id='line_1_19' title="bbox 215 2622 1723 2710; baseline 0.002 -20"><span class='ocrx_word' id='word_1_165' title='bbox 215 2627 264 2690; x_wconf 79' lang='lat' dir='ltr'><strong>i&#39;l.</strong></span> <span class='ocrx_word' id='word_1_166' title='bbox 281 2622 536 2708; x_wconf 88' lang='lat' dir='ltr'><strong>Superhumerale,</strong></span> <span class='ocrx_word' id='word_1_167' title='bbox 559 2624 654 2691; x_wconf 77' lang='lat' dir='ltr'><strong>uirtus</strong></span> <span class='ocrx_word' id='word_1_168' title='bbox 674 2625 852 2709; x_wconf 89' lang='lat' dir='ltr'><strong>operationis</strong></span> <span class='ocrx_word' id='word_1_169' title='bbox 872 2627 910 2692; x_wconf 93' lang='lat' dir='ltr'><strong>ab</strong></span> <span class='ocrx_word' id='word_1_170' title='bbox 930 2624 1060 2692; x_wconf 89' lang='lat' dir='ltr'><strong>humeris</strong></span> <span class='ocrx_word' id='word_1_171' title='bbox 1080 2625 1254 2710; x_wconf 76' lang='lat' dir='ltr'><strong>significata.</strong></span> <span class='ocrx_word' id='word_1_172' title='bbox 1269 2625 1305 2691; x_wconf 95' lang='lat' dir='ltr'><strong>ln</strong></span> <span class='ocrx_word' id='word_1_173' title='bbox 1323 2625 1441 2692; x_wconf 83' lang='lat' dir='ltr'><strong>Exodo:</strong></span> <span class='ocrx_word' id='word_1_174' title='bbox 1463 2626 1502 2693; x_wconf 80' lang='lat' dir='ltr'><strong>lit</strong></span> <span class='ocrx_word' id='word_1_175' title='bbox 1524 2627 1653 2694; x_wconf 88' lang='lat' dir='ltr'><strong>leccmnt</strong></span> <span class='ocrx_word' id='word_1_176' title='bbox 1673 2647 1723 2694; x_wconf 90' lang='lat' dir='ltr'><strong>su·</strong></span> 
     </span>
     <span class='ocr_line' id='line_1_20' title="bbox 172 2740 1443 2828; baseline -0.004 -18"><span class='ocrx_word' id='word_1_177' title='bbox 172 2742 376 2828; x_wconf 88' lang='lat' dir='ltr'><strong>perbumerale</strong></span> <span class='ocrx_word' id='word_1_178' title='bbox 396 2741 434 2808; x_wconf 91' lang='lat' dir='ltr'><strong>de</strong></span> <span class='ocrx_word' id='word_1_179' title='bbox 453 2758 526 2807; x_wconf 89' lang='lat' dir='ltr'><strong>auro</strong></span> <span class='ocrx_word' id='word_1_180' title='bbox 546 2748 576 2806; x_wconf 91' lang='lat' dir='ltr'><strong>et</strong></span> <span class='ocrx_word' id='word_1_181' title='bbox 595 2740 767 2824; x_wconf 77' lang='lat' dir='ltr'><strong>hyacintho,</strong></span> <span class='ocrx_word' id='word_1_182' title='bbox 788 2760 916 2827; x_wconf 92' lang='lat' dir='ltr'><strong>purpura</strong></span> <span class='ocrx_word' id='word_1_183' title='bbox 937 2753 968 2810; x_wconf 89' lang='lat' dir='ltr'><strong>et</strong></span> <span class='ocrx_word' id='word_1_184' title='bbox 987 2761 1073 2810; x_wconf 87' lang='lat' dir='ltr'><strong>coeco</strong></span> <span class='ocrx_word' id='word_1_185' title='bbox 1095 2744 1187 2824; x_wconf 81' lang='lat' dir='ltr'><strong>[nem]</strong></span> <span class='ocrx_word' id='word_1_186' title='bbox 1209 2750 1240 2806; x_wconf 91' lang='lat' dir='ltr'><strong>ct</strong></span> <span class='ocrx_word' id='word_1_187' title='bbox 1259 2740 1336 2806; x_wconf 91' lang='lat' dir='ltr'><strong>bisso</strong></span> <span class='ocrx_word' id='word_1_188' title='bbox 1357 2749 1443 2806; x_wconf 92' lang='lat' dir='ltr'><strong>torta.</strong></span> 
     </span>
    </p>

    <p class='ocr_par' dir='ltr' id='par_1_13' title="bbox 171 2856 1721 3061">
     <span class='ocr_line' id='line_1_21' title="bbox 217 2856 1721 2945; baseline -0.001 -19"><span class='ocrx_word' id='word_1_189' title='bbox 217 2861 266 2926; x_wconf 84' lang='lat' dir='ltr'><strong>itti.</strong></span> <span class='ocrx_word' id='word_1_190' title='bbox 291 2858 454 2940; x_wconf 88' lang='lat' dir='ltr'><strong>Rationale,</strong></span> <span class='ocrx_word' id='word_1_191' title='bbox 471 2858 614 2940; x_wconf 87' lang='lat' dir='ltr'><strong>doctrina,</strong></span> <span class='ocrx_word' id='word_1_192' title='bbox 630 2863 680 2926; x_wconf 82' lang='lat' dir='ltr'><strong>rel</strong></span> <span class='ocrx_word' id='word_1_193' title='bbox 694 2859 819 2926; x_wconf 87' lang='lat' dir='ltr'><strong>rationis</strong></span> <span class='ocrx_word' id='word_1_194' title='bbox 832 2877 849 2925; x_wconf 92' lang='lat' dir='ltr'><strong>a</strong></span> <span class='ocrx_word' id='word_1_195' title='bbox 864 2870 981 2945; x_wconf 85' lang='lat' dir='ltr'><strong>pectore</strong></span> <span class='ocrx_word' id='word_1_196' title='bbox 994 2857 1162 2925; x_wconf 89' lang='lat' dir='ltr'><strong>declaratio.</strong></span> <span class='ocrx_word' id='word_1_197' title='bbox 1178 2856 1214 2922; x_wconf 95' lang='lat' dir='ltr'><strong>ln</strong></span> <span class='ocrx_word' id='word_1_198' title='bbox 1227 2856 1344 2922; x_wconf 85' lang='lat' dir='ltr'><strong>Exodo:</strong></span> <span class='ocrx_word' id='word_1_199' title='bbox 1360 2857 1399 2922; x_wconf 83' lang='lat' dir='ltr'><strong>lit</strong></span> <span class='ocrx_word' id='word_1_200' title='bbox 1412 2857 1542 2924; x_wconf 88' lang='lat' dir='ltr'><strong>lecerunt</strong></span> <span class='ocrx_word' id='word_1_201' title='bbox 1555 2859 1721 2942; x_wconf 86' lang='lat' dir='ltr'><strong>ratio[na]le</strong></span> 
     </span>
     <span class='ocr_line' id='line_1_22' title="bbox 171 2975 383 3061; baseline -0.014 -18"><span class='ocrx_word' id='word_1_202' title='bbox 171 2995 260 3061; x_wconf 88' lang='lat' dir='ltr'><strong>opere</strong></span> <span class='ocrx_word' id='word_1_203' title='bbox 279 2975 383 3043; x_wconf 82' lang='lat' dir='ltr'><strong>textili.</strong></span> 
     </span>
    </p>
   </div>
   <div class='ocr_carea' id='block_1_3' title="bbox 162 3073 1722 3762">
    <p class='ocr_par' dir='ltr' id='par_1_14' title="bbox 162 3073 1722 3411">
     <span class='ocr_line' id='line_1_23' title="bbox 218 3073 1722 3178; baseline -0.003 -16"><span class='ocrx_word' id='word_1_204' title='bbox 218 3095 267 3162; x_wconf 83' lang='grc'><strong>59.</strong></span> <span class='ocrx_word' id='word_1_205' title='bbox 291 3092 454 3160; x_wconf 90' lang='lat' dir='ltr'><strong>Duodecim</strong></span> <span class='ocrx_word' id='word_1_206' title='bbox 475 3093 596 3177; x_wconf 89' lang='lat' dir='ltr'><strong>lapides,</strong></span> <span class='ocrx_word' id='word_1_207' title='bbox 610 3094 641 3158; x_wconf 94' lang='lat' dir='ltr'><strong>in</strong></span> <span class='ocrx_word' id='word_1_208' title='bbox 661 3092 795 3160; x_wconf 90' lang='lat' dir='ltr'><strong>rationali</strong></span> <span class='ocrx_word' id='word_1_209' title='bbox 810 3073 953 3178; x_wconf 76' lang='lat' dir='ltr'><strong>quamrno</strong></span> <span class='ocrx_word' id='word_1_210' title='bbox 966 3092 1067 3158; x_wconf 90' lang='lat' dir='ltr'><strong>ordine</strong></span> <span class='ocrx_word' id='word_1_211' title='bbox 1087 3092 1162 3158; x_wconf 90' lang='lat' dir='ltr'><strong>terni</strong></span> <span class='ocrx_word' id='word_1_212' title='bbox 1177 3092 1276 3177; x_wconf 91' lang='lat' dir='ltr'><strong>positi,</strong></span> <span class='ocrx_word' id='word_1_213' title='bbox 1298 3087 1387 3157; x_wconf 89' lang='lat' dir='ltr'><strong>&#39;iidem</strong></span> <span class='ocrx_word' id='word_1_214' title='bbox 1407 3091 1561 3158; x_wconf 83' lang='lat' dir='ltr'><strong>Trinitatis</strong></span> <span class='ocrx_word' id='word_1_215' title='bbox 1581 3101 1612 3157; x_wconf 90' lang='lat' dir='ltr'><strong>et</strong></span> <span class='ocrx_word' id='word_1_216' title='bbox 1631 3110 1722 3159; x_wconf 83' lang='lat' dir='ltr'><strong>eran·</strong></span> 
     </span>
     <span class='ocr_line' id='line_1_24' title="bbox 175 3207 1722 3295; baseline -0.003 -17"><span class='ocrx_word' id='word_1_217' title='bbox 175 3211 304 3295; x_wconf 79' lang='lat' dir='ltr'><strong>gelicum</strong></span> <span class='ocrx_word' id='word_1_218' title='bbox 317 3227 492 3290; x_wconf 89' lang='lat' dir='ltr'><strong>sermonem,</strong></span> <span class='ocrx_word' id='word_1_219' title='bbox 501 3219 593 3294; x_wconf 84' lang='lat' dir='ltr'><strong>atque</strong></span> <span class='ocrx_word' id='word_1_220' title='bbox 607 3210 762 3278; x_wconf 90' lang='lat' dir='ltr'><strong>duodecim</strong></span> <span class='ocrx_word' id='word_1_221' title='bbox 773 3210 975 3294; x_wconf 74' lang='lat' dir='ltr'><strong>Apostolorum</strong></span> <span class='ocrx_word' id='word_1_222' title='bbox 987 3209 1151 3275; x_wconf 90' lang='lat' dir='ltr'><strong>doctrinam</strong></span> <span class='ocrx_word' id='word_1_223' title='bbox 1161 3209 1191 3274; x_wconf 96' lang='lat' dir='ltr'><strong>in</strong></span> <span class='ocrx_word' id='word_1_224' title='bbox 1201 3217 1318 3293; x_wconf 90' lang='lat' dir='ltr'><strong>pectore</strong></span> <span class='ocrx_word' id='word_1_225' title='bbox 1329 3207 1489 3274; x_wconf 89' lang='lat' dir='ltr'><strong>sucerdotis</strong></span> <span class='ocrx_word' id='word_1_226' title='bbox 1501 3225 1615 3293; x_wconf 90' lang='lat' dir='ltr'><strong>semper</strong></span> <span class='ocrx_word' id='word_1_227' title='bbox 1626 3209 1722 3275; x_wconf 87' lang='lat' dir='ltr'><strong>inesse</strong></span> 
     </span>
     <span class='ocr_line' id='line_1_25' title="bbox 162 3327 626 3411; baseline -0.006 -17"><span class='ocrx_word' id='word_1_228' title='bbox 162 3329 385 3407; x_wconf 89' lang='lat' dir='ltr'><strong>-demonstmnt,</strong></span> <span class='ocrx_word' id='word_1_229' title='bbox 405 3327 456 3393; x_wconf 90' lang='lat' dir='ltr'><strong>ubi</strong></span> <span class='ocrx_word' id='word_1_230' title='bbox 477 3336 507 3393; x_wconf 91' lang='lat' dir='ltr'><strong>et</strong></span> <span class='ocrx_word' id='word_1_231' title='bbox 527 3345 626 3411; x_wconf 88' lang='lat' dir='ltr'><strong>supra.</strong></span> 
     </span>
    </p>

    <p class='ocr_par' dir='ltr' id='par_1_15' title="bbox 168 3441 1721 3762">
     <span class='ocr_line' id='line_1_26' title="bbox 216 3441 1721 3527; baseline 0.001 -19"><span class='ocrx_word' id='word_1_232' title='bbox 216 3445 264 3509; x_wconf 90' lang='lat' dir='ltr'><strong>oo.</strong></span> <span class='ocrx_word' id='word_1_233' title='bbox 281 3443 414 3526; x_wconf 87' lang='lat' dir='ltr'><strong>Poderis,</strong></span> <span class='ocrx_word' id='word_1_234' title='bbox 430 3444 485 3510; x_wconf 91' lang='lat' dir='ltr'><strong>boc</strong></span> <span class='ocrx_word' id='word_1_235' title='bbox 504 3452 549 3510; x_wconf 88' lang='lat' dir='ltr'><strong>est</strong></span> <span class='ocrx_word' id='word_1_236' title='bbox 564 3444 675 3526; x_wconf 86' lang='lat' dir='ltr'><strong>tunica,</strong></span> <span class='ocrx_word' id='word_1_237' title='bbox 691 3444 824 3511; x_wconf 91' lang='lat' dir='ltr'><strong>doctrina</strong></span> <span class='ocrx_word' id='word_1_238' title='bbox 839 3443 984 3510; x_wconf 86' lang='lat' dir='ltr'><strong>secretior.</strong></span> <span class='ocrx_word' id='word_1_239' title='bbox 1000 3443 1035 3509; x_wconf 92' lang='lat' dir='ltr'><strong>ln</strong></span> <span class='ocrx_word' id='word_1_240' title='bbox 1048 3443 1165 3510; x_wconf 84' lang='lat' dir='ltr'><strong>Exodo:</strong></span> <span class='ocrx_word' id='word_1_241' title='bbox 1181 3442 1220 3509; x_wconf 84' lang='lat' dir='ltr'><strong>lit</strong></span> <span class='ocrx_word' id='word_1_242' title='bbox 1238 3443 1369 3510; x_wconf 86' lang='lat' dir='ltr'><strong>lecerunt</strong></span> <span class='ocrx_word' id='word_1_243' title='bbox 1388 3441 1599 3509; x_wconf 79' lang='lat' dir='ltr'><strong>vestimentum</strong></span> <span class='ocrx_word' id='word_1_244' title='bbox 1613 3443 1721 3527; x_wconf 89' lang='lat' dir='ltr'><strong>podere</strong></span> 
     </span>
     <span class='ocr_line' id='line_1_27' title="bbox 173 3558 970 3645; baseline -0.005 -19"><span class='ocrx_word' id='word_1_245' title='bbox 173 3561 229 3626; x_wconf 89' lang='lat' dir='ltr'><strong>sub</strong></span> <span class='ocrx_word' id='word_1_246' title='bbox 249 3561 385 3638; x_wconf 90' lang='lat' dir='ltr'><strong>umbone,</strong></span> <span class='ocrx_word' id='word_1_247' title='bbox 406 3579 480 3645; x_wconf 90' lang='lat' dir='ltr'><strong>opus</strong></span> <span class='ocrx_word' id='word_1_248' title='bbox 501 3560 601 3627; x_wconf 87' lang='lat' dir='ltr'><strong>textile</strong></span> <span class='ocrx_word' id='word_1_249' title='bbox 622 3570 715 3627; x_wconf 91' lang='lat' dir='ltr'><strong>totum</strong></span> <span class='ocrx_word' id='word_1_250' title='bbox 735 3558 970 3644; x_wconf 81' lang='lat' dir='ltr'><strong>hyacinthinum.</strong></span> 
     </span>
     <span class='ocr_line' id='line_1_28' title="bbox 168 3677 1675 3762; baseline -0.001 -16"><span class='ocrx_word' id='word_1_251' title='bbox 168 3735 175 3746; x_wconf 93' lang='lat'><strong>.</strong></span> <span class='ocrx_word' id='word_1_252' title='bbox 215 3681 264 3743; x_wconf 81' lang='lat' dir='ltr'><strong>bl.</strong></span> <span class='ocrx_word' id='word_1_253' title='bbox 280 3677 492 3746; x_wconf 86' lang='lat' dir='ltr'><strong>Tintinnabula</strong></span> <span class='ocrx_word' id='word_1_254' title='bbox 511 3696 612 3760; x_wconf 88' lang='lat' dir='ltr'><strong>aurea,</strong></span> <span class='ocrx_word' id='word_1_255' title='bbox 634 3679 823 3744; x_wconf 79' lang='lat' dir='ltr'><strong>uestimentis</strong></span> <span class='ocrx_word' id='word_1_256' title='bbox 844 3677 963 3757; x_wconf 87' lang='lat' dir='ltr'><strong>inserta,</strong></span> <span class='ocrx_word' id='word_1_257' title='bbox 983 3695 1077 3744; x_wconf 89' lang='lat' dir='ltr'><strong>sermo</strong></span> <span class='ocrx_word' id='word_1_258' title='bbox 1098 3677 1315 3762; x_wconf 79' lang='lat' dir='ltr'><strong>predicationis</strong></span> <span class='ocrx_word' id='word_1_259' title='bbox 1335 3677 1473 3760; x_wconf 89' lang='lat' dir='ltr'><strong>operibus</strong></span> <span class='ocrx_word' id='word_1_260' title='bbox 1492 3677 1675 3762; x_wconf 85' lang='lat' dir='ltr'><strong>conjunctus.</strong></span> 
     </span>
    </p>
   </div>
   <div class='ocr_carea' id='block_1_4' title="bbox 172 3891 1722 5313">
    <p class='ocr_par' dir='ltr' id='par_1_16' title="bbox 172 3891 1722 5313">
     <span class='ocr_line' id='line_1_29' title="bbox 175 3891 1722 3968; baseline 0 -19"><span class='ocrx_word' id='word_1_261' title='bbox 175 3897 250 3950; x_wconf 87' lang='lat' dir='ltr'><strong>inter</strong></span> <span class='ocrx_word' id='word_1_262' title='bbox 268 3911 337 3968; x_wconf 90' lang='lat' dir='ltr'><strong>quos</strong></span> <span class='ocrx_word' id='word_1_263' title='bbox 348 3893 459 3966; x_wconf 81' lang='lat' dir='ltr'><strong>priscus</strong></span> <span class='ocrx_word' id='word_1_264' title='bbox 473 3892 522 3949; x_wconf 87' lang='lat' dir='ltr'><strong>ills</strong></span> <span class='ocrx_word' id='word_1_265' title='bbox 534 3910 617 3966; x_wconf 89' lang='lat' dir='ltr'><strong>quem</strong></span> <span class='ocrx_word' id='word_1_266' title='bbox 628 3891 697 3948; x_wconf 90' lang='lat' dir='ltr'><strong>olim</strong></span> <span class='ocrx_word' id='word_1_267' title='bbox 710 3894 733 3949; x_wconf 85' lang='grc' dir='ltr'><strong>Α</strong></span> <span class='ocrx_word' id='word_1_268' title='bbox 747 3895 853 3962; x_wconf 76' lang='lat' dir='ltr'><strong>vocavi,</strong></span> <span class='ocrx_word' id='word_1_269' title='bbox 868 3909 921 3966; x_wconf 88' lang='lat' dir='ltr'><strong>pe·</strong></span> <span class='ocrx_word' id='word_1_270' title='bbox 975 3906 1110 3967; x_wconf 79' lang='lat' dir='ltr'><strong>aspectare</strong></span> <span class='ocrx_word' id='word_1_271' title='bbox 1120 3895 1284 3963; x_wconf 83' lang='lat' dir='ltr'><strong>declaratio,</strong></span> <span class='ocrx_word' id='word_1_272' title='bbox 1297 3893 1356 3948; x_wconf 84' lang='lat' dir='ltr'><strong>fers</strong></span> <span class='ocrx_word' id='word_1_273' title='bbox 1366 3894 1470 3947; x_wconf 85' lang='lat' dir='ltr'><strong>absona</strong></span> <span class='ocrx_word' id='word_1_274' title='bbox 1479 3896 1552 3964; x_wconf 80' lang='lat' dir='ltr'><strong>sunt,</strong></span> <span class='ocrx_word' id='word_1_275' title='bbox 1563 3892 1617 3949; x_wconf 89' lang='lat' dir='ltr'><strong>nisi</strong></span> <span class='ocrx_word' id='word_1_276' title='bbox 1628 3910 1722 3965; x_wconf 80' lang='lat' dir='ltr'><strong>graeca</strong></span> 
     </span>
     <span class='ocr_line' id='line_1_30' title="bbox 176 3982 1720 4056; baseline -0.002 -17"><span class='ocrx_word' id='word_1_277' title='bbox 176 3985 254 4040; x_wconf 89' lang='lat' dir='ltr'><strong>nitus</strong></span> <span class='ocrx_word' id='word_1_278' title='bbox 272 3985 418 4055; x_wconf 78' lang='lat' dir='ltr'><strong>ignorant:</strong></span> <span class='ocrx_word' id='word_1_279' title='bbox 441 4001 514 4054; x_wconf 79' lang='lat' dir='ltr'><strong>quae</strong></span> <span class='ocrx_word' id='word_1_280' title='bbox 537 3985 601 4040; x_wconf 84' lang='lat' dir='ltr'><strong>ideo</strong></span> <span class='ocrx_word' id='word_1_281' title='bbox 626 3986 716 4040; x_wconf 83' lang='lat' dir='ltr'><strong>bestia</strong></span> <span class='ocrx_word' id='word_1_282' title='bbox 731 3985 851 4056; x_wconf 71' lang='lat' dir='ltr'><strong>pacifica</strong></span> <span class='ocrx_word' id='word_1_283' title='bbox 868 3983 922 4038; x_wconf 86' lang='lat' dir='ltr'><strong>aol-</strong></span> <span class='ocrx_word' id='word_1_284' title='bbox 976 3985 1163 4056; x_wconf 58' lang='lat' dir='ltr'><strong>quaesierint</strong></span> <span class='ocrx_word' id='word_1_285' title='bbox 1177 3986 1219 4036; x_wconf 82' lang='grc' dir='ltr'><strong>τοῦ</strong></span> <span class='ocrx_word' id='word_1_286' title='bbox 1232 3984 1307 4055; x_wconf 68' lang='grc' dir='ltr'>λόγου</span> <span class='ocrx_word' id='word_1_287' title='bbox 1321 3986 1369 4035; x_wconf 71' lang='grc' dir='ltr'><strong>ἀπὸ</strong></span> <span class='ocrx_word' id='word_1_288' title='bbox 1383 3983 1484 4042; x_wconf 69' lang='grc' dir='ltr'>στήθους</span> <span class='ocrx_word' id='word_1_289' title='bbox 1502 3982 1634 4053; x_wconf 73' lang='grc' dir='ltr'>ἀπόφασις,</span> <span class='ocrx_word' id='word_1_290' title='bbox 1648 3982 1720 4055; x_wconf 87' lang='lat' dir='ltr'><strong>quod</strong></span> 
     </span>
     <span class='ocr_line' id='line_1_31' title="bbox 172 4069 1720 4147; baseline -0.004 -17"><span class='ocrx_word' id='word_1_291' title='bbox 172 4076 313 4147; x_wconf 82' lang='lat' dir='ltr'><strong>pellatur,</strong></span> <span class='ocrx_word' id='word_1_292' title='bbox 333 4092 364 4130; x_wconf 85' lang='lat' dir='ltr'><strong>eo</strong></span> <span class='ocrx_word' id='word_1_293' title='bbox 376 4075 452 4145; x_wconf 75' lang='lat' dir='ltr'><strong>quod</strong></span> <span class='ocrx_word' id='word_1_294' title='bbox 469 4077 542 4130; x_wconf 80' lang='lat' dir='ltr'><strong>tosti</strong></span> <span class='ocrx_word' id='word_1_295' title='bbox 553 4075 665 4130; x_wconf 85' lang='lat' dir='ltr'><strong>diabolo</strong></span> <span class='ocrx_word' id='word_1_296' title='bbox 677 4078 799 4143; x_wconf 81' lang='lat' dir='ltr'><strong>resistat,</strong></span> <span class='ocrx_word' id='word_1_297' title='bbox 819 4085 846 4130; x_wconf 85' lang='lat' dir='ltr'><strong>et</strong></span> <span class='ocrx_word' id='word_1_298' title='bbox 863 4077 921 4130; x_wconf 85' lang='lat' dir='ltr'><strong>Deo</strong></span> <span class='ocrx_word' id='word_1_299' title='bbox 976 4081 1032 4130; x_wconf 88' lang='lat' dir='ltr'><strong>tam</strong></span> <span class='ocrx_word' id='word_1_300' title='bbox 1052 4074 1154 4129; x_wconf 80' lang='lat' dir='ltr'><strong>ueteris</strong></span> <span class='ocrx_word' id='word_1_301' title='bbox 1172 4071 1324 4127; x_wconf 82' lang='lat' dir='ltr'><strong>sacerdotis</strong></span> <span class='ocrx_word' id='word_1_302' title='bbox 1343 4069 1479 4126; x_wconf 84' lang='lat' dir='ltr'><strong>rationale</strong></span> <span class='ocrx_word' id='word_1_303' title='bbox 1499 4071 1625 4142; x_wconf 86' lang='lat' dir='ltr'><strong>respicit,</strong></span> <span class='ocrx_word' id='word_1_304' title='bbox 1639 4087 1720 4142; x_wconf 88' lang='lat' dir='ltr'><strong>qnam</strong></span> 
     </span>
     <span class='ocr_line' id='line_1_32' title="bbox 175 4159 1722 4235; baseline -0.005 -15"><span class='ocrx_word' id='word_1_305' title='bbox 175 4168 317 4220; x_wconf 77' lang='lat' dir='ltr'><strong>bominem</strong></span> <span class='ocrx_word' id='word_1_306' title='bbox 335 4165 505 4220; x_wconf 77' lang='lat' dir='ltr'><strong>racosmilist.</strong></span> <span class='ocrx_word' id='word_1_307' title='bbox 525 4163 564 4218; x_wconf 83' lang='lat' dir='ltr'><strong>ef.</strong></span> <span class='ocrx_word' id='word_1_308' title='bbox 585 4163 635 4220; x_wconf 83' lang='lat' dir='ltr'><strong>Pa.</strong></span> <span class='ocrx_word' id='word_1_309' title='bbox 654 4179 718 4232; x_wconf 80' lang='lat' dir='ltr'><strong>xcv,</strong></span> <span class='ocrx_word' id='word_1_310' title='bbox 738 4163 766 4217; x_wconf 87' lang='grc'><strong>8.</strong></span> <span class='ocrx_word' id='word_1_311' title='bbox 975 4166 1060 4221; x_wconf 88' lang='lat' dir='ltr'><strong>Verbi</strong></span> <span class='ocrx_word' id='word_1_312' title='bbox 1079 4164 1141 4218; x_wconf 85' lang='lat' dir='ltr'><strong>morl</strong></span> <span class='ocrx_word' id='word_1_313' title='bbox 1160 4161 1302 4235; x_wconf 83' lang='lat' dir='ltr'><strong>pontificis</strong></span> <span class='ocrx_word' id='word_1_314' title='bbox 1327 4163 1435 4232; x_wconf 85' lang='lat' dir='ltr'><strong>pectus,</strong></span> <span class='ocrx_word' id='word_1_315' title='bbox 1460 4159 1490 4214; x_wconf 90' lang='lat' dir='ltr'><strong>irr</strong></span> <span class='ocrx_word' id='word_1_316' title='bbox 1514 4176 1569 4231; x_wconf 90' lang='lat' dir='ltr'><strong>quo</strong></span> <span class='ocrx_word' id='word_1_317' title='bbox 1594 4159 1722 4214; x_wconf 86' lang='lat' dir='ltr'><strong>recubuit</strong></span> 
     </span>
     <span class='ocr_line' id='line_1_33' title="bbox 211 4247 1721 4325; baseline -0.006 -15"><span class='ocrx_word' id='word_1_318' title='bbox 211 4253 256 4310; x_wconf 81' lang='lat'><strong>39.</strong></span> <span class='ocrx_word' id='word_1_319' title='bbox 277 4254 367 4310; x_wconf 80' lang='lat' dir='ltr'><strong>Lavit.</strong></span> <span class='ocrx_word' id='word_1_320' title='bbox 386 4270 425 4320; x_wconf 86' lang='lat' dir='ltr'><strong>ur,</strong></span> <span class='ocrx_word' id='word_1_321' title='bbox 448 4251 489 4308; x_wconf 78' lang='lat'><strong>12.</strong></span> <span class='ocrx_word' id='word_1_322' title='bbox 976 4252 1112 4325; x_wconf 77' lang='lat' dir='ltr'><strong>magister</strong></span> <span class='ocrx_word' id='word_1_323' title='bbox 1120 4249 1275 4319; x_wconf 87' lang='lat' dir='ltr'><strong>Melitonis,</strong></span> <span class='ocrx_word' id='word_1_324' title='bbox 1287 4250 1408 4306; x_wconf 82' lang='lat' dir='ltr'><strong>loannes</strong></span> <span class='ocrx_word' id='word_1_325' title='bbox 1422 4251 1433 4300; x_wconf 82' lang='lat' dir='ltr'><strong>i</strong></span> <span class='ocrx_word' id='word_1_326' title='bbox 1446 4249 1569 4309; x_wconf 69' lang='lat' dir='ltr'><strong>erotesis.</strong></span> <span class='ocrx_word' id='word_1_327' title='bbox 1582 4247 1634 4304; x_wconf 88' lang='lat' dir='ltr'><strong>Ssd</strong></span> <span class='ocrx_word' id='word_1_328' title='bbox 1655 4247 1721 4319; x_wconf 91' lang='lat' dir='ltr'><strong>quid</strong></span> 
     </span>
     <span class='ocr_line' id='line_1_34' title="bbox 212 4339 1721 4417; baseline -0.006 -19"><span class='ocrx_word' id='word_1_329' title='bbox 212 4343 307 4399; x_wconf 70' lang='lat' dir='ltr'><strong>‹tu-48.</strong></span> <span class='ocrx_word' id='word_1_330' title='bbox 322 4343 512 4417; x_wconf 71' lang='lat' dir='ltr'><strong>dilapidasse</strong></span> <span class='ocrx_word' id='word_1_331' title='bbox 524 4360 618 4398; x_wconf 87' lang='lat' dir='ltr'><strong>rerum</strong></span> <span class='ocrx_word' id='word_1_332' title='bbox 630 4343 753 4398; x_wconf 86' lang='lat' dir='ltr'><strong>inventio</strong></span> <span class='ocrx_word' id='word_1_333' title='bbox 772 4347 800 4397; x_wconf 88' lang='lat' dir='ltr'><strong>st</strong></span> <span class='ocrx_word' id='word_1_334' title='bbox 817 4358 921 4414; x_wconf 78' lang='lat' dir='ltr'><strong>conge·</strong></span> <span class='ocrx_word' id='word_1_335' title='bbox 977 4343 1010 4399; x_wconf 83' lang='lat' dir='ltr'><strong>c:</strong></span> <span class='ocrx_word' id='word_1_336' title='bbox 1031 4346 1151 4398; x_wconf 77' lang='lat' dir='ltr'><strong>rationis</strong></span> <span class='ocrx_word' id='word_1_337' title='bbox 1171 4359 1189 4395; x_wconf 87' lang='lat' dir='ltr'><strong>a</strong></span> <span class='ocrx_word' id='word_1_338' title='bbox 1198 4350 1377 4412; x_wconf 80' lang='lat' dir='ltr'><strong>peccatore...</strong></span> <span class='ocrx_word' id='word_1_339' title='bbox 1392 4349 1418 4395; x_wconf 88' lang='lat' dir='ltr'><strong>et</strong></span> <span class='ocrx_word' id='word_1_340' title='bbox 1429 4341 1558 4411; x_wconf 72' lang='lat' dir='ltr'><strong>fecerunt</strong></span> <span class='ocrx_word' id='word_1_341' title='bbox 1568 4342 1680 4393; x_wconf 79' lang='lat' dir='ltr'><strong>ratione</strong></span> <span class='ocrx_word' id='word_1_342' title='bbox 1692 4339 1721 4391; x_wconf 85' lang='lat' dir='ltr'><strong>et</strong></span> 
     </span>
     <span class='ocr_line' id='line_1_35' title="bbox 175 4423 1721 4508; baseline -0.008 -15"><span class='ocrx_word' id='word_1_343' title='bbox 175 4438 243 4506; x_wconf 86' lang='lat' dir='ltr'><strong>ries,</strong></span> <span class='ocrx_word' id='word_1_344' title='bbox 252 4452 321 4508; x_wconf 88' lang='lat' dir='ltr'><strong>quas</strong></span> <span class='ocrx_word' id='word_1_345' title='bbox 331 4432 518 4506; x_wconf 83' lang='lat' dir='ltr'><strong>corruptelam</strong></span> <span class='ocrx_word' id='word_1_346' title='bbox 525 4432 628 4506; x_wconf 87' lang='lat' dir='ltr'><strong>prodit.</strong></span> <span class='ocrx_word' id='word_1_347' title='bbox 635 4431 767 4490; x_wconf 86' lang='lat' dir='ltr'><strong>Uncisles</strong></span> <span class='ocrx_word' id='word_1_348' title='bbox 774 4436 867 4487; x_wconf 67' lang='lat' dir='ltr'><strong>manen</strong></span> <span class='ocrx_word' id='word_1_349' title='bbox 875 4449 921 4486; x_wconf 89' lang='lat' dir='ltr'><strong>ra·</strong></span> <span class='ocrx_word' id='word_1_350' title='bbox 975 4431 1077 4490; x_wconf 86' lang='lat' dir='ltr'><strong>ilerum</strong></span> <span class='ocrx_word' id='word_1_351' title='bbox 1090 4431 1166 4484; x_wconf 82' lang='lat' dir='ltr'><strong>inies</strong></span> <span class='ocrx_word' id='word_1_352' title='bbox 1177 4433 1210 4485; x_wconf 78' lang='lat' dir='ltr'><strong>iss</strong></span> <span class='ocrx_word' id='word_1_353' title='bbox 1220 4439 1364 4500; x_wconf 82' lang='lat' dir='ltr'><strong>peccatore</strong></span> <span class='ocrx_word' id='word_1_354' title='bbox 1376 4428 1550 4485; x_wconf 80' lang='lat' dir='ltr'><strong>sacerdotis?</strong></span> <span class='ocrx_word' id='word_1_355' title='bbox 1563 4428 1607 4483; x_wconf 78' lang='lat' dir='ltr'><strong>An</strong></span> <span class='ocrx_word' id='word_1_356' title='bbox 1619 4442 1654 4479; x_wconf 88' lang='lat' dir='ltr'><strong>ex</strong></span> <span class='ocrx_word' id='word_1_357' title='bbox 1665 4423 1721 4481; x_wconf 88' lang='lat' dir='ltr'><strong>sli-</strong></span> 
     </span>
     <span class='ocr_line' id='line_1_36' title="bbox 175 4513 1721 4594; baseline -0.01 -11"><span class='ocrx_word' id='word_1_358' title='bbox 175 4529 292 4583; x_wconf 87' lang='lat' dir='ltr'><strong>currunt</strong></span> <span class='ocrx_word' id='word_1_359' title='bbox 303 4525 332 4579; x_wconf 92' lang='lat' dir='ltr'><strong>in</strong></span> <span class='ocrx_word' id='word_1_360' title='bbox 346 4523 484 4579; x_wconf 88' lang='lat' dir='ltr'><strong>communi</strong></span> <span class='ocrx_word' id='word_1_361' title='bbox 498 4522 519 4577; x_wconf 84' lang='lat' dir='ltr'>C</span> <span class='ocrx_word' id='word_1_362' title='bbox 531 4527 559 4577; x_wconf 86' lang='lat' dir='ltr'><strong>st</strong></span> <span class='ocrx_word' id='word_1_363' title='bbox 570 4524 595 4578; x_wconf 86' lang='grc' dir='ltr'>Α</span> <span class='ocrx_word' id='word_1_364' title='bbox 608 4522 732 4594; x_wconf 87' lang='lat' dir='ltr'><strong>ineptia:</strong></span> <span class='ocrx_word' id='word_1_365' title='bbox 745 4539 817 4578; x_wconf 85' lang='lat' dir='ltr'><strong>cura</strong></span> <span class='ocrx_word' id='word_1_366' title='bbox 829 4520 921 4578; x_wconf 88' lang='lat' dir='ltr'><strong>cordis</strong></span> <span class='ocrx_word' id='word_1_367' title='bbox 975 4537 1030 4594; x_wconf 87' lang='lat' dir='ltr'><strong>qua</strong></span> <span class='ocrx_word' id='word_1_368' title='bbox 1038 4517 1238 4591; x_wconf 79' lang='lat' dir='ltr'><strong>longobardica</strong></span> <span class='ocrx_word' id='word_1_369' title='bbox 1247 4517 1387 4588; x_wconf 87' lang='lat' dir='ltr'><strong>scriptura</strong></span> <span class='ocrx_word' id='word_1_370' title='bbox 1399 4515 1546 4572; x_wconf 87' lang='lat' dir='ltr'><strong>oriundum</strong></span> <span class='ocrx_word' id='word_1_371' title='bbox 1554 4513 1721 4570; x_wconf 70' lang='lat' dir='ltr'><strong>monstrum?</strong></span> 
     </span>
     <span class='ocr_line' id='line_1_37' title="bbox 175 4607 1314 4689; baseline -0.01 -18"><span class='ocrx_word' id='word_1_372' title='bbox 175 4633 227 4689; x_wconf 90' lang='lat' dir='ltr'><strong>pro</strong></span> <span class='ocrx_word' id='word_1_373' title='bbox 245 4632 300 4671; x_wconf 83' lang='lat' dir='ltr'><strong>ara</strong></span> <span class='ocrx_word' id='word_1_374' title='bbox 321 4617 351 4671; x_wconf 83' lang='lat' dir='ltr'><strong>(i.</strong></span> <span class='ocrx_word' id='word_1_375' title='bbox 1009 4609 1056 4664; x_wconf 83' lang='lat'><strong>58.</strong></span> <span class='ocrx_word' id='word_1_376' title='bbox 1067 4609 1154 4665; x_wconf 84' lang='lat' dir='ltr'><strong>Exod.</strong></span> <span class='ocrx_word' id='word_1_377' title='bbox 1173 4622 1266 4672; x_wconf 79' lang='lat' dir='ltr'><strong>xxxix,</strong></span> <span class='ocrx_word' id='word_1_378' title='bbox 1286 4607 1314 4660; x_wconf 90' lang='lat'><strong>8.</strong></span> 
     </span>
     <span class='ocr_line' id='line_1_38' title="bbox 212 4690 1718 4771; baseline -0.009 -12"><span class='ocrx_word' id='word_1_379' title='bbox 212 4703 257 4759; x_wconf 82' lang='lat'><strong>51.</strong></span> <span class='ocrx_word' id='word_1_380' title='bbox 279 4703 326 4759; x_wconf 84' lang='lat' dir='ltr'><strong>Pa.</strong></span> <span class='ocrx_word' id='word_1_381' title='bbox 346 4717 402 4771; x_wconf 85' lang='lat' dir='ltr'><strong>mx,</strong></span> <span class='ocrx_word' id='word_1_382' title='bbox 421 4700 448 4756; x_wconf 79' lang='lat'><strong>4.</strong></span> <span class='ocrx_word' id='word_1_383' title='bbox 466 4731 501 4744; x_wconf 94' lang='lat'><em>-</em></span> <span class='ocrx_word' id='word_1_384' title='bbox 518 4700 564 4756; x_wconf 77' lang='lat'><strong>52.</strong></span> <span class='ocrx_word' id='word_1_385' title='bbox 584 4700 620 4757; x_wconf 87' lang='lat' dir='ltr'><strong>ls.</strong></span> <span class='ocrx_word' id='word_1_386' title='bbox 640 4715 698 4770; x_wconf 85' lang='lat' dir='ltr'><strong>nxr,</strong></span> <span class='ocrx_word' id='word_1_387' title='bbox 713 4700 741 4760; x_wconf 88' lang='grc'><strong>6.</strong></span> <span class='ocrx_word' id='word_1_388' title='bbox 1010 4696 1056 4754; x_wconf 85' lang='grc'><strong>60.</strong></span> <span class='ocrx_word' id='word_1_389' title='bbox 1069 4700 1207 4756; x_wconf 80' lang='lat' dir='ltr'><strong>Doctrina</strong></span> <span class='ocrx_word' id='word_1_390' title='bbox 1218 4699 1361 4761; x_wconf 80' lang='lat' dir='ltr'><strong>secretior,</strong></span> <span class='ocrx_word' id='word_1_391' title='bbox 1372 4710 1406 4747; x_wconf 87' lang='lat' dir='ltr'><strong>ex</strong></span> <span class='ocrx_word' id='word_1_392' title='bbox 1417 4707 1510 4765; x_wconf 77' lang='lat' dir='ltr'><strong>graeco</strong></span> <span class='ocrx_word' id='word_1_393' title='bbox 1520 4690 1718 4763; x_wconf 77' lang='lat' dir='ltr'><strong>comparativo.</strong></span> 
     </span>
     <span class='ocr_line' id='line_1_39' title="bbox 212 4774 1720 4861; baseline -0.011 -13"><span class='ocrx_word' id='word_1_394' title='bbox 212 4791 258 4848; x_wconf 78' lang='grc'><strong>53.</strong></span> <span class='ocrx_word' id='word_1_395' title='bbox 278 4790 402 4849; x_wconf 86' lang='lat' dir='ltr'><strong>Malach.</strong></span> <span class='ocrx_word' id='word_1_396' title='bbox 424 4807 444 4861; x_wconf 88' lang='lat'><strong>1,</strong></span> <span class='ocrx_word' id='word_1_397' title='bbox 463 4791 491 4846; x_wconf 88' lang='grc'><strong>6.</strong></span> <span class='ocrx_word' id='word_1_398' title='bbox 510 4821 545 4834; x_wconf 92' lang='lat'><em>-</em></span> <span class='ocrx_word' id='word_1_399' title='bbox 564 4790 610 4846; x_wconf 78' lang='lat'><strong>54.</strong></span> <span class='ocrx_word' id='word_1_400' title='bbox 630 4793 677 4848; x_wconf 83' lang='lat' dir='ltr'><strong>Pa.</strong></span> <span class='ocrx_word' id='word_1_401' title='bbox 696 4806 790 4859; x_wconf 82' lang='lat' dir='ltr'><strong>uxxxr,</strong></span> <span class='ocrx_word' id='word_1_402' title='bbox 810 4789 838 4844; x_wconf 88' lang='grc'><strong>9.</strong></span> <span class='ocrx_word' id='word_1_403' title='bbox 975 4787 1159 4844; x_wconf 82' lang='lat' dir='ltr'><strong>Exosculstur</strong></span> <span class='ocrx_word' id='word_1_404' title='bbox 1179 4788 1322 4858; x_wconf 74' lang='grc' dir='ltr'>φιλάρχαιος</span> <span class='ocrx_word' id='word_1_405' title='bbox 1342 4781 1412 4835; x_wconf 87' lang='lat' dir='ltr'><strong>banc</strong></span> <span class='ocrx_word' id='word_1_406' title='bbox 1431 4785 1564 4834; x_wconf 85' lang='lat' dir='ltr'><strong>tesseram</strong></span> <span class='ocrx_word' id='word_1_407' title='bbox 1581 4778 1615 4832; x_wconf 90' lang='lat' dir='ltr'><strong>de</strong></span> <span class='ocrx_word' id='word_1_408' title='bbox 1634 4774 1720 4832; x_wconf 82' lang='lat' dir='ltr'><strong>disci-</strong></span> 
     </span>
     <span class='ocr_line' id='line_1_40' title="bbox 212 4867 1719 4951; baseline -0.011 -15"><span class='ocrx_word' id='word_1_409' title='bbox 212 4881 258 4937; x_wconf 84' lang='lat'><strong>55.</strong></span> <span class='ocrx_word' id='word_1_410' title='bbox 278 4882 368 4938; x_wconf 81' lang='lat' dir='ltr'><strong>Lavit.</strong></span> <span class='ocrx_word' id='word_1_411' title='bbox 387 4898 446 4951; x_wconf 83' lang='lat' dir='ltr'><strong>xxi,</strong></span> <span class='ocrx_word' id='word_1_412' title='bbox 468 4881 511 4937; x_wconf 87' lang='lat' dir='ltr'><strong>to.</strong></span> <span class='ocrx_word' id='word_1_413' title='bbox 976 4875 1053 4947; x_wconf 89' lang='lat' dir='ltr'><strong>plina</strong></span> <span class='ocrx_word' id='word_1_414' title='bbox 1071 4873 1175 4928; x_wconf 87' lang='lat' dir='ltr'><strong>arcani.</strong></span> <span class='ocrx_word' id='word_1_415' title='bbox 1189 4872 1276 4928; x_wconf 82' lang='lat' dir='ltr'><strong>Exod.</strong></span> <span class='ocrx_word' id='word_1_416' title='bbox 1289 4883 1383 4935; x_wconf 79' lang='lat' dir='ltr'><strong>xxm,</strong></span> <span class='ocrx_word' id='word_1_417' title='bbox 1395 4867 1441 4925; x_wconf 82' lang='lat'><strong>20.</strong></span> <span class='ocrx_word' id='word_1_418' title='bbox 1454 4869 1550 4940; x_wconf 87' lang='lat' dir='ltr'><strong>Neque</strong></span> <span class='ocrx_word' id='word_1_419' title='bbox 1568 4867 1719 4938; x_wconf 66' lang='lat' dir='ltr'><strong>pilliciana</strong></span> 
     </span>
     <span class='ocr_line' id='line_1_41' title="bbox 213 4956 1718 5044; baseline -0.008 -22"><span class='ocrx_word' id='word_1_420' title='bbox 213 4973 260 5028; x_wconf 84' lang='lat'><strong>57.</strong></span> <span class='ocrx_word' id='word_1_421' title='bbox 280 4973 369 5028; x_wconf 84' lang='lat' dir='ltr'><strong>Exod.</strong></span> <span class='ocrx_word' id='word_1_422' title='bbox 380 4987 480 5037; x_wconf 64' lang='lat' dir='ltr'><strong>narn,</strong></span> <span class='ocrx_word' id='word_1_423' title='bbox 493 4972 521 5040; x_wconf 64' lang='grc'><strong>6,</strong></span> <span class='ocrx_word' id='word_1_424' title='bbox 537 4989 629 5044; x_wconf 64' lang='lat' dir='ltr'><strong>31·oeoe</strong></span> <span class='ocrx_word' id='word_1_425' title='bbox 641 4969 794 5040; x_wconf 69' lang='lat' dir='ltr'><strong>mv1‚2·2‚</strong></span> <span class='ocrx_word' id='word_1_426' title='bbox 807 4970 853 5026; x_wconf 60' lang='lat' dir='ltr'><strong>sed</strong></span> <span class='ocrx_word' id='word_1_427' title='bbox 868 4987 921 5025; x_wconf 90' lang='lat' dir='ltr'><strong>no·</strong></span> <span class='ocrx_word' id='word_1_428' title='bbox 975 4966 1072 5034; x_wconf 78' lang='lat' dir='ltr'><strong>pigeat</strong></span> <span class='ocrx_word' id='word_1_429' title='bbox 1083 4978 1116 5015; x_wconf 84' lang='lat' dir='ltr'><strong>ea</strong></span> <span class='ocrx_word' id='word_1_430' title='bbox 1127 4961 1270 5017; x_wconf 80' lang='lat' dir='ltr'><strong>conferre:</strong></span> <span class='ocrx_word' id='word_1_431' title='bbox 1284 4963 1336 5012; x_wconf 84' lang='lat' dir='ltr'><strong>Kal</strong></span> <span class='ocrx_word' id='word_1_432' title='bbox 1350 4959 1466 5014; x_wconf 71' lang='lat' dir='ltr'><strong>irruisset</strong></span> <span class='ocrx_word' id='word_1_433' title='bbox 1480 4960 1520 5010; x_wconf 79' lang='lat' dir='ltr'><strong>ads</strong></span> <span class='ocrx_word' id='word_1_434' title='bbox 1534 4956 1656 5012; x_wconf 80' lang='grc' dir='ltr'>ὑποδύτην</span> <span class='ocrx_word' id='word_1_435' title='bbox 1672 4959 1718 5010; x_wconf 65' lang='grc' dir='ltr'><strong>ὑπὸ</strong></span> 
     </span>
     <span class='ocr_line' id='line_1_42' title="bbox 175 5047 1719 5134; baseline -0.006 -15"><span class='ocrx_word' id='word_1_436' title='bbox 175 5066 231 5120; x_wconf 87' lang='lat' dir='ltr'><strong>stri</strong></span> <span class='ocrx_word' id='word_1_437' title='bbox 248 5063 328 5118; x_wconf 84' lang='lat' dir='ltr'><strong>codd.</strong></span> <span class='ocrx_word' id='word_1_438' title='bbox 342 5063 407 5117; x_wconf 91' lang='lat' dir='ltr'><strong>dum</strong></span> <span class='ocrx_word' id='word_1_439' title='bbox 421 5078 513 5134; x_wconf 81' lang='lat' dir='ltr'><strong>graeca</strong></span> <span class='ocrx_word' id='word_1_440' title='bbox 531 5063 670 5131; x_wconf 77' lang='lat' dir='ltr'><strong>affectant,</strong></span> <span class='ocrx_word' id='word_1_441' title='bbox 683 5077 761 5116; x_wconf 85' lang='lat' dir='ltr'><strong>suam</strong></span> <span class='ocrx_word' id='word_1_442' title='bbox 774 5077 828 5115; x_wconf 90' lang='lat' dir='ltr'><strong>non</strong></span> <span class='ocrx_word' id='word_1_443' title='bbox 841 5059 921 5113; x_wconf 84' lang='lat' dir='ltr'><strong>dese·</strong></span> <span class='ocrx_word' id='word_1_444' title='bbox 975 5053 1019 5109; x_wconf 62' lang='lat' dir='ltr'><strong>adt</strong></span> <span class='ocrx_word' id='word_1_445' title='bbox 1038 5051 1161 5121; x_wconf 63' lang='lat' dir='ltr'><strong>inopiae,</strong></span> <span class='ocrx_word' id='word_1_446' title='bbox 1180 5049 1248 5122; x_wconf 60' lang='lat' dir='ltr'><strong>Vetti</strong></span> <span class='ocrx_word' id='word_1_447' title='bbox 1273 5049 1391 5119; x_wconf 60' lang='lat' dir='ltr'><strong>oparata,</strong></span> <span class='ocrx_word' id='word_1_448' title='bbox 1412 5049 1466 5098; x_wconf 50' lang='grc' dir='ltr'><strong>ὅλον</strong></span> <span class='ocrx_word' id='word_1_449' title='bbox 1485 5048 1629 5114; x_wconf 69' lang='lat' dir='ltr'><strong>aestuosa,</strong></span> <span class='ocrx_word' id='word_1_450' title='bbox 1649 5047 1719 5119; x_wconf 79' lang='lat' dir='ltr'><strong>quod</strong></span> 
     </span>
     <span class='ocr_line' id='line_1_43' title="bbox 176 5135 1721 5221; baseline -0.014 -10"><span class='ocrx_word' id='word_1_451' title='bbox 176 5157 243 5210; x_wconf 82' lang='lat' dir='ltr'><strong>ruat</strong></span> <span class='ocrx_word' id='word_1_452' title='bbox 261 5154 428 5221; x_wconf 84' lang='lat' dir='ltr'><strong>barbariem,</strong></span> <span class='ocrx_word' id='word_1_453' title='bbox 448 5155 479 5207; x_wconf 89' lang='lat' dir='ltr'><strong>ut</strong></span> <span class='ocrx_word' id='word_1_454' title='bbox 497 5153 518 5208; x_wconf 85' lang='lat' dir='ltr'><strong>c</strong></span> <span class='ocrx_word' id='word_1_455' title='bbox 536 5150 565 5205; x_wconf 93' lang='lat' dir='ltr'><strong>in</strong></span> <span class='ocrx_word' id='word_1_456' title='bbox 584 5152 639 5204; x_wconf 85' lang='lat' dir='ltr'><strong>flua</strong></span> <span class='ocrx_word' id='word_1_457' title='bbox 658 5154 770 5206; x_wconf 78' lang='lat' dir='ltr'><strong>occeani</strong></span> <span class='ocrx_word' id='word_1_458' title='bbox 786 5159 814 5206; x_wconf 73' lang='lat' dir='ltr'><strong>st</strong></span> <span class='ocrx_word' id='word_1_459' title='bbox 832 5150 873 5205; x_wconf 82' lang='lat' dir='ltr'><strong>bis</strong></span> <span class='ocrx_word' id='word_1_460' title='bbox 892 5165 921 5203; x_wconf 78' lang='lat' dir='ltr'><strong>ss</strong></span> <span class='ocrx_word' id='word_1_461' title='bbox 977 5144 1081 5196; x_wconf 75' lang='lat' dir='ltr'><strong>frustra</strong></span> <span class='ocrx_word' id='word_1_462' title='bbox 1106 5155 1215 5213; x_wconf 85' lang='lat' dir='ltr'><strong>quaeres</strong></span> <span class='ocrx_word' id='word_1_463' title='bbox 1240 5139 1269 5191; x_wconf 93' lang='lat' dir='ltr'><strong>in</strong></span> <span class='ocrx_word' id='word_1_464' title='bbox 1288 5135 1429 5208; x_wconf 81' lang='lat' dir='ltr'><strong>Vulgata,</strong></span> <span class='ocrx_word' id='word_1_465' title='bbox 1449 5135 1496 5190; x_wconf 90' lang='lat' dir='ltr'><strong>sed</strong></span> <span class='ocrx_word' id='word_1_466' title='bbox 1521 5135 1597 5191; x_wconf 86' lang='lat' dir='ltr'><strong>ltalsa</strong></span> <span class='ocrx_word' id='word_1_467' title='bbox 1624 5139 1721 5191; x_wconf 86' lang='lat' dir='ltr'><strong>nostra</strong></span> 
     </span>
     <span class='ocr_line' id='line_1_44' title="bbox 176 5224 1558 5313; baseline -0.014 -11"><span class='ocrx_word' id='word_1_468' title='bbox 176 5254 261 5313; x_wconf 79' lang='lat' dir='ltr'><strong>torta,</strong></span> <span class='ocrx_word' id='word_1_469' title='bbox 281 5244 322 5297; x_wconf 87' lang='lat' dir='ltr'><strong>sic</strong></span> <span class='ocrx_word' id='word_1_470' title='bbox 336 5259 345 5296; x_wconf 93' lang='lat' dir='ltr'><strong>r</strong></span> <span class='ocrx_word' id='word_1_471' title='bbox 359 5258 452 5297; x_wconf 82' lang='lat' dir='ltr'><strong>manu.</strong></span> <span class='ocrx_word' id='word_1_472' title='bbox 466 5242 489 5297; x_wconf 82' lang='grc' dir='ltr'>Α</span> <span class='ocrx_word' id='word_1_473' title='bbox 502 5258 556 5296; x_wconf 79' lang='lat' dir='ltr'><strong>em.</strong></span> <span class='ocrx_word' id='word_1_474' title='bbox 570 5245 601 5296; x_wconf 88' lang='lat' dir='ltr'><strong>ut</strong></span> <span class='ocrx_word' id='word_1_475' title='bbox 619 5257 679 5296; x_wconf 86' lang='lat' dir='ltr'><strong>nos.</strong></span> <span class='ocrx_word' id='word_1_476' title='bbox 692 5269 728 5282; x_wconf 94' lang='lat'>—</span> <span class='ocrx_word' id='word_1_477' title='bbox 741 5241 785 5294; x_wconf 82' lang='lat' dir='ltr'><strong>ool</strong></span> <span class='ocrx_word' id='word_1_478' title='bbox 800 5243 921 5294; x_wconf 79' lang='lat' dir='ltr'><strong>rationis</strong></span> <span class='ocrx_word' id='word_1_479' title='bbox 975 5228 1059 5286; x_wconf 80' lang='lat' dir='ltr'><strong>velim</strong></span> <span class='ocrx_word' id='word_1_480' title='bbox 1079 5229 1205 5302; x_wconf 85' lang='lat' dir='ltr'><strong>adjicias.</strong></span> <span class='ocrx_word' id='word_1_481' title='bbox 1224 5255 1259 5269; x_wconf 92' lang='lat'>-</span> <span class='ocrx_word' id='word_1_482' title='bbox 1276 5224 1321 5284; x_wconf 85' lang='lat'><strong>61.</strong></span> <span class='ocrx_word' id='word_1_483' title='bbox 1345 5227 1508 5298; x_wconf 65' lang='lat' dir='ltr'><strong>Cartiuuctis</strong></span> <span class='ocrx_word' id='word_1_484' title='bbox 1528 5225 1558 5280; x_wconf 78' lang='lat' dir='ltr'><strong>(l.</strong></span> 
     </span>
    </p>
   </div>
   <div class='ocr_carea' id='block_1_5' title="bbox 0 0 2011 6080">
    <p class='ocr_par' dir='ltr' id='par_1_17' title="bbox 0 0 2011 6080">
     <span class='ocr_line' id='line_1_45' title="bbox 0 0 2011 6080; baseline 0 0"><span class='ocrx_word' id='word_1_485' title='bbox 0 0 2011 6080; x_wconf 95' lang='lat' dir='ltr'><strong> </strong></span> 
     </span>
    </p>
   </div>
  </div>
 </body>
</html>
