3998 6080
285 501 324 568 88
850 497 983 565 etatis
1002 499 1033 564 8.
1056 498 1263 566 nuttuouls

326 655 356 718 1.
372 656 488 734 Cerva,
500 653 633 737 apostoli,
644 651 682 717 ob
692 651 748 716 boc
757 649 835 734 quod
848 648 1021 734 spiritaliter
1032 649 1209 734 parturiunt.
1221 649 1256 714 ln
1268 649 1339 715 tob:
1353 649 1503 735 Numquid
1515 654 1591 719 nosti
1603 663 1718 740 tempus
1728 665 1833 739 partus

285 768 408 847 ibicum,
422 767 471 836 vel
483 768 680 853 parturientes
696 784 800 831 cervas
814 765 1005 831 observasti?

325 887 355 952 8.
370 885 478 966 ibices,
492 886 588 952 sancti
603 904 717 964 omnes,
733 885 937 954 tortitudinem
952 886 984 952 iu
996 886 1144 968 cornibus,
1162 886 1191 952 id
1211 894 1257 952 est
1276 886 1307 951 in
1321 886 1425 953 divina
1440 898 1587 974 praccepta
1603 895 1763 974 gmtantee
1778 892 1832 957 ubi

285 1011 315 1069 et
327 1022 428 1086 supra.

326 1120 355 1184 9.
373 1119 477 1204 lepos,
494 1119 599 1185 timens
621 1119 727 1187 ileum.
743 1117 778 1185 ln
799 1118 971 1186 Salomone:
993 1119 1183 1204 lepusculus,
1206 1120 1290 1203 plebs
1311 1120 1454 1204 invalida,
1477 1123 1527 1207 qui
1548 1121 1680 1189 conlocat
1700 1123 1732 1190 in
1751 1133 1832 1208 petra

285 1237 381 1303 cubile
394 1255 489 1302 suum

325 1357 376 1422 10.
392 1355 582 1434 llerinacius,
592 1354 680 1420 homo
691 1359 827 1438 peccator
838 1352 876 1418 ad
886 1351 1036 1419 Christum
1046 1369 1215 1418 conversus.
1227 1352 1262 1418 In
1274 1352 1396 1437 psalmo:
1409 1353 1495 1420 Petra
1507 1354 1653 1437 retugium
1663 1354 1832 1421 herinaciis.
1857 1437 1859 1442 ,

326 1473 376 1536 11.
392 1473 519 1555 Onager,
536 1470 699 1538 monachus
714 1471 829 1535 deserta
841 1468 1021 1535 inhabitans.
1033 1467 1067 1533 In
1079 1468 1152 1540 lob:
1165 1469 1240 1548 Quis
1251 1470 1365 1536 dimisit
1375 1489 1517 1554 onagrum
1528 1472 1659 1548 liberum,
1669 1482 1700 1539 et
1712 1472 1832 1539 vincula

283 1591 348 1677 cJus
360 1591 428 1676 quis
441 1589 553 1657 solvitl
568 1590 668 1672 idest,
685 1588 804 1655 vincula
819 1588 1013 1672 cupiditatum
1027 1587 1198 1654 eumalium.
1719 1566 1723 1572 ¹

325 1712 376 1776 ta.
392 1710 523 1794 Onager,
539 1726 681 1792 arrogans
695 1707 832 1792 quisque,
848 1706 878 1772 id
892 1717 939 1772 est
952 1716 1065 1772 amator
1078 1723 1167 1773 vanae
1188 1707 1300 1791 gloria.
1315 1706 1349 1772 ln
1371 1707 1532 1774 Hieremia:
1549 1709 1670 1793 Onager
1689 1708 1834 1775 adsuetus

286 1829 316 1893 in
332 1829 503 1907 solitudine,
519 1828 550 1893 in
564 1825 709 1894 desiderio
723 1825 830 1892 animae
845 1843 907 1890 suae
922 1826 1012 1890 traxit
1025 1834 1146 1892 ventum
1160 1825 1268 1891 amoris
1281 1824 1340 1904 sui,
1355 1824 1385 1889 id
1399 1833 1445 1891 eet
1458 1826 1594 1910 spiritum
1608 1827 1765 1910 superbiae.

326 1945 374 2008 13.
390 1945 513 2026 Onagri,
526 1943 674 2029 principes
688 1943 867 2008 10100000).
879 1943 914 2008 10
929 1942 1093 2009 Hieremia:
1107 1942 1166 2008 Sed
1176 1952 1207 2010 et
1216 1939 1320 2026 o'uagri
1334 1950 1481 2008 steterunt
1493 1943 1523 2008 in
1534 1942 1669 2029 rupibus,
1680 1953 1833 2010 traxerunt

286 2071 420 2144 ventum,
435 2061 521 2145 quasi
537 2061 689 2127 dracones.

325 2178 375 2242 11.
393 2179 435 2262 [p.
452 2178 522 2258 111]
539 2180 628 2263 Aper,
642 2176 795 2242 Diabolus.
813 2176 848 2241 ln
863 2175 993 2261 psalmo:
1010 2176 1228 2243 Exterminavit
1241 2195 1305 2242 eam
1320 2197 1390 2262 aper
1405 2178 1442 2244 dc
1455 2177 1545 2244 silva.

327 2297 377 2361 16.
394 2296 478 2374 Sues,
493 2294 636 2376 heretici,
650 2295 688 2360 de
703 2294 814 2378 quibus
829 2295 859 2359 in
876 2294 954 2377 Lege
966 2295 1149 2379 precipitur,
1164 2294 1202 2359 01)
1217 2293 1272 2359 hoc
1285 2295 1363 2378 quod
1377 2295 1519 2378 ungulam
1531 2293 1659 2374 findunt,
1670 2303 1704 2376 εῑ,
1714 2312 1771 2358 000
1786 2311 1833 2357 ru-

285 2413 414 2492 minant,
428 2432 465 2478 ne
479 2431 497 2476 a
512 2412 648 2478 fidelibus
662 2429 764 2479 eorum
779 2427 883 2476 carnes
897 2411 1116 2496 contingantur,
1132 2413 1202 2497 quia
1217 2411 1309 2477 iidem
1324 2411 1461 2489 baeretici,
1476 2412 1546 2478 licet
1560 2421 1716 2497 utrumque
1730 2411 1832 2477 Testa·

286 2539 419 2594 000100
434 2529 521 2613 Legis
535 2539 565 2596 ct
578 2529 738 2613 Evangelii
754 2529 930 2614 suscipiant,
945 2530 998 2596 scd
1010 2533 1079 2615 quia
1093 2509 1272 2616 spiritaliter
1286 2549 1344 2596 non
1358 2529 1518 2608 ruminant,
1533 2529 1676 2595 immundi
1690 2537 1769 2596 sunt.

327 2647 377 2712 16.
393 2646 488 2728 Porci,
505 2646 640 2712 homines
655 2648 799 2714 immundi
815 2656 847 2712 ct
860 2646 1014 2712 luxuriosi.
1029 2646 1064 2713 ln
1078 2646 1256 2731 Evangelio:
1276 2645 1306 2710 Si
1322 2646 1403 2730 ejicis
1424 2663 1490 2726 nos,
1506 2646 1590 2711 mitte
1605 2664 1658 2712 nos
1671 2646 1702 2710 in
1718 2665 1830 2730 porcos.

287 2759 361 2824 ltem
376 2757 433 2821 ibi:
451 2756 496 2823 Ne
509 2757 636 2824 mittatis
649 2759 825 2842 margaritas
839 2769 954 2828 vestras
969 2770 1038 2828 ante
1051 2781 1166 2846 porcos.

328 2874 376 2938 11.
393 2873 477 2954 Sues,
494 2874 671 2958 paenitentes
686 2875 880 2958 negligentes,
893 2878 932 2944 ad
944 2894 979 2944 ea
993 2896 1061 2962 quar
1073 2877 1219 2944 fleverant
1233 2889 1425 2946 revertentes.
1443 2870 1615 2965 ln'epistola
1630 2879 1726 2946 Petri:
1744 2882 1834 2948 Canis

286 3011 426 3058 reversus
440 2991 478 3058 ad
492 3011 577 3059 suum
592 2993 747 3076 vomitum,
764 3002 794 3062 et
809 3013 860 3060 sus
873 2994 933 3060 lota
949 2997 980 3061 in
993 2997 1149 3063 volutabro
1164 2999 1241 3062 ceni.

326 3111 376 3175 18.
392 3111 485 3192 Porci,
508 3112 652 3179 immundi
674 3113 807 3198 spiritus.
829 3114 865 3202 ln
885 3115 1068 3198 Evangelio:
1091 3116 1129 3181 lit
1149 3116 1232 3180 misit
1252 3115 1333 3180 illum
1357 3115 1386 3181 in
1408 3114 1510 3182 villam
1531 3134 1625 3197 suam,
1648 3127 1682 3183 ut
1701 3127 1834 3203 pasceret

285 3248 399 3314 porcos.

327 3348 375 3413 19.
392 3348 460 3426 Sus,
475 3357 611 3432 peccator
631 3349 899 3433 recte'intelligcns
919 3359 951 3414 et
971 3351 1119 3418 luxuriose
1139 3351 1256 3416 vivens.
1272 3348 1306 3414 In
1329 3349 1499 3416 Salomone:
1517 3349 1654 3418 Oirculus
1674 3367 1781 3417 aureus
1804 3352 1832 3416 in

285 3464 406 3528 naribus
421 3464 493 3543 suis,
508 3465 616 3531 mulier
629 3465 751 3550 pulchra
766 3474 797 3532 et
812 3467 900 3531 latua.

325 3580 375 3643 tt.
392 3579 524 3663 Porcina,
540 3592 671 3666 peccata.
688 3582 722 3647 lu
736 3583 867 3668 psalmo:
882 3584 1011 3650 Saturati
1026 3595 1097 3650 sunt
1110 3586 1252 3670 porcium.

320 3823 349 3892 7,
367 3823 396 3878 8.
415 3824 466 3878 101)
484 3840 583 3893 nxrx,
606 3824 629 3881 l.
644 3826 719 3879 -9.
740 3826 823 3882 Prov.
844 3844 911 3895 xxx,
931 3826 975 3884 16.
995 3859 1030 3871 -
1084 3833 1201 3885 sianum
1220 3838 1246 3882 01
1269 3829 1373 3894 Titum,
1390 3831 1535 3898 prinss'pes
1557 3830 1764 3898 Romanorum,
1787 3834 1834 3886 in-

289 3913 376 3983 chos
394 3913 429 3981 A,
449 3913 479 3968 O.
499 3943 535 3955 -
556 3915 644 3986 Lepos
663 3917 746 3984 cujus
765 3916 805 3982 A,
825 3921 890 3988 post
915 3917 935 3971 G
960 3934 1031 3972 non·
1086 3919 1175 3991 colligi
1193 3918 1385 3973 0010001.Τοιο
1404 3919 1519 3989 egregie
1538 3918 1681 3972 inventum
1699 3919 1832 3974 invidiam

283 4001 348 4056 duum
368 4018 442 4059 corr.
455 4031 490 4044 -
500 4004 581 4072 plebs
599 4004 730 4059 inualida
749 4010 811 4076 qui,
832 4004 903 4060 1.οκ
925 4024 1029 4078 graeco.
1086 4005 1154 4060 lecit
1171 4003 1254 4060 alteri
1266 4003 1472 4077 interpolatori,
1486 4005 1534 4076 qui
1547 4007 1693 4060 innumera
1705 4005 1834 4061 formulis

324 4090 366 4145 10.
390 4093 437 4147 Pe.
457 4107 516 4159 cru,
540 4089 582 4146 10.
1085 4093 1269 4148 Eucharianis
1289 4094 1416 4159 inseruit,
1430 4093 1505 4147 inter
1517 4109 1591 4164 quae,
1604 4093 1652 4147 ubi
1665 4091 1700 4149 de
1715 4112 1792 4163 urso,
1806 4101 1835 4148 et

323 4179 365 4237 ll.
376 4182 426 4238 Job
437 4197 533 4250 xxxix,
543 4181 571 4236 5.
581 4183 641 4236 100)
652 4184 746 4238 monui
758 4182 845 4237 multa
855 4202 889 4238 ex
901 4185 1031 4256 Gregorii
1086 4188 1150 4255 post
1160 4184 1244 4238 verba
1257 4185 1421 4256 Regnorum
1430 4167 1474 4251 ¹(tv
1483 4182 1554 4254 Reg.
1567 4200 1598 4252 rr,
1607 4181 1670 4258 2l):
1684 4185 1721 4240 ls't
1730 4192 1835 4258 egressi

285 4273 442 4328 litoralibus
453 4271 506 4328 bno
519 4289 581 4327 esea
592 4272 727 4340 derivata,
739 4273 766 4326 id
778 4275 850 4345 quod
863 4275 946 4329 etiam
958 4293 1031 4331 nunc
1085 4283 1154 4326 sunt
1166 4273 1223 4327 duo
1233 4276 1307 4340 ursi,
1321 4285 1347 4328 01
1359 4274 1542 4330 tornodorum
1552 4291 1608 4342 eos,
1622 4274 1755 4330 audacter
1766 4292 1834 4346 per-

284 4360 323 4416 161
341 4358 390 4414 alii
409 4360 488 4414 codd.
501 4365 658 4431 suggerunt
677 4361 706 4414 iu
719 4361 819 4432 quibus
832 4367 890 4416 ast:
908 4364 1030 4435 Onager,
1086 4359 1175 4414 rexit:
1191 4364 1260 4431 puio
1276 4362 1464 4432 Vespasianus
1484 4373 1510 4418 01
1528 4363 1617 4430 Titus,
1638 4365 1762 4420 Romani
1780 4369 1836 4420 im-

286 4451 415 4506 carnae
433 4461 474 4505 est
485 4450 641 4505 solitarius.
657 4449 793 4505 Caeterum
805 4451 926 4506 loannes
939 4453 967 4505 in
980 4453 1030 4507 de·
1081 4461 1238 4520 penatores,
1258 4449 1381 4507 1010000
1399 4453 1575 4508 deleverunt.
1591 4454 1689 4525 Apage
1708 4455 1815 4526 nugas!

283 4545 358 4594 serto
376 4539 484 4612 primus
508 4539 659 4595 monachus
682 4543 777 4608 est,s
803 4558 857 4612 quo
882 4558 1031 4614 numquam
1124 4537 1166 4592 15.
1188 4538 1276 4595 Lavit.
1297 4555 1337 4609 xr,
1355 4539 1383 4595 ’1.

282 4629 385 4685 alicubi
404 4629 548 4685 solitarius
566 4629 702 4697 cessavit,
723 4645 757 4684 ne
776 4631 967 4702 areopagitica
986 4649 1032 4686 re·
1125 4627 1165 4685 16.
1186 4629 1287 4684 1110111).
1309 4645 1368 4696 vrrr,
1387 4627 1440 4699 313
1460 4647 1510 4700 vu,
1528 4631 1557 4685 6.

283 4717 384 4789 colam,
403 4721 452 4772 aut
471 4717 569 4788 Spicll.
590 4733 629 4785 rrr,
648 4717 694 4784 66,
715 4734 743 4772 0.
763 4715 791 4771 3.
1124 4716 1165 4773 17.
1185 4733 1206 4776 11
1225 4719 1301 4774 Patr.
1322 4734 1351 4786 11,
1372 4717 1417 4774 22.
1437 4750 1471 4760 -
1490 4725 1521 4776 in
1540 4721 1596 4776 001.
1618 4722 1680 4776 luti.
1703 4721 1736 4776 l.

322 4805 597 4875 1810000024.
619 4837 652 4850 -
675 4805 714 4864 13.
733 4807 771 4863 lb.
791 4825 849 4874 xvv,
868 4811 896 4866 6.
1125 4807 1165 4863 18.
1187 4806 1254 4861 Luc.
1275 4824 1322 4877 xv,
1346 4804 1386 4862 15.
1415 4837 1442 4850 -
1464 4806 1506 4863 19.
1528 4809 1610 4863 Prov.
1631 4825 1670 4876 xx,
1689 4807 1734 4864 22.

323 4894 364 4950 11.
386 4897 433 4952 Ρε.
459 4911 560 4965 nxxrx,
589 4895 630 4953 ll.
658 4897 717 4951 Huc
742 4896 859 4969 irrepsit
883 4899 1030 4970 scholium,
1120 4897 1166 4952 20.
1187 4898 1234 4954 Ps.
1254 4914 1309 4966 avr,
1328 4895 1368 4950 14.
1383 4895 1471 4969 Vutg.
1484 4897 1834 4969 001000110001111110,10-

284 4987 355 5059 quad
374 4987 511 5042 seriorum
524 4989 689 5057 μιλιτήματα
701 4985 793 5058 plenis
804 4989 900 5043 buccis
912 4988 1030 5058 redolet,
1085 4985 1134 5043 cili
1152 4988 1305 5042 mutatione
1323 4987 1402 5040 6010)
1415 4991 1544 5058 porcinis
1562 4988 1591 5041 in
1604 4989 1671 5040 olda.
1684 4987 1833 5043 Nobiscum

284 5083 315 5131 ut
332 5093 365 5132 ea
384 5078 412 5131 in
431 5077 530 5148 primis
550 5093 612 5150 quaa
630 5077 831 5132 dubitationem
855 5083 884 5132 et
902 5078 1031 5150 singula.
1086 5076 1192 5130 faciunt
1210 5081 1334 5144 veteres,
1354 5091 1455 5147 magno
1475 5091 1621 5142 consensu,
1641 5081 1670 5129 et
1688 5090 1742 5129 non
1764 5089 1834 5145 pau·

284 5167 356 5220 rium
375 5165 533 5237 opinionem
547 5167 674 5221 afferunt.
690 5164 821 5236 Legesis:
838 5167 960 5226 Quidum
977 5185 1032 5223 au·
1085 5167 1175 5221 ciores
1188 5179 1269 5235 quam
1281 5161 1317 5216 24
1329 5161 1407 5219 codd.
1420 5162 1493 5234 apud
1506 5161 1688 5217 Holmesium.
1709 5158 1754 5213 Of.
1768 5159 1829 5230 Sps·-

286 5266 339 5310 tem
358 5258 435 5311 bunc
453 5272 555 5324 aprum
575 5268 599 5310 01
617 5257 794 5329 singularem
813 5258 907 5327 serum
928 5257 1028 5327 Vespa*
1085 5258 1131 5312 011.
1153 5271 1193 5316 01.
1213 5253 1258 5322 47,
1278 5269 1306 5306 u·
1331 5250 1371 5303 ¹⁸2·
