3978 6086
749 521 919 588 SANCTUS
938 519 1124 586 assuctus
1646 523 1705 586 163

160 685 219 744 ret
232 677 310 744 lieu.
326 674 361 739 ll.
376 671 533 740 Gnillelmo
553 672 658 738 sirleto
677 671 834 739 Cardinale
848 671 1037 756 amplissimo,
1052 673 1102 756 qui
1116 689 1180 738 eam
1195 689 1290 751 graece
1302 672 1441 754 scriptam
1463 671 1494 735 in
1511 671 1632 756 antiquo
1645 691 1707 739 mn·

163 781 343 864 »nuscripto
363 779 476 859 codice,
500 788 533 844 ut
554 780 675 858 inpectis
694 781 784 862 pretii
802 781 1002 863 aaronem,
1023 780 1190 846 custodit.»
1212 780 1285 844 flac
1305 778 1412 860 illel)

202 887 260 968 Qui
282 905 372 971 quum
393 884 483 950 addat
505 884 602 964 simul,
617 886 707 950 multa
729 905 795 970 quae
810 887 840 952 in
854 886 948 952 vitam
961 886 1079 952 hbercii
1095 887 1283 970 irrepserunt,
1300 885 1398 951 minus
1411 885 1504 952 eidem
1520 885 1627 951 sirleto
1639 905 1705 971 pro

159 993 233 1070 bari,
254 992 358 1082 lacilis
369 991 497 1072 suspicio
518 991 621 1068 oritur,
635 1002 826 1058 memoratam
840 1013 905 1060 curn
923 1003 1004 1059 tanto
1019 993 1165 1059 desiderio
1183 992 1338 1076 epistolam
1352 1001 1497 1076 repertam
1515 993 1606 1058 luisse
1627 995 1707 1060 inter

159 1101 234 1165 ncta
256 1114 365 1181 graeca,
388 1114 455 1181 quae
476 1097 622 1164 innumeri
644 1100 759 1165 codices
779 1102 939 1182 continent,
955 1100 1088 1169 Vaticani
1108 1109 1139 1166 et
1160 1099 1221 1165 alii.
1239 1099 1304 1179 Qua
1319 1100 1435 1184 quidem
1456 1101 1621 1184 suspicione
1642 1120 1710 1166 mo-

161 1219 220 1284 tus,
243 1207 356 1271 nullam
378 1224 395 1271 a
415 1205 517 1271 multis
530 1206 617 1271 annis
630 1207 691 1272 adii
705 1207 924 1287 bibliothecam,
940 1207 972 1271 in
985 1206 1098 1272 nullum
1112 1205 1200 1272 incidi
1215 1205 1344 1271 codicem
1363 1205 1624 1292 Metapbrasteum,
1640 1208 1710 1291 quin

160 1313 302 1379 amissum
317 1311 484 1378 thesaurum
499 1313 676 1397 quaesiarim.
694 1314 752 1379 Sed
767 1332 822 1398 ego
836 1333 952 1399 quoque
966 1340 984 1374 ε
995 1315 1075 1381 dolui
1094 1315 1294 1381 vehementer.
1308 1337 1325 1373 »
1341 1314 1461 1378 Frustra
1476 1314 1552 1379 enim
1569 1323 1628 1380 tam
1648 1315 1713 1382 lla-

162 1422 275 1488 tieanos
296 1439 384 1506 ᾳιιειιι
404 1431 526 1488 εεειειοε
547 1421 792 1488 bibliothecarum
814 1421 921 1486 lornlos
940 1422 1073 1503 excussi;
1096 1422 1214 1501 lrustra,
1230 1429 1374 1504 quotquot
1388 1419 1492 1485 alicubi
1507 1421 1623 1488 nnercii
1638 1424 1711 1487 ncta

165 1530 314 1613 attingere
329 1528 420 1610 licuit,
449 1529 642 1612 perlustrari,
665 1529 788 1613 periodi,
810 1529 979 1613 profligari.
1002 1530 1107 1595 liestat
1133 1547 1199 1593 cum
1220 1528 1366 1595 llalloirio
1387 1529 1416 1593 in
1438 1528 1502 1594 haec
1522 1539 1591 1594 rota
1611 1547 1714 1595 erum-

164 1655 255 1720 pere:
279 1637 332 1701 «0
353 1635 378 1701 ei
400 1635 502 1714 lateat,
522 1647 554 1701 et
572 1635 730 1721 aliquando
745 1636 872 1718 tandem,
895 1637 963 1702 licet
983 1655 1059 1717 sero,
1082 1654 1149 1701 cum
1169 1636 1277 1720 spiritu
1298 1635 1348 1701 illo
1362 1637 1524 1721 apostolico
1538 1656 1636 1722 quem,
1651 1639 1715 1704 Ba-

166 1744 283 1808 rronic
305 1751 389 1823 teste,
412 1743 532 1822 redolet,
553 1742 668 1809 noeroil
690 1743 824 1826 epistola,
847 1743 930 1810 velut
949 1743 1142 1828 postliminio,
1164 1745 1345 1808 rerertatnrl
1364 1767 1377 1802 ι
1394 1743 1416 1826 2)

205 1850 338 1916 Alterum
360 1849 475 1915 dhercii
497 1867 571 1932 opus
590 1859 651 1928 est,
673 1849 796 1915 sortasse
816 1849 896 1915 haud
916 1849 1014 1915 minus
1034 1849 1272 1916 desiderandum.
1296 1849 1417 1935 Deque
1440 1851 1469 1915 id
1484 1853 1559 1916 bota
1582 1851 1712 1918 habent:

165 1958 291 2034 Συνθεῑς
308 1951 341 2026 δὲ
363 1959 418 2023 nal
442 1952 548 2043 planco
573 1949 775 2036 διδασκαλίας
797 1959 878 2026 πάνυ
901 1961 1062 2051 ὠφελίμως
1085 1959 1228 2050 ἔχουσαν,
1256 1961 1442 2026 καταλείπει
1465 1972 1530 2038 τοῖς
1554 1961 1603 2028 ὑπ’
1622 1961 1716 2027 αὐτὸν

164 2059 382 2158 πρεσῧυτέροις
405 2067 472 2155 ἅμα
496 2066 550 2132 καὶ
573 2057 733 2146 διακόνοις,
751 2069 801 2132 ἵνα
815 2066 868 2131 καὶ
884 2064 966 2155 μετὰ
982 2065 1115 2130 θάνατον
1132 2065 1308 2159 φθέγγηται
1332 2057 1372 2132 δι’
1396 2071 1502 2147 αὐτῆς,
1526 2068 1579 2132 κα1
1601 2067 1716 2160 τρόπον

164 2171 236 2238 τινὰ
260 2164 420 2261 μηδέποτε
443 2175 571 2262 ὠφελῶν
594 2170 744 2246 aalma.
767 2171 965 2255 «Composuit
984 2179 1081 2235 autem
1096 2180 1125 2236 et
1141 2169 1244 2234 librum
1265 2176 1300 2235 dc
1320 2171 1485 2256 disciplina,
1499 2173 1588 2238 valde
1601 2173 1714 2254 utilem,

166 2297 254 2361 quem
274 2278 339 2344 suis
360 2278 481 2362 reliquit
501 2277 681 2361 preshyteris
695 2288 726 2344 et
744 2278 886 2357 diaconis,
910 2286 944 2342 ut
963 2296 1017 2362 per
1036 2296 1104 2341 eum
1124 2277 1172 2343 rel
1194 2287 1403 2362 postmortem
1423 2277 1567 2363 loquatur,
1590 2290 1620 2346 et
1639 2299 1718 2365 quo—

166 2385 323 2452 dammodo
347 2385 482 2470 nuspiam
506 2395 601 2451 cesset
625 2385 683 2449 illis
704 2385 852 2469 pmdesse.
872 2407 887 2444 n
908 2383 936 2466 3)
958 2383 1053 2463 Quem
1074 2384 1179 2448 librum
1199 2383 1363 2449 llalloirius
1384 2385 1472 2451 talem
1493 2386 1595 2466 habet,
1615 2387 1717 2471 quales

172 2491 310 2556 illi-sunt
330 2492 380 2574 qui
401 2511 481 2556 nunc
500 2492 716 2558 inscribuntur:
740 2491 894 2556 lmtrccdc
914 2490 1101 2566 sacedotum,
1123 2491 1205 2556 Cura
1223 2490 1396 2574 pecoralis,
1420 2510 1542 2576 qnorum
1562 2493 1716 2560 utilitatem

169 2597 332 2676 Gregorius
351 2598 478 2681 blagnus
498 2617 552 2664 suo
572 2598 706 2682 exemplo
728 2598 758 2662 in
772 2597 887 2682 llepolc
899 2596 1129 2662 commendarit.
1147 2597 1205 2662 Sed
1223 2608 1334 2681 quanto
1354 2600 1449 2684 magis
1470 2601 1595 2680 intueor,
1609 2600 1641 2665 in
1662 2600 1716 2666 hoc

167 2702 275 2770 amisso
288 2703 398 2785 libello,
414 2705 507 2788 prima
528 2705 707 2771 lineamenta
722 2697 942 2786 διδασκαλιῶν,
959 2695 1096 2796 dilapso
1107 2756 1115 2784 ,
1127 2722 1193 2787 quae
1212 2705 1305 2770 reteri
1320 2706 1458 2772 memoria
1480 2707 1654 2790 cpoeotoce
1672 2707 1716 2772 di·

167 2819 282 2886 cuutur,
302 2820 334 2876 et
354 2809 507 2876 confertim
527 2811 712 2878 cumulantur
733 2810 763 2876 in
784 2812 880 2894 spiam
901 2829 989 2895 opere
1009 2812 1248 2878 consolationum
1268 2813 1507 2896 apostolicorum,
1530 2815 1640 2898 quihus
1660 2817 1715 2898 ipsi

168 2936 233 2998 nos,
256 2917 288 2982 in
308 2916 401 2983 altero
421 2936 519 3001 opere,
534 2918 557 2999 ⁴)
579 2917 689 2984 multas
709 2917 876 2985 addidimus
889 2917 1105 2984 vetustissimas
1120 2917 1308 2999 didmcclice,
1322 2938 1387 3005 quae
1400 2922 1523 2988 sortasse
1543 2921 1662 2988 lberali
1677 2923 1717 2990 ab

168 3032 265 3100 ειιιιε,
287 3042 305 3089 a
325 3024 432 3107 patria,
454 3041 492 3088 ne
511 3022 607 3090 dicam
627 3024 665 3089 ab
686 3042 784 3108 opere,
809 3026 887 3090 haud
909 3025 1031 3091 multum
1052 3027 1202 3092 recedunt.

208 3129 336 3195 Tantum
357 3128 441 3194 nobis
463 3139 603 3214 superest
622 3130 816 3214 epitaphium,
832 3132 911 3214 quod
931 3132 989 3196 viri
1005 3132 1081 3197 docti
1097 3134 1160 3199 lere
1174 3151 1275 3198 omnes
1290 3134 1493 3201 authenticum
1514 3133 1636 3216 babent,
1659 3137 1719 3200 nisi

169 3237 248 3320 qnod
269 3256 347 3303 unus
367 3237 461 3303 obiter
482 3238 587 3303 doctus
607 3236 788 3304 Bollandista
809 3240 903 3303 levem
922 3237 1038 3303 inducit
1058 3239 1266 3322 suspicionem,
1282 3259 1353 3305 num
1366 3241 1508 3307 hbercius
1522 3241 1586 3324 ipse
1604 3241 1633 3306 id
1647 3243 1721 3307 seri·

171 3344 275 3428 poerit,
297 3354 351 3411 ant
367 3344 492 3428 jusserit
510 3345 549 3409 ub
569 3345 627 3409 alio
647 3354 715 3430 post
734 3362 767 3408 sc
789 3342 887 3408 scribi.
904 3343 926 3425 ⁵)
949 3343 1046 3422 Quam
1067 3344 1265 3428 conjecturam
1285 3355 1397 3427 notare,
1419 3347 1495 3412 satis
1515 3355 1571 3413 est.

210 3452 234 3516 ll
256 3470 290 3516 re
310 3469 382 3516 nero
402 3460 500 3517 nostra
522 3451 720 3535 maximopere
739 3449 902 3516 noandum
922 3459 979 3531 est,
1000 3453 1032 3514 in
1052 3450 1199 3532 omnibus,
1216 3453 1298 3518 nullo
1312 3461 1446 3536 excepto,
1462 3457 1599 3518 dotorum
1613 3471 1719 3519 erem-

173 3557 306 3642 plnrihus
325 3557 508 3642 epitaphium
520 3556 758 3625 constantissime
772 3567 897 3633 ersmre,
912 3575 979 3622 cum
993 3556 1098 3622 iisdem
1116 3559 1211 3643 ruptis
1231 3567 1388 3624 metrorum
1408 3557 1619 3638 schematibus,
1634 3577 1722 3624 cum-

172 3685 232 3751 que
254 3665 360 3731 iisdem
379 3665 498 3732 omnino
512 3665 642 3732 llosculis
656 3676 687 3732 et
699 3665 889 3744 ornamentis,
902 3682 937 3730 ae
950 3665 1010 3730 lere
1024 3684 1090 3730 cum
1104 3665 1209 3734 iisdem
1230 3666 1343 3733 mendis
1363 3675 1394 3733 et
1414 3665 1537 3734 lacunis.
1554 3668 1621 3748 Quo
1638 3667 1721 3732 lirino

172 3782 349 3858 argumento
368 3773 526 3854 evincitur,
549 3774 742 3858 epigramma,
764 3782 851 3857 prout
868 3773 946 3856 jacet
966 3772 1024 3852 ibi,
1046 3772 1287 3857 antiquissimum
1306 3791 1388 3855 esse,
1410 3791 1447 3839 ac
1467 3773 1660 3857 repetundum
1682 3775 1721 3836 ab

173 3891 293 3948 vetusto
313 3879 487 3964 archetypo,
502 3880 581 3964 quod
601 3880 810 3964 bletaphrastae
829 3886 860 3944 et
878 3879 941 3961 ejus
962 3877 1136 3960 sequacibus
1157 3897 1270 3945 summa
1291 3898 1358 3944 cum
1377 3880 1553 3945 auctoritate
1574 3879 1720 3964 praeluxit.

213 3989 248 4057 ld
268 3989 366 4074 quod,
388 3998 421 4055 ut
440 4005 508 4054 mor
530 3988 622 4055 fusius
644 4005 750 4072 amm,
774 3985 929 4070 splendido
951 3985 1114 4051 testimonio
1135 3987 1313 4052 confirmant
1332 3987 1454 4069 lleledi,
1477 3988 1585 4053 seculo
1605 3987 1646 4053 lll
1667 4005 1723 4052 cu-

174 4105 289 4178 nentes,
311 4098 442 4180 betaque
463 4113 539 4178 pone
560 4096 662 4178 secuti,
683 4092 827 4178 Iosephus
847 4083 1100 4177 hymnigraphus,
1123 4093 1273 4178 Clemens,
1295 4094 1434 4177 loannes,
1457 4094 1508 4160 alii
1528 4094 1615 4160 laeilc
1635 4095 1724 4161 anti-

174 4223 305 4288 quiores.

214 4312 317 4378 Maras
336 4312 439 4380 lectori
456 4321 572 4380 nectere
585 4330 633 4378 me
646 4312 837 4396 quantumvis
853 4311 971 4393 taedeat,
987 4311 1026 4377 ad
1039 4310 1223 4395 epitaphium
1232 4319 1293 4376 ¹nec
1305 4309 1376 4377 licet
1388 4309 1540 4390 accedere,
1556 4327 1612 4376 nec
1625 4310 1722 4392 decet,

177 4419 349 4504 priusquam
371 4423 455 4500 ncta,
478 4421 587 4504 quibus
608 4421 637 4486 id
660 4421 798 4486 insertum
820 4431 877 4502 est,
899 4419 1005 4486 saltem
1027 4439 1078 4504 per
1098 4438 1210 4485 summu
1227 4421 1364 4504 quedam
1381 4419 1490 4504 capita,
1507 4429 1723 4486 recenseantur.

177 4530 220 4593 he
240 4527 367 4610 primum
385 4529 473 4612 jurat
493 4527 644 4594 elenchum
671 4529 745 4595 dare
764 4529 875 4612 uiginti
895 4538 925 4595 et
945 4531 1072 4613 amplius
1093 4528 1227 4594 codicum
1249 4547 1319 4594 mss.
1343 4527 1629 4609 vetustissimorum,
1651 4544 1726 4611 quos

215 4732 237 4797 ll
258 4734 411 4805 Martyrol.
438 4735 517 4789 Rosia
545 4738 617 4788 notae
642 4734 676 4786 ad
700 4731 737 4789 22
757 4735 863 4790 octobr.
889 4763 924 4776 -
979 4717 1724 4808 tulacpcstolicc,p.96·101.-Cancnespccnitentia·
1760 4759 1765 4767 =

178 4825 203 4890 1)
223 4822 287 4880 Hal.
307 4821 328 4878 1.
348 4822 369 4877 l.
390 4826 410 4876 l.
424 4837 457 4890 11,
471 4841 498 4894 p.
513 4821 559 4876 40.
574 4853 608 4865 -
622 4821 649 4896 θ)
670 4825 764 4880 Actor.
784 4841 812 4878 n.
831 4822 876 4879 39.
890 4852 924 4865 -
979 4826 1027 4891 les,
1040 4843 1068 4898 p.
1082 4822 1144 4893 101,
1160 4841 1249 4896 neque
1262 4841 1294 4878 ea
1307 4826 1420 4880 omittes
1432 4842 1494 4896 ques
1508 4824 1644 4897 praefatus
1663 4839 1724 4878 sum

180 4913 254 4969 Bell.
274 4916 296 4968 t.
316 4929 356 4982 rx,
376 4931 405 4984 p.
424 4909 487 4967 513.
504 4940 540 4952 -
552 4912 577 4977 ⁴)
597 4913 676 4968 Juris
695 4915 800 4969 Eccler.
823 4914 922 4969 Graec.
978 4931 1006 4984 p.
1019 4928 1107 4967 xxrrrr
1116 4929 1178 4985 sqq.
1191 4913 1237 4965 uhi
1246 4916 1359 4966 notatum
1369 4930 1396 4983 p.
1408 4927 1505 4966 xxxvrr
1519 4909 1724 4966 Ballerinorum

179 5000 364 5059 t.1.Vidolicet
376 5003 484 5058 Canon.
496 5013 584 5072 apost.
595 5019 625 5072 p.
638 5000 924 5058 l·45.-Ccnstitutio·
979 5002 1127 5066 εειιιειιῐίιι,
1147 5000 1180 5053 ad
1200 4999 1454 5072 Syro-Macedones
1473 5000 1650 5071 potissimum
1666 5014 1728 5053 esse

179 5108 228 5146 nes
240 5093 276 5147 dc
292 5095 410 5162 mystico
422 5095 565 5160 mysterio,
587 5109 615 5162 p.
628 5088 725 5146 4585.
740 5121 774 5132 -
787 5092 838 5145 88.
850 5093 925 5162 Apo-
979 5088 1112 5161 pleraque
1128 5089 1357 5157 constitutionum
1375 5089 1469 5160 capita
1481 5087 1636 5142 referenda.
1651 5087 1728 5142 'lan-

178 5181 317 5236 rtclcrum
326 5169 482 5236 sentcntiae
492 5195 545 5249 per
556 5178 733 5247 clemensana,
746 5197 773 5250 p.
782 5177 879 5233 75-88.
889 5209 926 5219 -
980 5179 1089 5235 demcf.
1100 5179 1153 5234 Ad.
1166 5175 1339 5250 Hilgenfeld,
1350 5177 1388 5234 N.
1407 5179 1479 5234 Test.
1490 5185 1572 5234 entra
1581 5194 1647 5233 ccn.
1656 5175 1726 5230 sese.

179 5270 313 5341 synodus
325 5272 504 5335 antiochena,
514 5286 542 5339 p.
553 5267 638 5323 tta-95
658 5297 692 5312 -
702 5271 841 5339 Encerptc
850 5271 926 5337 capi·
981 5284 1019 5339 ιν,
1033 5267 1110 5340 Lips.
1127 5265 1206 5334 1886,
1220 5285 1248 5337 p.
1261 5265 1309 5333 79,
1320 5265 1367 5322 93.
1380 5295 1417 5309 -
1428 5267 1451 5332 ὗ)
1468 5268 1620 5323 marcai.
1634 5281 1663 5319 ιι.
1684 5261 1727 5318 17.
