3976 6078
719 510 843 578 conor
863 512 1198 580 curaouonvruns
1411 489 1415 496 '
1692 520 1729 585 11

225 659 275 724 33.
291 659 453 745 ldvssopus,
470 657 558 728 berba
573 659 701 740 humilis,
717 661 800 745 cujus
814 662 926 728 radices
940 681 1041 730 sarum
1058 666 1098 748 [p.
1116 665 1166 746 llll]
1182 673 1347 749 penetrant,
1363 667 1514 735 humilitas
1528 667 1729 752 peonitentia,

182 773 250 841 sive
263 775 450 858 baptismum.
466 775 501 841 ln
514 776 644 860 psalmoe
660 778 805 861 asperges
822 779 889 858 [me]
906 783 1036 864 hyssopo
1049 787 1082 844 et
1093 780 1266 847 mundabor.

219 960 265 1017 33.
286 963 334 1016 Po.
353 978 381 1030 u,
400 961 428 1016 9.

925 1259 992 1329 vll.

687 1471 742 1538 DE
765 1470 898 1540 blGNlS
923 1471 1225 1541 lNFllUGTUOSlS.

224 1703 254 1766 1.
270 1700 373 1782 Ligna,
396 1697 506 1778 angeli,
521 1706 555 1766 ul
568 1698 688 1783 quidam
701 1708 824 1784 putaut;
840 1700 918 1766 sicut
930 1699 963 1766 i'n
976 1699 1112 1769 Ezechiel
1134 1701 1274 1789 propbeta
1295 1721 1348 1787 pro
1368 1702 1477 1769 Zabulo
1497 1701 1622 1770 dicitur:
1637 1705 1731 1769 Omne

183 1818 298 1901 lignum
312 1814 442 1902 paradisi
456 1834 516 1881 non
530 1815 750 1882 adsimilitatum
765 1816 804 1882 ei.
820 1814 859 1880 Et
872 1824 937 1900 post
950 1834 1059 1900 pauca:
1073 1816 1159 1884 Cedri
1173 1835 1231 1882 non
1248 1819 1366 1882 luerunt
1378 1816 1496 1884 altiores
1507 1817 1566 1883 illo.

224 1937 254 2000 b.
271 1933 375 2016 Ligna,
391 1942 508 2015 gentes.
524 1931 558 1998 ln
573 1932 702 2016 psalmo:
716 1933 799 1998 Tunc
810 1931 984 1999 exultabunt
997 1931 1095 1998 omnia
1112 1933 1215 2015 [ligna]
1230 1932 1375 1999 silvarum
1390 1942 1459 1998 ente
1473 1933 1580 1999 taciem
1598 1933 1726 1999 Domini.

225 2051 254 2115 3.
271 2048 375 2132 Ligna,
394 2055 562 2132 peccatores
578 2047 639 2130 igni
654 2048 825 2132 deputandi.
837 2047 871 2114 111
885 2047 1058 2114 Salomone:
1073 2047 1132 2128 Qui
1147 2048 1255 2114 scindit
1266 2048 1356 2131 ligna,
1370 2048 1583 2133 periclitabitur
1597 2048 1628 2114 iu
1641 2049 1696 2116 eis.

226 2165 253 2230 1.
271 2137 407 2246 Lignum,
423 2162 567 2245 Christus,
583 2163 650 2230 siva
664 2174 795 2230 sanctus.
811 2163 846 2229 ln
859 2164 986 2250 psalmo:
999 2165 1038 2231 lit
1054 2165 1111 2232 crit
1125 2173 1263 2250 tanquam
1277 2163 1400 2246 lignum,
1414 2165 1491 2249 quod
1505 2165 1668 2250 plantatum
1682 2177 1730 2232 ost

184 2299 268 2346 secus
283 2280 422 2346 decursus
436 2296 588 2364 aquarum.
605 2279 643 2344 Ec
657 2280 688 2345 in
699 2279 879 2363 Evangelio:
893 2279 925 2345 Si
941 2279 971 2344 in
983 2279 1074 2346 viridi
1088 2279 1169 2364 ligno
1183 2280 1247 2347 bac
1261 2281 1345 2362 liunt,
1362 2279 1393 2346 in
1406 2279 1488 2346 arido
1502 2281 1575 2366 quid
1590 2281 1664 2348 liet?

224 2398 253 2461 5.
270 2396 408 2479 Lignum,
424 2394 520 2462 bomo.
536 2395 572 2460 ln
586 2395 776 2464 Ecclesiaste:
788 2396 818 2462 Si
830 2395 967 2462 ceciderit
978 2395 1091 2478 lignum
1105 2396 1143 2462 ad
1156 2404 1300 2478 austrum,
1316 2395 1382 2462 sive
1396 2396 1434 2462 ad
1447 2395 1624 2480 aquilonem,
1643 2395 1672 2462 id
1685 2404 1731 2461 est

182 2512 289 2578 bonam
303 2511 354 2577 vel
368 2510 474 2576 malam
488 2520 612 2597 partem,
630 2510 805 2598 ubicumque
818 2511 965 2593 ceciderit,
981 2511 1022 2578 ibi
1036 2513 1101 2582 erit.

226 2629 254 2693 b.
271 2627 376 2710 Ligna,
392 2627 560 2694 testimonla
574 2626 800 2712 Scripturarum.
817 2627 852 2692 ln
864 2626 1011 2693 Levitico:
1023 2627 1104 2710 ignis
1114 2623 1210 2694 autern
1225 2626 1255 2694 in
1269 2627 1362 2696 altare
1375 2645 1489 2712 semper
1504 2627 1628 2708 ardebit,
1638 2647 1730 2713 quem

185 2743 296 2837 nutriet
309 2743 447 2809 sacerdos
461 2741 617 2826 subjiciens
631 2742 713 2825 ligna
727 2763 822 2825 manc,
837 2763 889 2827 per
901 2743 1034 2827 singulos
1048 2744 1122 2810 dies.
1134 2743 1210 2810 Huic
1224 2744 1390 2811 testimonio
1404 2743 1568 2811 Salomonis
1581 2744 1727 2812 senentis

183 2857 320 2942 congruit
334 2865 375 2943 [p.
393 2859 455 2940 66],
469 2859 500 2925 in
513 2877 571 2944 qua
586 2859 645 2924 ait:
660 2860 719 2941 Qui
734 2859 816 2926 addit
828 2860 993 2941 scientiam,
1009 2860 1092 2926 addit
1106 2868 1137 2927 el
1149 2860 1289 2927 dolorem.

225 2972 768 3056 Ι1113111111,0111111111111.1111111111
789 2976 962 3060 Sapientia:
975 2977 1166 3044 Benedictum
1186 2977 1308 3060 liguum,
1324 2997 1377 3062 per
1397 2977 1476 3064 quod
1497 2977 1531 3043 lit
1547 2977 1675 3062 justitia.
1692 2977 1731 3044 Et

185 3088 215 3152 in
230 3089 358 3174 psalmo:
373 3090 516 3156 Dominus
530 3091 698 3174 regnavita
713 3091 803 3176 ligno.

225 3206 255 3271 8.
283 3206 387 3288 Silva,
402 3215 517 3290 gentes.
530 3207 564 3273 111
579 3208 706 3292 psalmo:
720 3207 937 3277 Exterminavit
950 3229 1018 3277 eum
1032 3229 1104 3295 aper
1116 3212 1154 3278 de
1166 3212 1243 3278 silva
1257 3223 1288 3278 et
1302 3211 1460 3296 singularis
1475 3212 1564 3278 larus.

225 3325 255 3389 9.
272 3323 365 3407 Silva,
382 3340 466 3390 sacra
487 3323 650 3407 Scriptura,
665 3323 829 3407 allegoricis
844 3325 1020 3392 testimoniis
1034 3327 1218 3409 obumbrata,
1235 3328 1313 3395 unde
1325 3328 1357 3393 in
1372 3328 1484 3412 psalmo
1503 3346 1557 3412 pro
1578 3326 1731 3393 Salvatme

184 3440 307 3507 dicitur:
320 3441 394 3508 Ecce
407 3440 576 3507 audivimus
590 3440 673 3506 illum
686 3441 718 3506 in
731 3441 891 3526 llupbrate,
908 3443 1073 3509 invenimus
1091 3462 1158 3511 earn
1172 3443 1204 3509 in
1218 3444 1330 3530 campis
1349 3445 1444 3510 silvae.
1462 3444 1499 3509 lit
1518 3442 1550 3508 in
1571 3442 1726 3528 propheta:

185 3558 266 3625 Deus
279 3579 296 3625 a
311 3559 423 3624 Libano
436 3559 547 3640 veniet,
564 3568 594 3624 ct
607 3567 728 3624 sauctus
742 3559 781 3626 de
794 3568 891 3626 monta
904 3577 1007 3643 opaco.

226 3677 275 3741 lo.
291 3676 458 3758 condensa,
473 3693 563 3762 opaca
578 3676 737 3760 Scriptura
750 3676 873 3742 divinae.
890 3677 924 3741 ln
938 3676 1066 3760 munao:
1080 3675 1236 3743 ltevelavlt
1251 3675 1396 3743 Dominus
1411 3675 1569 3743 condensa.

226 3795 274 3857 ll.
292 3793 401 3875 Saltus,
417 3795 543 3879 populus
557 3795 706 3861 Ecclesia.
723 3793 757 3860 ln
772 3794 928 3878 propbeta:
944 3792 1002 3873 Qui
1025 3793 1158 3859 habitant
1179 3795 1209 3860 in
1231 3794 1357 3876 deserto,
1373 3801 1403 3860 ct
1421 3793 1516 3860 securi
1536 3791 1681 3858 dormient
1700 3789 1731 3856 in

184 3908 318 3974 saltibus.

224 4168 281 4226 Vll.
294 4169 417 4239 Titulus,
432 4171 558 4227 nonnihil
572 4172 854 4244 importandaminio
868 4175 929 4244 qui·
1018 4171 1046 4230 5.
1066 4169 1160 4228 Eccla.
1178 4188 1218 4242 xv,
1237 4171 1264 4227 3.

186 4257 248 4312 dem
265 4263 382 4314 ornatur
402 4262 431 4314 in
451 4260 487 4330 G,
507 4261 645 4314 omittitur
662 4276 727 4314 vero
745 4261 774 4314 in
793 4260 828 4331 A,
848 4265 928 4334 eujus
1019 4261 1044 4316 6.
1069 4261 1155 4316 Lavit.
1175 4277 1212 4328 vr,
1234 4259 1277 4330 123
1296 4258 1389 4315 Ecela.
1408 4259 1484 4329 1,18.
1501 4259 1643 4329 Dolorm,
1662 4275 1725 4314 cum

185 4345 276 4418 pictor
288 4351 332 4402 sat
344 4347 442 4402 habuit
459 4348 577 4420 primam
591 4346 715 4403 litteram
727 4347 867 4421 insignire
880 4367 929 4404 ru-
985 4369 1051 4422 nxx,
1071 4353 1184 4423 ἄλγημα.

186 4435 236 4490 bro
253 4434 347 4492 colora
366 4453 430 4491 cum
449 4437 511 4491 rudi
530 4435 685 4508 sphalmata
708 4438 807 4511 Glpna.
1019 4439 1046 4495 7.
1067 4439 1132 4512 Sap.
1152 4455 1210 4509 xvv,
1228 4438 1257 4509 73
1273 4439 1319 4494 Ps.
1340 4454 1403 4507 xcv,
1419 4437 1461 4494 10.
1478 4437 1556 4494 Gracc
1569 4454 1624 4492 om.
1640 4435 1669 4492 C.
1684 4438 1728 4492 Aa

224 4522 249 4580 1.
268 4524 370 4582 Ezech.
390 4542 467 4593 xxxa,
486 4525 514 4582 8.
534 4527 601 4592 Quae
618 4538 682 4597 post
700 4544 793 4598 pauca
811 4544 872 4582 sese
891 4528 931 4582 ibi
985 4533 1091 4584 tantum
1109 4529 1229 4584 habuere
1242 4543 1348 4600 graece:
1364 4531 1390 4581 τὸ
1404 4527 1482 4594 ξύλον,
1495 4530 1523 4580 τὸ
1543 4529 1586 4579 τοῦ
1605 4525 1726 4597 Χριστοῦ1

186 4615 327 4684 dicuntur,
345 4631 418 4670 muno
437 4614 519 4687 paulo
538 4620 602 4670 ante
620 4616 649 4669 in
669 4616 729 4670 eod.
744 4633 825 4671 vsrsu
839 4632 931 4689 graeca
1021 4620 1049 4675 8.
1070 4619 1116 4673 Po.
1138 4634 1234 4686 nxxrx,
1257 4615 1298 4673 14.

186 4703 310 4760 stlattas
323 4708 430 4760 armat.
443 4703 535 4760 Multa
547 4721 610 4760 curn
622 4705 811 4760 inconstantia
822 4706 933 4760 nomina
1020 4707 1048 4763 9.
1069 4708 1115 4764 Po.
1136 4723 1230 4776 cxxxv,
1248 4705 1274 4764 6.
1289 4707 1373 4764 illum
1386 4711 1414 4762 el
1425 4723 1490 4764 mm
1502 4724 1565 4762 cum
1578 4706 1683 4764 Monac.
1699 4739 1734 4750 -

184 4794 383 4866 prophetarum
402 4795 432 4848 in
451 4795 555 4849 uostris
573 4794 652 4852 codd.
672 4792 736 4866 plus
754 4795 847 4850 minus
865 4796 931 4848 bar-
987 4798 1091 4852 Habac.
1104 4795 1173 4868 n1,3
1184 4813 1246 4852 cum
1259 4813 1324 4851 axx.
1337 4800 1364 4851 at
1377 4797 1504 4852 Ambros.
1518 4797 1731 4868 gvaecanizants.

186 4887 252 4939 bare
261 4884 430 4939 scribuntur:
442 4877 600 4953 checbiol,
611 4886 771 4954 Esccbiltel,
786 4884 930 4953 chcltiol,
986 4889 1116 4957 liparam
1134 4887 1169 4943 ll.
1189 4888 1224 4942 de
1242 4897 1335 4940 monte
1353 4889 1458 4941 abbaso
1478 4885 1508 4940 G.

189 4977 320 5044 Danihel,
333 4975 420 5043 Iohel,
436 4977 574 5048 Soffootia,
588 4980 641 5030 etc.
662 4991 724 5046 quae
738 4974 822 5030 semel
837 4981 932 5030 nomre
1026 4975 1067 5032 10.
1089 4977 1135 5032 Pa.
1156 4992 1253 5042 xxvrrv,
1271 4975 1299 5030 9.
1312 4993 1398 5046 opaca
1416 4979 1584 5047 scripturae,
1605 4982 1636 5031 ut
1654 4976 1730 5030 dica·

185 5065 256 5120 satis
274 5071 344 5118 sato.
364 5095 398 5106 -
417 5063 444 5120 2.
466 5065 513 5119 Po.
532 5080 597 5134 xcv,
621 5062 662 5119 12.
987 5071 1049 5120 vent
1068 5066 1173 5120 Graeci:
1190 5071 1221 5118 rt
1233 5068 1358 5117 sordeam
1370 5068 1414 5125 τῆς
1427 5069 1532 5138 γραφῆς.
1550 5065 1568 5122 l.
1582 5068 1728 5132 revelabit,

221 5152 248 5207 3·
269 5152 361 5208 Eccle.
382 5172 410 5222 x,
429 5154 457 5222 9,
477 5159 507 5209 ut
526 5171 594 5208 bxx:
615 5155 759 5207 κινδυνεύσει
777 5155 800 5206 e’v
820 5153 909 5214 αὐτοῖς.
986 5155 1071 5210 solim
1088 5155 1251 5210 mutatione.

223 5246 249 5296 4.
271 5244 318 5299 Pa.
331 5259 352 5312 1,
365 5243 392 5299 3.
403 5274 439 5286 -
450 5243 514 5299 bue.
530 5261 609 5312 xxrrr,
621 5241 666 5298 31.
678 5245 761 5315 faciet
772 5243 801 5312 G,
812 5257 821 5296 1
834 5259 927 5299 manu.
1024 5244 1066 5300 ll.
1086 5246 1185 5301 Erech.
1206 5263 1301 5316 xxxiv,
1313 5245 1359 5300 25.
