3976 6078
756 525 804 588 DE
828 522 1064 588 llrlPTlSllllTll
1667 521 1685 586 u

140 686 197 741 τοῦ
230 668 345 768 δρόμου
377 670 542 770 πυροειδὴς
566 678 746 769 γενόμενος,
771 679 824 744 καί
847 685 887 756 ὡς
941 673 975 736 lit
997 672 1123 738 {lamnae
1143 672 1267 752 similis,
1287 681 1317 737 et
1337 671 1432 738 veluti
1462 673 1510 737 lau
1536 673 1685 753 incensus,

139 783 267 872 λαμπὰς
292 778 441 875 ἐξαρθεὶς,
468 777 638 863 διακαύσας
655 778 763 860 δὲτὴν
788 787 886 876 μέσην
941 779 1067 846 mediam
1088 782 1207 864 penitus
1232 781 1348 848 adussit
1368 799 1470 847 aonnm
1492 781 1622 863 itineris,
1646 782 1686 846 ita

138 905 195 960 τοῦ
222 887 337 987 δρόμου
362 890 478 976 ζώνην,
504 901 553 972 ὡς,
580 893 615 960 ἂν
638 899 771 970 πλησίον
795 896 885 987 ὀφθῇ,
941 897 974 952 nt
995 887 1020 951 si
1043 888 1163 972 propius
1183 898 1366 966 cerneretur,
1389 888 1514 972 decupla
1539 889 1686 955 radiorum

140 994 218 1068 δέκα
236 1003 258 1090 1)
274 995 487 1079 ἀκτινοῦόλοις
506 1005 678 1093 ἀστραπαῖς
690 997 886 1093 καταφλέξαι
940 994 1133 1077 ejaculaticne
1159 1007 1312 1074 exureret,
1336 1005 1396 1062 turn
1423 997 1530 1063 rubore
1557 997 1686 1064 sullusue

138 1109 200 1184 τὴν
225 1121 305 1202 γῆν,
332 1101 568 1199 δυσωπούμενος
596 1109 735 1176 κάτεισιν
766 1117 806 1188 είς
830 1113 885 1176 τόν
940 1102 1092 1170 descendit
1113 1105 1143 1170 iu
1158 1107 1318 1172 Oceanum.
1335 1106 1589 1186 Quemadmodum
1603 1124 1686 1173 muca

939 1211 1069 1294 sphaera,
1093 1212 1163 1296 igne
1183 1213 1360 1280 intrinsecus
1381 1215 1485 1296 plena,
1508 1215 1600 1280 multa
1621 1215 1687 1284 luce

939 1318 1104 1403 fulgurans,
1117 1323 1261 1405 mergitur
1276 1321 1307 1386 in
1322 1323 1592 1406 aquamfrigidam,
1606 1323 1686 1390 haud

938 1426 1003 1492 sine
1015 1427 1134 1494 immani
1149 1430 1287 1514 strepitu,
1297 1448 1332 1496 ac
1343 1430 1497 1514 splendore
1511 1431 1619 1510 elicito,
1631 1449 1686 1498 uec

941 1545 1037 1601 tamen
1060 1536 1137 1620 ignis
1152 1537 1329 1604 intrinsecus
1343 1539 1536 1622 extinguitur,
1558 1539 1610 1605 sed
1624 1559 1686 1606 rur·

938 1661 988 1707 sus
1009 1653 1143 1709 coruscat
1164 1644 1319 1728 magisque
1341 1644 1521 1711 exardescit:
1541 1644 1583 1710 ita
1597 1646 1686 1711 etiam

937 1748 993 1827 sol,
1004 1739 1177 1831 ¹ignivomus
1192 1759 1333 1835 tanquam
1349 1751 1457 1832 fulgur,
1473 1752 1543 1816 duur
1563 1751 1685 1816 minime

937 1855 1078 1924 alumine
1091 1868 1198 1939 cessat,
1211 1859 1351 1941 mergitur
1365 1860 1396 1922 in
1411 1858 1547 1942 trigidum
1562 1860 1683 1937 undam,

939 1963 1189 2056 ignemretinens
1210 1966 1302 2050 sopiri
1319 1967 1470 2046 nescium;
1493 1965 1612 2032 oblutus
1632 1984 1684 2032 au-

940 2079 997 2136 tem
1018 2090 1125 2139 arcano
1145 2074 1336 2157 baptismate,
1359 2075 1450 2140 alacri
1470 2071 1577 2158 gaudio
1602 2076 1684 2141 cuul-

938 2188 999 2260 tat,
1021 2197 1098 2264 aqua
1119 2180 1277 2266 depastus:
1300 2201 1376 2248 unus
1395 2201 1468 2248 rero
1488 2192 1519 2248 et
1542 2182 1620 2250 idern
1639 2185 1681 2249 sol

935 2306 1067 2366 manens,
1082 2291 1166 2374 quasi
1183 2309 1279 2356 novus
1293 2291 1335 2355 sol
1351 2290 1525 2356 mortalibus
1539 2293 1679 2370 exoritur,

935 2410 970 2456 ex
991 2394 1099 2479 abysso
1120 2395 1265 2476 vegetior,
1284 2397 1401 2462 lavacro
1421 2405 1606 2480 repurgatus:
1629 2415 1681 2462 no·

934 2507 1053 2564 cturnas
1073 2501 1245 2585 perrodunt
1264 2501 1366 2584 abegit
1380 2503 1525 2584 tenebras,
1541 2503 1616 2569 diem
1631 2521 1680 2587 pe·

934 2607 1011 2689 perit
1030 2609 1217 2674 luculentam.

973 2719 1083 2779 cursus
1102 2725 1198 2782 autem
1215 2715 1293 2783 illius
1308 2718 1413 2798 instar,
1435 2719 1587 2785 stellarum
1601 2739 1679 2804 quo-

933 2840 991 2904 que
1002 2840 1037 2887 aa
1047 2823 1124 2888 lunae
1136 2834 1231 2890 motus
1242 2825 1274 2891 ri
1287 2826 1416 2908 ingenita
1428 2829 1533 2912 pergit:
1541 2827 1679 2896 lavantur

933 2931 1022 3009 eninr,
1037 2943 1070 2997 ut
1090 2934 1202 3016 egregii
1217 2935 1340 3014 alumni,
1356 2935 1427 3002 solis
1445 2936 1475 3001 in
1491 2937 1676 3020 baptisterio.

933 3039 1036 3105 Sidera
1058 3059 1194 3126 nemque,
1211 3061 1349 3108 unacum
1368 3043 1448 3125 luna,
1465 3045 1535 3110 solis
1548 3046 1679 3129 uestigia

933 3159 1160 3231 persequuntur,
1178 3167 1341 3234 purumque
1354 3149 1408 3214 sibi
1424 3151 1543 3216 luminis
1564 3152 1679 3218 radium

932 3257 1071 3320 retinent.

974 3362 1078 3429 Verunr
1100 3361 1125 3426 si
1140 3363 1191 3439 sol,
1207 3382 1273 3430 cum
1295 3363 1382 3429 astris
1402 3363 1487 3429 simul
1507 3374 1537 3430 et
1551 3364 1632 3443 luna,
1648 3364 1679 3430 in

931 3471 1049 3535 Oceano
1070 3470 1195 3550 lavatur,
1209 3471 1280 3555 quid
1301 3490 1397 3538 cnusae
1418 3483 1464 3538 est
1477 3493 1528 3538 cur
1543 3473 1680 3538 Christus

932 3596 991 3642 non
1006 3579 1094 3642 etiarn
1109 3576 1225 3644 lavetur
1240 3578 1270 3642 in
1284 3579 1432 3644 Jordane‘l
1446 3579 1507 3645 Rex
1527 3578 1578 3644 ille
1592 3580 1679 3646 coelo·

930 3699 1006 3762 rum,
1029 3691 1118 3766 atque
1139 3691 1280 3747 creatura
1300 3681 1413 3762 ductor,
1436 3682 1479 3748 sol
1500 3684 1538 3749 ab
1557 3682 1679 3750 Oriente

932 3791 1089 3873 protectus,
1106 3793 1156 3872 qui
1173 3799 1234 3854 turn
1247 3789 1371 3855 mortuis
1386 3791 1465 3873 apud
1479 3790 1599 3869 inleros,
1617 3799 1678 3855 tun

931 3895 1101 3960 mortalibus
1123 3895 1154 3958 in
1174 3895 1283 3960 mundo
1305 3896 1451 3979 apparuit,
1471 3915 1507 3962 ac
1520 3895 1601 3963 solus
1616 3895 1679 3979 ipse

142 1219 291 1283 ὠκεανόν.
305 1216 455 1308 Καθάπερ
472 1230 584 1310 σφαῖρα
601 1223 719 1309 χαλκῆ,
733 1219 825 1310 πυρός
841 1219 887 1285 ἔν-

142 1315 232 1390 δοθεν
257 1325 408 1417 γέμουσα,
430 1327 509 1392 πολὺ
526 1336 588 1416 φῶς
605 1327 884 1419 ἀπαστράπτουσα,

142 1430 272 1497 λούεται
284 1437 315 1498 ἑν
328 1423 420 1498 ὕδατι
436 1431 553 1524 ψυχρῷ,
567 1433 649 1526 μέγα
661 1439 793 1524 ἠχοῦσα,
805 1440 887 1524 λαμ.-

138 1539 313 1630 πρυνομένη
332 1530 365 1604 δὲ
378 1539 430 1605 ἀπ’
438 1546 535 1632 αὐγῆς
549 1543 582 1630 ί)
595 1541 632 1606 τό
645 1532 679 1606 δὲ
691 1551 749 1632 πῦρ
762 1532 884 1607 ἔνδοθεν

139 1652 174 1712 ού
189 1648 365 1733 σβέννυται,
377 1648 460 1714 ἀλλά
471 1649 565 1714 πάλιν
579 1649 799 1740 ἀπαστράπτει
812 1655 886 1716 ἀνα·

139 1754 263 1820 καυθέν·
281 1757 362 1821 ούτω
379 1748 417 1830 δὴ
436 1757 489 1821 καί
514 1761 530 1822 ό
554 1759 652 1836 ἥλιος,
669 1759 887 1850 πεπυρωμένος

140 1867 180 1938 ὡς
198 1861 355 1953 ἀστραπὴ,
378 1866 457 1941 όλως
481 1868 514 1930 οῦ
538 1869 695 1930 τελευτῶν
711 1866 733 1946 θ)
757 1865 884 1931 λούεται

137 1975 168 2038 ἑν
193 1961 287 2037 ὕδατι
310 1969 425 2063 ψυχρῷ,
451 1974 625 2064 ἀκοίμητον
649 1973 729 2064 ἔχων
753 1975 790 2040 τό
815 1985 883 2066 πῦρ·

136 2080 328 2168 λουσάμενος
341 2073 375 2146 δὲ
389 2085 586 2173 βαπτίσματι
600 2065 750 2172 μυστικῷ,
765 2075 883 2174 σφόδρα

138 2188 346 2277 εὐφραίνεται,
363 2189 401 2254 τὸ
425 2180 506 2282 ὕδωρ
529 2189 609 2279 ἔχων
633 2191 761 2280 τροφήν·
783 2187 824 2266 εἷς
849 2181 882 2256 δὲ

136 2293 191 2358 καί
215 2298 231 2358 ὁ
255 2294 348 2370 αὐτὸς
372 2293 424 2374 ὢν,
442 2300 481 2371 ὡς
505 2296 608 2372 καινὸς
630 2308 695 2372 τοῖς
713 2295 881 2387 ἀνθρωποις

137 2400 305 2466 ἀνατέλλει
320 2402 417 2479 ἥλιος,
434 2403 643 2492 τετονωμένος
659 2407 693 2468 ἐκ
712 2401 815 2488 βυθοῦ,
832 2428 883 2469 κε-

135 2503 327 2596 καθαρμένος
341 2510 375 2573 ὲκ
388 2511 574 2599 λουτροῦτό
588 2500 621 2575 δὲ
633 2510 808 2601 νυκτερινὸν
818 2504 882 2589 ἑξε-

134 2613 233 2691 λάσας
247 2615 366 2694 σκότος,
379 2615 526 2707 λαμπράν
538 2617 701 2709 ἐγέννησεν
712 2620 734 2699 Δ)
751 2619 879 2709 ἡμέραν.

179 2717 272 2783 Κατὰ
297 2709 330 2784 δὲ
351 2721 406 2785 τόν
422 2721 536 2785 τούτου
553 2712 677 2812 δρόμον,
695 2721 748 2786 καὶ
771 2728 789 2796 ν)
817 2733 879 2788 τῷν

135 2825 258 2918 ἄστρων
268 2829 386 2904 κίνησις
396 2828 476 2904 καὶὴ
487 2841 545 2906 τῆς
558 2831 691 2907 σελήνης
701 2829 788 2920 φύσει
800 2833 881 2922 ὲνερ-

133 2945 192 3026 γεῖ·
216 2933 365 3000 λούονται
387 2935 447 3028 γάρ
462 2942 502 3012 εἰς
520 2937 557 3002 τό
581 2947 635 3002 τοῦ
651 2939 742 3011 ἡλίου
768 2941 881 3023 βαπτι-

133 3041 273 3130 στήριον,
284 3047 323 3118 ὡς
337 3043 429 3106 καλοί
443 3042 585 3132 μαθηταί
595 3045 626 3130 5)·
640 3050 668 3107 οί
680 3043 739 3136 γάρ
754 3045 878 3135 ἀστέρες

133 3146 218 3236 μετά
249 3159 307 3224 τῆς
339 3149 473 3226 σελήνης
497 3148 567 3214 κατ’
592 3151 676 3242 ’ίχνος
700 3159 756 3214 τοῦ
788 3151 878 3223 ηλίοιι

133 3247 308 3333 διώκουσιν,
333 3254 472 3347 καθαράν
496 3258 622 3348 ἔχοντες
646 3258 755 3349 αὐγήν.

178 3369 215 3427 Εἰ
239 3355 273 3428 δὲ
296 3368 311 3428 ό
335 3366 422 3441 ἥλιος
451 3364 505 3430 σὺν
537 3365 660 3456 ἄστροις
684 3365 737 3430 καί
759 3365 876 3452 σελήνῃ

130 3469 262 3534 λούεται
286 3474 317 3535 ἐν
341 3474 478 3554 ὠκεανῷ,
504 3463 556 3537 διά
578 3473 612 3536 τί
633 3471 687 3536 καί
710 3475 726 3535 ό
750 3473 878 3563 Χριστός

130 3582 164 3643 ἐν
188 3569 326 3668 Ἰορδάνῃ
353 3583 387 3644 οῦ
408 3581 552 3659 λούεται;
570 3581 716 3658 Βασιλεὺς
733 3585 878 3672 οὐρανῶν,

130 3687 187 3751 καί
211 3689 340 3764 κτίσεως
356 3689 494 3780 ημεμὼν,
511 3691 599 3767 ἥλιος
624 3675 781 3766 ἀνατολῆς
796 3692 828 3772 ο),
847 3689 877 3767 ὃς

131 3791 188 3859 καὶ
203 3793 227 3880 ⁷)
251 3804 317 3870 τοῖς
334 3798 365 3858 ἐν
383 3784 458 3879 ᾅδου
475 3807 592 3887 νεκροῖς
615 3797 711 3887 ἐφάνη
738 3795 790 3861 καὶ
813 3807 877 3873 τοῖς

130 3903 163 3967 ὲν
189 3901 298 3990 κόσμῳ
325 3905 463 3992 βροτοῖς,
487 3903 540 3967 καί
565 3903 655 3992 μόνος
679 3906 766 3980 ἥλιος
790 3899 878 3981 οὗτος

132 4009 292 4075 ἀνέτειλεν
317 4010 368 4074 ἀπ’
395 4016 531 4102 ούρανοῦ.

850 4045 853 4050 -
929 4003 991 4084 Sol,
1015 4002 1065 4086 qui
1088 4002 1125 4067 de
1146 4001 1220 4068 coelo
1241 4010 1322 4068 crtus
1342 4009 1398 4066 est.

128 4205 156 4274 9,
181 4203 231 4273 15,
252 4209 284 4260 in
307 4206 394 4262 Mera.
415 4205 460 4276 69,
481 4210 512 4262 ιἰι
534 4208 626 4264 Cerer.
647 4207 693 4280 88)
715 4206 878 4279 allegoriam
897 4275 898 4280 χ
930 4207 1022 4258 tumen
1041 4219 1139 4258 senene
1158 4203 1187 4256 in
1208 4201 1229 4258 s.
1251 4219 1310 4273 seq.
1331 4205 1409 4256 uecta
1427 4203 1510 4258 serie.
1526 4231 1559 4243 -
1575 4209 1597 4266 ⁴)
1611 4201 1678 4274 ἀγόν·

126 4295 233 4365 ρεειίιιι
252 4293 286 4346 ad
305 4295 425 4349 seriores
447 4295 659 4352 transtulerunt.
681 4327 708 4338 -
731 4299 752 4368 ¹)
771 4298 878 4369 ι’ρόῆται
931 4314 1002 4350 νησεν
1021 4309 1073 4365 pro
1091 4293 1239 4364 presenti,
1260 4291 1293 4344 de
1312 4307 1343 4344 re
1362 4291 1423 4345 fleri
1443 4289 1536 4346 solitu.
1555 4319 1591 4332 -
1605 4299 1628 4354 ί)
1647 4290 1677 4344 ln

129 4379 193 4435 δέκα
208 4383 245 4438 V.
260 4381 338 4438 locus
350 4389 447 4456 aperte
460 4391 616 4457 corruptus.
633 4387 754 4458 conjicit
771 4388 817 4440 vir·
828 4387 878 4442 do·
930 4386 1057 4456 margine
1078 4388 1121 4436 καί
1134 4385 1174 4435 νῦν
1188 4388 1231 4437 καί
1244 4386 1291 4451 ἀεί,
1305 4399 1355 4436 nee
1373 4381 1484 4436 videtur
1495 4381 1523 4434 id
1535 4382 1677 4453 reeipien-

127 4478 202 4527 ctus:
217 4473 351 4544 ὄφιῇτῇ-δι
366 4477 489 4540 nomime]
505 4478 584 4531 hicet
596 4477 665 4544 illic,
677 4477 876 4548 undequaque..
930 4474 1004 4529 dum.
1031 4505 1064 4514 -
1087 4479 1110 4538 9)
1139 4473 1293 4544 ἐπεσκέψατο
1318 4476 1386 4543 ἡμᾶς
1412 4472 1520 4529 ἀνατολὴ
1546 4471 1571 4533 ἐξ
1594 4471 1676 4541 ὕψους,

125 4591 163 4602 -
179 4565 201 4632 ²)
221 4565 247 4614 oi
267 4562 307 4615 ἐπ’
326 4564 393 4637 αὐγῇ
412 4566 452 4619 sie
472 4566 508 4620 V.
528 4582 562 4620 en
582 4567 686 4637 corrig.
710 4587 737 4619 τε
757 4569 878 4641 απαυγῇί
930 4564 998 4618 Luc.
1018 4581 1038 4632 ι,
1057 4565 1102 4620 78.
1124 4564 1177 4620 Sed
1197 4564 1230 4618 de
1251 4563 1378 4630 Christo,
1398 4561 1458 4616 sole
1476 4566 1506 4616 et
1523 4562 1598 4629 fuae,
1618 4566 1678 4616 tnta

124 4682 162 4694 —
178 4659 200 4716 3)
222 4657 352 4706 τελευτῶν.
372 4656 411 4709 lbi
429 4662 563 4726 punctum
585 4657 614 4709 in
633 4657 726 4713 ecdice
745 4669 773 4712 et
791 4674 877 4714 vacua
934 4655 1025 4710 Clanis
1051 4653 1233 4708 Melitoniena
1251 4650 1335 4724 paulo
1355 4650 1429 4705 infra
1453 4649 1621 4722 resplendet.
1641 4681 1676 4692 -

125 4741 244 4796 dimidia
263 4740 347 4810 linea,
369 4761 431 4816 quae
453 4743 552 4799 ultima
567 4749 610 4800 est
628 4745 678 4801 fol.
697 4743 762 4816 239,
782 4748 878 4820 pergit
930 4746 952 4809 ⁷)
974 4747 1006 4804 ὡς
1026 4749 1068 4796 καὶ
1086 4743 1121 4798 V.
