4064 6108
249 469 309 534 stt
812 462 981 528 SANCTUS
1002 460 1227 526 nlntutttus

291 619 397 686 Verum
419 617 601 697 vivificator,
617 616 666 699 qui
679 633 767 680 suam
786 615 925 682 virtutem
946 634 993 680 oo·
1047 612 1224 695 sepulcrum,
1237 611 1449 696 veritatemque
1456 612 1565 696 judicis
1575 617 1639 678 loco
1650 613 1789 678 instituit:

249 726 419 810 grassetur,
435 725 491 792 ait:
508 726 570 789 uEt
582 725 637 790 boc
653 743 668 789 a
685 724 770 789 robis
783 723 872 789 etium
883 723 996 790 discere
1026 772 1028 784 .
1045 723 1177 804 ingratos
1197 720 1414 804 circumposuit,
1436 731 1469 785 ut
1482 721 1574 784 oculis
1596 721 1740 803 riderent,
1762 734 1793 788 ct

250 834 327 898 rulo.
351 832 447 898 Dicite
459 842 491 897 et
503 831 654 896 clamitate
674 833 752 916 quod
773 832 903 910 dixistis,
925 832 993 914 quia
1046 829 1169 893 auribus
1179 828 1315 894 audirent
1328 827 1348 891 ii
1362 829 1413 911 qui
1425 828 1579 895 dicebant:
1592 827 1795 913 blasphemos,

246 939 308 1023 jam
327 940 418 1020 taut,
441 949 475 1004 ut
494 958 565 1006 uere
586 941 762 1006 resurrectio
777 941 992 1025 praedicetur.»
1048 938 1182 1020 pasculum
1203 942 1228 999 tc
1251 935 1357 999 Filium
1378 935 1435 999 Dei
1448 953 1545 1014 cocos,
1558 943 1587 999 st
1607 935 1722 1017 [Deum]
1745 955 1793 1002 cc-

249 1046 363 1112 Plnries
384 1055 504 1112 mortem
526 1051 651 1113 testatum
671 1053 726 1125 cst,
741 1057 774 1112 ut
794 1046 883 1112 semel
899 1047 925 1129 ¹)
944 1063 996 1110 re-
1047 1065 1098 1110 ccs
1117 1046 1172 1109 tibi
1193 1045 1360 1125 Parent).
1383 1047 1427 1109 bc
1446 1044 1471 1109 si
1492 1044 1615 1111 dixisset
1634 1047 1694 1110 eis:

251 1154 327 1220 ritas
347 1153 569 1220 resumectionis
589 1164 781 1220 astrueretur.
798 1154 855 1221 Sed
877 1155 903 1218 si
927 1165 996 1218 tunc
1090 1155 1193 1220 «Ecce
1213 1171 1267 1218 vos
1280 1171 1377 1217 coram
1392 1161 1508 1216 statuo:
1531 1152 1555 1215 si
1576 1151 1685 1216 crimen
1704 1163 1794 1233 estu

252 1261 332 1327 aliud
352 1261 424 1346 quid
444 1263 594 1328 ordinavit
614 1263 795 1342 Vivibcator,
813 1262 917 1329 coelum
938 1283 996 1328 su·
1049 1282 1096 1328 mc
1116 1262 1216 1328 vocari
1237 1260 1330 1327 mum
1352 1261 1477 1338 Patrem,
1498 1268 1528 1325 et
1548 1260 1738 1343 blasphemio,
1759 1270 1795 1326 nt

251 1369 350 1452 spicit,
375 1370 551 1454 Patremque
572 1370 701 1435 inrorat
974 1377 978 1382 “
1048 1388 1105 1435 ros
1116 1369 1270 1452 reputatis,
1287 1369 1416 1453 prolecto
1430 1386 1491 1433 non
1504 1367 1605 1432 audiet
1618 1370 1676 1450 [me
1690 1367 1793 1450 Deus].

291 1477 354 1543 llll.
375 1477 476 1556 Potor,
498 1483 552 1557 ait,
570 1481 683 1562 protios
702 1497 753 1563 epo
775 1480 833 1559 tibi,
859 1479 997 1563 quonism
1051 1476 1137 1557 Quod
1158 1477 1182 1540 si
1205 1475 1330 1541 audierit
1350 1495 1407 1553 me,
1429 1476 1615 1540 manifestum
1638 1485 1707 1540 tunc
1723 1475 1793 1555 erit,

250 1587 361 1651 sudati
381 1605 426 1651 use
447 1587 510 1667 (lll,
534 1588 595 1666 st).
1050 1585 1146 1667 ipsum
1168 1581 1286 1665 reipsa
1306 1599 1371 1647 esse
1391 1582 1508 1648 Patrem
1529 1601 1667 1648 meum.»

289 1692 344 1758 llic
358 1693 559 1759 baereticorum
570 1694 706 1777 discipuli
721 1694 778 1760 sibi
791 1694 939 1778 quoddam
950 1696 996 1779 ju·
1091 1693 1197 1772 Potor,
1220 1693 1273 1772 ait,
1296 1693 1408 1776 pretias
1429 1710 1485 1776 opo
1506 1692 1567 1768 tibi,
1588 1695 1725 1775 quonium
1745 1711 1797 1756 cu-

250 1817 358 1864 vamen
370 1799 497 1882 reperire
508 1798 659 1880 videntur,
672 1799 722 1882 qui
735 1799 904 1864 clamitant:
918 1824 932 1860 ι
946 1801 996 1865 lli-
1050 1801 1118 1865 disti
1136 1820 1190 1879 rrae,
1211 1808 1240 1865 et
1257 1819 1367 1884 seraper
1386 1821 1430 1864 rue
1450 1800 1538 1864 cudis
1562 1801 1606 1880 (x,
1630 1800 1693 1878 ll).

250 1907 300 1989 dc,
322 1907 467 1990 quomodo
487 1927 534 1974 res
553 1926 586 1974 se
608 1908 729 1975 babent:
751 1929 828 1974 nnus
849 1918 944 1992 rogat,
967 1918 998 1975 et
1089 1908 1173 1974 Dixit
1189 1907 1313 1990 illisqui
1328 1907 1592 1972 circumastabnnt:
1612 1907 1669 1972 «Si
1684 1907 1795 1972 crimen

252 2013 327 2078 ulter
347 2025 487 2097 rogatur,
510 2033 589 2080 unus
617 2017 740 2098 supplex
762 2027 843 2095 crat,
866 2026 896 2083 ct
923 2018 998 2083 alter
1050 2025 1107 2094 est,
1126 2016 1203 2099 quod
1224 2035 1291 2082 eum
1311 2015 1418 2080 vocavi
1433 2015 1559 2095 Patrem,
1575 2016 1599 2079 si
1615 2015 1795 2098 blasphemia

250 2120 481 2204 supplicationes
497 2122 580 2188 audit
592 2123 629 2203 ²).
646 2123 738 2190 Vides
752 2124 897 2208 quomodo
911 2125 999 2190 Pater
1051 2122 1216 2188 babendum
1240 2122 1316 2187 illud
1336 2131 1392 2198 est,
1407 2131 1440 2186 ut
1455 2139 1506 2186 ros
1524 2121 1699 2203 opinamini,
1717 2132 1797 2187 certe

251 2229 314 2294 lons
333 2241 379 2295 est
399 2231 585 2310 mirabilium,
606 2250 702 2316 eaque
723 2231 849 2297 faciendi
869 2242 1000 2317 potesta·
1050 2229 1186 2295 nouerit
1207 2229 1309 2311 [licus]
1331 2237 1499 2312 ooopemtor
1519 2228 1681 2310 blasphemi
1703 2228 1798 2293 bomi-

251 2347 309 2404 tem
334 2338 386 2402 dut
405 2337 520 2403 nitro.»
544 2373 582 2387 -
603 2343 731 2417 Verum,
753 2340 998 2422 quemadmodum
1050 2339 1106 2403 nis.
1128 2339 1214 2420 Quod
1234 2337 1260 2402 si
1277 2355 1422 2402 vocarem
1436 2346 1592 2416 munuum,
1609 2348 1797 2419 mortuusque

250 2456 338 2512 antea
352 2446 423 2526 dixi,
436 2447 489 2529 [itu
504 2453 620 2532 agunt],
633 2447 685 2532 qui
700 2448 998 2531 Vivibestorisopera
1051 2457 1197 2532 precepto
1217 2446 1358 2514 obediens
1378 2449 1548 2523 surrexerit,
1569 2463 1622 2528 pro
1641 2455 1721 2510 certo
1741 2445 1798 2511 boc

253 2549 355 2614 uolunt
373 2568 440 2614 cnm
459 2551 619 2632 gratiarum
635 2551 751 2618 actione
764 2551 922 2635 suscipere.
946 2551 999 2616 Se·
1052 2575 1126 2640 opus
1137 2573 1196 2620 non
1210 2555 1268 2620 erit
1282 2553 1538 2633 blasphematoris,
1553 2554 1604 2620 sed
1618 2552 1674 2619 Dei
1688 2561 1719 2618 et
1732 2552 1798 2618 Filii

252 2657 309 2722 mel
332 2656 523 2740 blasphemiis
541 2668 661 2724 coactus
683 2658 854 2742 [Christus],
874 2661 1000 2725 occurrit
1052 2663 1106 2730 liei
1124 2664 1275 2747 jussum.»

252 2765 321 2846 illis,
333 2766 403 2849 quia
415 2766 555 2832 nolebant
569 2768 729 2833 nectutem
741 2769 883 2852 accipere.
897 2768 954 2834 Sed
966 2778 998 2834 tu
1092 2772 1177 2851 Quod
1196 2770 1265 2835 talis
1281 2770 1370 2835 luerit
1390 2768 1661 2848 murmurationis,
1676 2765 1798 2851 etquod

252 2875 303 2956 qui
316 2879 474 2957 baecgesta
485 2874 570 2958 legis,
581 2875 670 2941 debes
682 2876 737 2940 boc
747 2876 914 2941 addiscere:
926 2877 1000 2943 dixit
1051 2897 1110 2944 nou
1130 2879 1258 2945 oraverit
1273 2878 1427 2960 [cbristus]
1448 2887 1563 2961 pmptcr
1577 2879 1794 2955 necessitatem,

252 2981 295 3047 eis
306 2982 495 3049 Virilicttor:
508 2981 605 3047 Multo
615 2982 790 3066 operuimus
801 2984 1000 3050 ostccdicobs‘c
1051 2988 1104 3053 sed
1116 3006 1168 3070 pro
1177 2987 1343 3052 auditorum
1355 2985 1480 3050 utilitate
1490 2994 1520 3050 et
1531 2983 1713 3050 institutione
1727 3003 1796 3049 usus

187 3141 193 3156 .
253 3110 273 3156 o
294 3093 385 3158 Patre
403 3111 481 3157 meo:
500 3099 617 3176 proptor
631 3093 707 3176 quod
719 3111 791 3177 opus
810 3112 847 3157 sc
866 3095 907 3157 eis
927 3094 999 3179 lupi
1051 3093 1185 3159 oratione
1200 3093 1297 3172 luerit,
1315 3093 1378 3177 ipse
1390 3100 1513 3157 testatus
1526 3101 1583 3170 cst,
1600 3108 1689 3174 quum
1703 3091 1794 3156 dixit:

251 3201 329 3265 dous
341 3205 409 3266 rue?
423 3201 531 3265 Diceret
542 3201 570 3264 ei
583 3199 701 3264 duduci:
715 3201 783 3268 Nou
796 3212 912 3286 propter
927 3219 1000 3284 opus
1091 3201 1211 3266 Grotius
1231 3219 1288 3284 opo
1311 3201 1368 3278 tibi,
1390 3200 1528 3282 quonism
1548 3199 1661 3263 aconti
1673 3217 1733 3273 mm
1746 3217 1796 3280 eqo

251 3309 355 3374 ῠοπιιιιι
367 3309 529 3394 lapidamus
543 3315 578 3390 tc,
591 3309 642 3373 sed
652 3315 769 3393 propter
783 3310 997 3392 simplorum,
1052 3311 1161 3395 quiderm
1180 3310 1303 3374 sculum
1324 3310 1396 3392 quic
1421 3327 1533 3390 sempor
1558 3325 1602 3371 me
1629 3307 1728 3384 sudu,
1748 3304 1799 3368 sed

251 3420 320 3497 quio
340 3423 372 3482 tu
399 3437 486 3502 quum
514 3419 596 3482 bomo
616 3417 675 3498 sis,
698 3424 724 3481 te
744 3419 818 3500 [scis
842 3419 952 3499 Deum,
973 3424 1002 3483 ei
1051 3425 1168 3502 propter
1180 3416 1318 3502 populum
1332 3417 1381 3499 qui
1392 3419 1566 3492 circinasset,
1584 3414 1682 3494 idisti,
1695 3420 1799 3476 utero

254 3543 340 3592 cocus
354 3526 405 3590 tibi
418 3525 536 3589 Putrem
550 3523 643 3590 Deum
656 3525 693 3604 ³).
716 3526 782 3607 Qua
803 3525 840 3590 dc
861 3545 891 3590 re
912 3525 1000 3590 valde
1052 3527 1126 3591 duct
1143 3528 1214 3610 quio
1234 3533 1265 3588 tu
1284 3543 1327 3587 nu
1347 3523 1464 3587 misisti.
1488 3527 1530 3600 (r.
1551 3521 1601 3598 xl,
1624 3521 1684 3598 ta).

255 3634 447 3699 tristabantur
467 3633 573 3710 ludaei,
587 3653 693 3717 nempe
707 3633 785 3718 quod
800 3643 921 3698 uocaret
941 3632 997 3696 sibi
1093 3635 1185 3700 Nemo
1206 3633 1345 3716 deinceps
1370 3631 1522 3697 veritatem
1544 3630 1689 3710 deneget,
1713 3645 1797 3692 nemo

253 3737 367 3804 Putrem
388 3737 493 3804 licum
522 3738 724 3803 irascebantur
749 3739 858 3804 luciosi
878 3739 998 3823 [inquit]
1053 3742 1191 3826 pietatem
1207 3757 1278 3822 erga
1292 3738 1385 3804 Deum
1402 3738 1564 3832 impugnet,
1578 3751 1662 3801 nemo
1676 3735 1795 3800 descen·

253 3866 310 3910 uou
328 3845 421 3910 solum
442 3847 511 3930 quic
530 3845 657 3912 solscbot
674 3847 841 3925 subdolum,
861 3848 912 3911 scd
931 3849 1000 3932 quio
1051 3869 1115 3915 sum
1133 3848 1264 3930 [Christi]
1280 3865 1334 3931 pro
1349 3857 1444 3910 nostra
1460 3844 1555 3909 solute
1569 3845 1605 3908 ad
1622 3842 1728 3907 inimici
1745 3841 1794 3905 bo·

252 3954 375 4019 mortus
391 3954 451 4019 sibi
463 3956 583 4020 Patrem
604 3955 710 4036 Deum,
725 3963 751 4022 et
764 3957 889 4041 socedat
907 3976 938 4019 ss
951 3975 999 4021 cc-
1051 3978 1152 4025 norem
1163 3935 1300 4024 deflectat
1314 3957 1350 4035 ⁷).
1365 3957 1485 4038 Propter
1495 3963 1523 4018 te
1534 3953 1619 4018 bomo
1632 3951 1725 4016 lactus
1738 3960 1796 4025 cst,

254 4061 368 4144 quolam
390 4062 450 4126 lieo
465 4064 499 4146 ⁴).
1051 4066 1101 4149 qui
1124 4065 1255 4131 homines
1269 4072 1359 4139 amat,
1373 4079 1431 4126 nou
1447 4072 1479 4126 ut
1498 4069 1633 4126 naturam
1654 4077 1736 4124 suam
1758 4061 1795 4124 ad

293 4163 370 4230 Vffl·
392 4164 590 4249 0111111111,
612 4185 703 4249 quum
725 4167 842 4247 [11111111]
864 4165 1000 4251 blasphe-
1049 4185 1132 4241 extra
1154 4173 1363 4247 manifestaret,
1384 4169 1436 4234 sed
1458 4176 1490 4232 ut
1510 4167 1624 4250 lapsum
1644 4166 1794 4232 excitaret.

253 4270 340 4334 miam
356 4270 384 4335 id
400 4272 602 4355 reputaverint
614 4271 640 4353 ⁵)
655 4275 732 4356 quod
747 4275 859 4339 Putrem
875 4275 931 4339 sibi
945 4293 1000 4340 ro-
1091 4280 1172 4345 Itirit
1191 4281 1291 4344 lesus:
1314 4277 1367 4340 ilbi
1385 4275 1520 4360 posuistis
1537 4293 1609 4352 mm,
1622 4282 1679 4339 etc.
1699 4273 1799 4357 Supra

252 4389 334 4443 curet
352 4378 459 4460 Deum,
477 4378 634 4462 [Christus]
659 4380 784 4446 tribunal
805 4384 899 4448 erexit
915 4383 999 4467 juxta
1052 4391 1113 4456 uide
1131 4409 1163 4474 p.
1186 4389 1257 4454 230.

291 4595 314 4662 1)
328 4595 370 4650 llx
383 4595 434 4655 sol.
451 4595 498 4666 ab,
511 4595 693 4664 eota-2)
707 4599 874 4653 Asianorum
890 4600 999 4672 quidem
1052 4604 1127 4676 ·-³)
1144 4605 1224 4659 Joen.
1236 4599 1323 4673 x‚32,
1334 4597 1465 4664 'dl-⁴)
1479 4600 1558 4655 loen.
1572 4614 1601 4667 v,
1617 4597 1745 4671 l8.—⁵)
1757 4598 1800 4654 Ex

253 4690 297 4741 eet
322 4684 477 4756 centilsns,
496 4686 544 4742 sed
568 4703 650 4758 quern
674 4689 781 4744 rebem
805 4688 930 4744 baeretici
951 4687 1000 4746 diu
1052 4693 1103 4750 fol.
1122 4693 1168 4760 96,
1187 4692 1242 4747 col.
1255 4690 1282 4748 l.
1302 4690 1374 4756 -1)
1393 4692 1474 4745 ioan.
1488 4689 1575 4758 x,uo.
1592 4719 1627 4731 -
1640 4687 1665 4754 ⁷)
1684 4689 1728 4744 Ex
1747 4690 1798 4746 iol.

253 4781 318 4831 snte
337 4777 398 4832 brit
427 4777 559 4833 Thaliam
582 4778 760 4847 cecinerunt,
780 4783 811 4832 ut
833 4779 948 4832 minime
966 4779 1000 4832 ab
1051 4782 1098 4850 97,
1118 4781 1171 4836 col.
1195 4779 1421 4836 l.-Hsctenus
1440 4781 1500 4836 base
1519 4780 1552 4834 ds
1571 4777 1734 4852 Hippolyto,
1753 4782 1798 4835 cui

261 4880 328 4921 nevo
348 4865 490 4937 Hippolyti
510 4871 623 4939 propter
641 4867 692 4923 boc
717 4868 847 4922 recedere
866 4872 1002 4940 oporteat
1053 4873 1173 4928 nondum
1194 4869 1401 4924 valedieeudum
1421 4875 1474 4924 est.

2009 579 2018 699 l
