3998 6080
867 488 1001 556 ethus
1021 489 1051 554 S.
1076 487 1279 556 hutlwms

1034 767 1057 847 ς
1078 765 1117 829 ιι.

344 990 375 1053 1.
391 988 495 1068 Faber,
513 987 592 1053 Deus
606 1008 657 1072 per
671 989 727 1054 hoo
744 988 842 1074 [quod]
858 1006 972 1054 omnem
992 988 1129 1054 lubricam
1143 988 1208 1053 eoeli
1229 997 1259 1054 ει
1281 997 1366 1054 terrae
1386 997 1525 1072 operatus
1546 997 1600 1054 cst
1616 990 1653 1056 lu
1667 987 1847 1066 Evangelio:

304 1105 410 1170 Nonne
422 1105 471 1170 hio
483 1115 530 1172 est
544 1106 616 1170 labri
632 1106 731 1171 filius?

346 1225 375 1289 2.
390 1222 485 1298 Fabri,
500 1225 593 1288 sancti
608 1225 823 1308 praedicatores.
840 1222 874 1287 ln
888 1223 1019 1306 Regum:
1035 1222 1124 1288 Porro
1146 1222 1225 1288 labor
1246 1221 1383 1287 serrarius
1403 1240 1462 1287 nou
1483 1221 1688 1316 inveniebatur
1702 1222 1732 1286 in
1746 1197 1846 1286 lsrael.

344 1341 374 1406 3.
390 1341 487 1422 Fabri,
509 1359 600 1425 regna
621 1341 763 1424 gentium,
786 1360 803 1406 a
823 1349 948 1425 quatuor
969 1339 1068 1404 mundi
1090 1338 1223 1423 partibus
1243 1339 1491 1423 populumlsrael
1512 1339 1561 1406 rel
1581 1349 1706 1406 eeteros
1724 1339 1849 1405 humiles

303 1457 455 1523 servitutis
470 1458 598 1541 pondere
611 1457 818 1541 deprimentes.
834 1457 869 1521 ln
883 1455 1037 1521 Zacharia:
1054 1456 1092 1520 Et
1105 1473 1189 1520 eoocc
1202 1465 1325 1538 quatuor
1339 1457 1423 1521 labri.

344 1573 373 1636 1.
390 1573 524 1654 Gladius,
540 1573 662 1640 verbum
677 1573 741 1652 Dei,
754 1585 784 1639 ει
802 1572 945 1640 severitas
959 1572 1047 1656 Legis
1068 1582 1156 1657 atque
1170 1571 1389 1656 prophetarum.
1407 1573 1441 1638 ln
1463 1574 1657 1658 Apocalypsi:
1681 1574 1718 1640 Et
1731 1575 1846 1657 gladius

302 1689 507 1770 egrediebatur
519 1691 557 1754 de
571 1709 620 1756 ore
632 1691 706 1774 ejus,
723 1690 753 1755 id
767 1699 812 1755 est
825 1689 947 1755 verbum
961 1689 1088 1755 Domini.

346 1806 375 1869 d.
394 1806 528 1888 Gladius,
544 1807 593 1872 ris
606 1807 713 1871 amoris
728 1806 795 1872 Dei.
812 1807 846 1872 ln
859 1807 1041 1891 Evangelio:
1058 1806 1124 1872 Non
1138 1806 1208 1873 veni
1223 1823 1323 1889 pacem
1337 1805 1460 1888 mittere,
1477 1807 1529 1872 sed
1542 1806 1683 1888 gladium.

345 1925 375 1988 d.
392 1923 489 1988 Gladii
502 1923 534 1989 in
548 1924 685 1990 manibus
698 1934 877 2006 sanctorum,
895 1924 1062 1990 testimonia
1076 1924 1234 2008 Scriptura
1248 1923 1358 1989 divinae
1372 1941 1407 1989 ex
1420 1930 1544 2005 utroque
1557 1922 1745 1987 Testamenta
1759 1921 1847 2002 Legis

307 2037 337 2102 iu
354 2039 488 2105 examine
502 2039 656 2124 producta.
672 2040 706 2105 ln
721 2041 850 2124 psalmo:
866 2042 904 2106 Et
918 2041 1009 2124 gladii
1024 2041 1070 2106 his
1082 2041 1160 2106 acuti
1175 2041 1205 2104 in
1220 2039 1356 2108 manibus
1368 2041 1442 2124 ejus.
1455 2040 1494 2104 Ει
1506 2039 1537 2104 in
1552 2039 1711 2122 hpostolo:
1727 2039 1765 2104 Et
1777 2038 1846 2120 gla-

302 2155 383 2222 dium
397 2158 518 2241 spiritus
535 2159 623 2243 [quod
637 2168 684 2224 est
696 2159 820 2225 uerbum
834 2159 912 2239 Dei].
1553 2225 1556 2230 .

343 2275 373 2338 ’1.
390 2274 488 2339 Gladii
502 2275 573 2356 duo,
590 2276 648 2341 duo
663 2276 854 2342 Testamenta
868 2277 965 2360 Legis.
981 2277 1016 2342 ln
1030 2275 1194 2359 Evangelio
1208 2275 1369 2341 seeundum
1383 2275 1509 2340 Lucam:
1526 2273 1659 2349 Domine,
1673 2291 1742 2338 ecoe
1755 2271 1846 2354 gladii

300 2388 359 2456 duo
380 2389 437 2455 hia.

344 2506 374 2571 8.
390 2505 524 2588 Gladius,
540 2507 742 2573 hereticorum
756 2510 797 2592 [p.
812 2510 881 2591 138]
896 2510 1075 2593 praedicatio.
1087 2510 1122 2575 ln
1134 2510 1304 2576 Salomone:
1318 2510 1393 2590 Quae
1406 2525 1458 2590 pro
1471 2507 1610 2574 dentibus
1620 2506 1733 2590 gladios
1747 2504 1846 2570 hahet.

300 2624 337 2688 11ι
353 2623 385 2689 in
398 2625 579 2709 Evangelio:
595 2626 699 2693 Omnis
713 2627 763 2709 qui
779 2628 955 2710 percusserit
968 2627 999 2693 in
1014 2627 1124 2710 gladio,
1140 2626 1238 2710 gladio
1252 2625 1403 2691 morietur.

341 2744 370 2807 9.
388 2741 523 2819 Gladius,
535 2742 667 2808 seductio
678 2742 804 2808 Diaboli.
817 2743 851 2808 ln
863 2744 991 2828 psalmo:
1005 2744 1065 2825 Qui
1077 2741 1186 2809 liberas
1198 2742 1306 2822 David,
1318 2761 1436 2808 servum
1447 2751 1539 2823 tuum,
1548 2741 1585 2806 de
1596 2740 1693 2823 gladio
1705 2739 1846 2822 maligno.

341 2859 392 2923 111.
411 2859 544 2936 Gladius,
559 2859 710 2926 damnatio
724 2860 914 2946 sempiterna.
930 2859 965 2924 ln
978 2859 1049 2925 lob:
1065 2859 1097 2924 Si
1111 2858 1293 2941 multiplicati
1309 2859 1417 2925 luerint
1436 2857 1487 2922 lilii
1509 2858 1581 2941 ejus,
1604 2857 1632 2921 id
1654 2865 1710 2936 est,
1727 2855 1849 2921 haereti-

300 2992 399 3041 corum
416 2975 445 3042 iu
460 2977 559 3060 gladio
573 2987 669 3045 erunt.

342 3093 392 3156 11.
409 3092 544 3176 Gladius,
558 3093 700 3178 judicium
713 3092 778 3159 Dei.
795 3092 829 3158 lu
842 3093 1006 3159 Hieremia:
1022 3096 1048 3158 h
1063 3093 1137 3159 lacie
1156 3092 1249 3175 gladii
1270 3093 1411 3158 columhae
1430 3092 1633 3177 unusquisque
1653 3090 1690 3155 ad
1707 3089 1849 3174 populum

299 3229 383 3276 suum
398 3221 593 3278 convertetur.

343 3328 393 3391 lt.
411 3327 535 3393 Gladius
550 3326 694 3408 uindicta,
709 3327 756 3394 rel
771 3346 867 3393 sermo
881 3327 1009 3393 Domini.
1025 3327 1059 3392 ln
1074 3326 1228 3412 Apostolo:
1245 3327 1339 3396 Vivus
1353 3325 1431 3392 enim
1445 3334 1489 3391 est
1509 3324 1563 3390 Dei
1584 3342 1678 3390 serum
1698 3333 1728 3390 et
1741 3322 1846 3389 cffimr

299 3453 329 3508 ot
343 3443 549 3527 penetrabilior
563 3444 642 3510 omni
656 3444 755 3524 gladio
770 3446 902 3531 ancipiti.

333 3619 362 3680 5.
381 3615 414 3668 11.
434 3613 464 3666 In
483 3612 543 3668 solo
563 3612 583 3666 0
602 3611 702 3668 ιίιυ1ιιε
727 3613 902 3686 importunus
927 3615 973 3669 hio
992 3633 1043 3687 po-
1097 3615 1178 3668 anxia
1196 3616 1262 3670 boni
1282 3619 1390 3670 veteres
1409 3614 1511 3669 notarii
1530 3613 1666 3686 expiscati
1685 3615 1769 3682 sunt,
1788 3627 1850 3666 am-

299 3704 375 3757 nitur
393 3705 435 3758 De
453 3707 650 3759 instrumentis
675 3705 780 3760 bellicis
799 3715 826 3759 et
842 3705 959 3773 militia,
980 3722 1042 3776 quae
1097 3705 1225 3776 higentes
1243 3705 1433 3776 undecumque
1451 3721 1481 3758 ee
1500 3704 1568 3759 vado
1587 3701 1746 3758 hellenismi
1758 3718 1846 3773 expe-

299 3792 452 3864 epigraphe
464 3795 524 3847 tota
537 3793 566 3846 in
579 3793 603 3847 Α
616 3797 643 3847 ει
655 3791 723 3846 alibi
741 3792 923 3848 desideratur.
937 3794 1042 3850 Neutro
1097 3793 1198 3850 dirent.
1219 3823 1253 3838 -
1272 3793 1300 3852 t.
1323 3793 1459 3850 Gladium
1477 3794 1521 3848 bie
1541 3793 1571 3849 G.
1591 3794 1679 3865 hpoc.
1699 3808 1719 3860 ι,
1742 3789 1784 3845 16.

298 3883 390 3933 tamen
408 3879 487 3935 deest
505 3880 644 3951 insignior
661 3881 695 3933 ab
714 3879 796 3935 initio
817 3878 921 3935 littera.
941 3882 994 3938 Sed
1013 3883 1042 3935 in
1133 3881 1161 3937 5.
1181 3884 1283 3938 Matth.
1304 3901 1330 3954 x,
1349 3881 1395 3937 34.

298 3971 415 4042 utroquo
432 3971 485 4026 hoc
503 3971 613 4025 initium
638 3972 820 4042 pervertitur3
846 3971 928 4026 habet
952 3974 1041 4027 enim:
1133 3973 1161 4028 6.
1181 3973 1323 4030 Perdocta
1343 3973 1373 4029 G.
1393 3973 1440 4029 Pe.
1462 3988 1555 4040 oxnrx,
1575 3971 1603 4038 6,
1616 3989 1678 4026 cum
1698 3987 1768 4027 axx:
1790 3972 1850 4042 ῥομ-

300 4060 404 4127 h'ader,
424 4062 511 4128 Deua,
528 4077 582 4130 pro
601 4062 651 4116 hoc
670 4077 780 4116 omnem
791 4064 901 4134 sobri...
916 4061 977 4118 loco
998 4079 1043 4116 va·
1100 4071 1173 4143 eatae
1192 4072 1313 4142 δίστομοι.
1334 4071 1437 4143 Ephes.
1458 4087 1497 4138 vr,
1521 4069 1564 4125 17.

300 4167 362 4218 ειιο,
383 4154 413 4203 et
429 4149 524 4220 porgit
541 4149 581 4205 h:
602 4160 628 4205 et
641 4160 719 4206 terra
737 4162 867 4222 operatus
887 4161 936 4220 eat,
947 4167 1010 4222 quaa
1024 4149 1044 4204 C
1133 4159 1162 4212 7.
1175 4159 1243 4215 Luc.
1255 4175 1321 4228 nxrr,
1333 4158 1379 4215 38.
1390 4163 1472 4216 Duae
1490 4162 1667 4216 Testamenta
1679 4159 1708 4215 G.
1718 4161 1762 4214 An
1774 4159 1849 4214 dnae

299 4240 328 4294 in
347 4239 472 4310 margine
491 4239 627 4312 reposuit.
647 4239 701 4295 Sed
720 4244 751 4294 ut
764 4241 852 4294 otioso
866 4239 947 4294 titulo
967 4239 1044 4293 locus
1100 4253 1217 4321 propter·
1240 4247 1376 4306 adaugeant
1402 4251 1496 4320 Neque
1520 4251 1612 4305 obstat
1635 4248 1721 4302 dictio
1745 4249 1846 4320 Lepte,

298 4331 388 4398 fieret,
410 4343 490 4381 erata
508 4327 595 4382 fuisse
608 4344 641 4382 ea
653 4344 715 4399 (1¹1ae
728 4329 807 4400 prius
823 4334 936 4401 recepta
954 4335 1042 4396 eraut,
1100 4334 1180 4408 quasi
1200 4339 1290 4391 nnius
1309 4337 1492 4403 Testamenti,
1508 4335 1651 4391 comfort.
1666 4333 1786 4402 utalibi,
1807 4333 1850 4387 le-

298 4419 456 4496 membrana
473 4418 578 4473 offensa
596 4421 724 4474 nentur.
1100 4424 1220 4495 gendum
1239 4427 1277 4478 sit
1295 4424 1381 4496 Legis
1393 4435 1420 4478 et
1433 4425 1595 4496 Econyelii.
1610 4423 1749 4476 Caeterum
1762 4421 1851 4476 multa

336 4505 360 4563 1.
381 4507 482 4564 Μειι1ι.
503 4523 563 4574 xnr,
582 4505 629 4563 55.
649 4537 684 4549 -
701 4507 729 4564 2.
749 4525 759 4565 1
778 4509 849 4580 Reg.
869 4525 930 4576 xur,
952 4505 995 4564 19.
1100 4515 1128 4568 id
1139 4517 1277 4568 vetustate
1288 4531 1341 4568 non
1352 4519 1442 4583 caret;
1455 4514 1526 4586 quod
1536 4515 1638 4569 Noster
1647 4513 1752 4584 saepius
1762 4511 1852 4567 Evan-

331 4597 360 4652 3.
381 4599 465 4655 Zach.
485 4613 506 4666 1,
525 4597 570 4655 20.
585 4601 1043 4672 Regna...deprimenteerlst0,
1100 4601 1205 4673 gelium
1225 4601 1267 4658 vel
1288 4619 1388 4658 norum
1406 4603 1615 4656 Testamentum
1641 4603 1745 4674 Legem
1769 4616 1853 4656 roca·

296 4690 387 4762 prima
400 4690 509 4762 quidem
522 4707 616 4758 manu,
627 4692 661 4746 oh
673 4708 794 4762 graecam
808 4691 935 4746 seminia.
951 4709 1044 4746 vocem
1091 4683 1172 4745 'risse
1191 4690 1310 4746 videtur.
1328 4691 1367 4742 cs.
1381 4687 1497 4758 v11,48;
1511 4705 1550 4756 rx,
1563 4691 1581 4753 ἓ
1596 4705 1616 4758 ι,
1632 4685 1680 4758 133
1694 4704 1723 4759 x,
1736 4691 1754 4754 ἓ
1767 4705 1787 4758 1,
1806 4685 1849 4759 17,

298 4778 428 4842 βασιλεῖαι.
448 4779 563 4834 Frustra
587 4784 665 4835 vetus
690 4780 801 4852 quidam
825 4781 956 4852 ereptori<
975 4784 1005 4836 iu
1025 4781 1045 4836 G
1100 4798 1179 4852 quem
1199 4779 1292 4836 locum
1311 4780 1340 4834 in
1360 4781 1460 4852 primis
1478 4781 1598 4850 respice.

296 4883 369 4920 corr.
390 4881 475 4937 supra
493 4865 596 4922 lineam
614 4885 693 4941 reges
706 4873 846 4940 gentium·
859 4868 952 4924 minuu
971 4869 1044 4921 enim
1134 4869 1162 4925 8.
1182 4875 1262 4925 Pron.
1285 4886 1347 4941 xxx,
1370 4868 1421 4939 143
1442 4871 1546 4926 Matth.
1566 4885 1642 4940 xxvi,
1661 4869 1708 4937 52,
1733 4869 1852 4926 conflata

297 4955 351 5008 sibi
365 4959 495 5008 conamus
508 4956 579 5010 idem
593 4975 658 5012 mox
671 4973 756 5028 super
767 4957 932 5011 inferiorem
942 4955 1044 5010 lineam
1099 4977 1161 5014 cum
1181 4962 1268 5031 Apoc.
1288 4975 1349 5028 1111,
1372 4957 1414 5015 tu.
1434 4991 1470 5002 -
1489 4977 1561 5032 quae
1577 4962 1793 5032 procedentibus
1813 4963 1850 5016 A.

298 5044 424 5115 reposuit
441 5045 638 5116 deprimentia.
660 5047 778 5101 Frustra
794 5063 903 5119 quoque
916 5052 945 5101 et
957 5047 1044 5101 multo
1135 5048 1162 5103 9.
1184 5049 1229 5104 Pe.
1248 5063 1342 5118 enarr,
1366 5047 1410 5103 10.
1430 5051 1575 5106 Liberasti
1592 5052 1626 5106 h.

299 5136 421 5204 ineptius
439 5136 549 5206 priscus
562 5136 674 5208 quidem
693 5137 722 5190 iu
735 5138 759 5192 h
773 5155 823 5208 pro
835 5154 927 5210 regna
939 5137 1045 5192 invenit
1139 5137 1180 5197 10.
1200 5140 1251 5194 doh
1270 5155 1357 5204 xxvu,
1379 5138 1422 5196 14.
1442 5169 1478 5181 -
1498 5137 1541 5196 11.
1561 5141 1663 5198 darem.
1683 5154 1758 5210 xnvt,
1781 5137 1824 5195 16.

297 5221 408 5296 regina.
429 5226 495 5290 Quae
514 5227 623 5297 quidem
637 5227 779 5280 &maram
794 5246 847 5283 non
861 5233 975 5298 temere,
996 5228 1044 5282 sed
1139 5225 1182 5284 12.
1203 5227 1288 5285 Hehr.
1309 5243 1348 5296 rr,
1373 5227 1414 5283 12.
