4038 6088
821 474 951 542 CODEX
973 474 1062 542 SAEC.
1087 475 1126 539 Vl

957 773 996 845 tt.

497 949 724 1011 EUOHERIUS
745 951 910 1014 VERANO
931 952 1040 1014 FILIO
1060 952 1105 1012 IN
1126 953 1205 1015 XPO
1226 953 1414 1014 SALUTEM
1430 960 1449 1027 ι)

241 1154 396 1222 llormulas
415 1155 588 1242 principalis
602 1159 623 1240 1)
647 1158 860 1244 Intellegentia
878 1160 1084 1246 conponendas
1105 1161 1156 1227 tibi
1178 1163 1337 1230 mittendas
1356 1179 1409 1247 pro
1429 1161 1527 1228 studio
1546 1180 1617 1245 erga
1639 1171 1669 1230 te
1690 1183 1747 1246 pu-

204 1276 296 1332 terutc
309 1265 518 1333 sollicitudinis
531 1267 699 1335 existimari
714 1273 751 1350 1),
773 1270 879 1354 quibus
900 1271 1056 1354 perceptis,
1079 1270 1108 1335 iu
1129 1269 1227 1336 omnia
1248 1269 1357 1353 scripta
1378 1269 1481 1334 divina
1502 1269 1587 1337 facile
1600 1289 1632 1336 se
1650 1269 1689 1337 ad
1703 1271 1743 1338 in·

202 1373 349 1440 tellectum
370 1393 480 1459 sequax
501 1394 606 1443 sensus
628 1378 804 1444 intenderet.
831 1377 907 1444 Nem
933 1396 999 1445 cum
1028 1379 1126 1445 littera
1152 1377 1278 1456 occidat,
1300 1377 1422 1460 spiritus
1442 1387 1539 1443 autom
1560 1379 1695 1447 rivilicet
1707 1388 1745 1462 1),

201 1499 321 1548 necesse
340 1492 386 1548 cst
405 1483 445 1549 ad
465 1482 516 1548 illa
536 1485 709 1568 spiritalium
731 1486 866 1551 interiora
892 1504 1058 1552 sermonum
1079 1485 1184 1569 spiritu
1207 1484 1380 1552 vivificante
1399 1485 1555 1568 penetrari.
1575 1486 1748 1556 Universum

202 1606 322 1672 prorsus
342 1589 521 1673 Scripturaar
544 1601 604 1656 tem
618 1595 728 1659 veteris
743 1594 928 1661 instrumenti
950 1613 1037 1677 quum
1060 1593 1143 1671 nori,
1166 1592 1204 1658 ud
1225 1592 1407 1658 intellectum
1428 1593 1616 1676 allegoricum
1631 1597 1658 1677 1)
1680 1617 1747 1666 esse

201 1697 374 1763 sumendam
393 1698 531 1765 admonet
549 1717 605 1764 uos
622 1700 670 1766 rel
687 1701 759 1766 illud
773 1702 849 1787 quod
871 1701 902 1766 in
923 1701 1018 1767 reteri
1032 1700 1217 1766 Testameuto
1232 1698 1372 1782 legimus:
1389 1700 1528 1783 Aperiunt
1548 1703 1580 1766 in
1595 1703 1747 1786 parobolis

200 1823 233 1868 os
252 1824 356 1882 meum,
380 1804 482 1889 loquor
501 1809 847 1893 connumeretque.
864 1807 914 1876 llel
937 1809 1005 1874 item
1027 1807 1099 1873 illud
1120 1806 1197 1890 quod
1220 1807 1250 1872 in
1276 1826 1355 1873 noro
1375 1807 1562 1874 Testamento
1584 1809 1693 1893 legitur
1707 1816 1743 1892 ⁷):

205 1913 284 1978 Haec
304 1915 400 1978 omnio
421 1913 529 1980 locutus
549 1919 641 1979 estin
660 1916 810 1999 porobmis
830 1915 871 1981 od
892 1915 1001 1996 turon,
1024 1921 1052 1978 et
1068 1916 1129 1980 sine
1146 1914 1295 1998 parobolis
1314 1934 1371 1978 non
1393 1915 1558 2000 loquelatur
1578 1919 1630 1983 eis.

241 2019 303 2083 Nec
317 2019 480 2085 mirandum
495 2021 574 2104 quod
587 2040 683 2086 sermo
697 2021 831 2101 divinus,
847 2021 1056 2104 prophetarum
1077 2020 1336 2103 apostolorumque
1355 2038 1406 2086 ore
1420 2021 1564 2104 prolatus,
1581 2025 1620 2088 ab
1634 2025 1746 2092 usitato

200 2126 252 2192 illo
271 2127 439 2192 hominibus
458 2128 606 2193 scribendi
628 2129 713 2194 modo
734 2128 857 2194 multum
882 2128 1047 2208 recesserit,
1078 2127 1206 2193 faciliora
1236 2127 1266 2192 iu
1295 2137 1460 2212 promptum
1490 2129 1615 2210 habeus,
1638 2151 1746 2215 magna

202 2234 392 2301 interioribus
407 2234 469 2300 suis
483 2235 654 2315 continens,
666 2236 737 2319 qnia
750 2244 782 2300 et
793 2252 897 2301 revera
912 2234 968 2300 luit
977 2251 1151 2317 congruum,
1167 2237 1221 2318 [ut]
1235 2252 1317 2299 sacra
1333 2236 1360 2316 ⁸)
1372 2235 1424 2302 Dei
1440 2235 1546 2302 dictae
1560 2237 1664 2302 ceteris
1677 2239 1747 2304 scri·

201 2338 272 2424 ptis,
293 2338 369 2404 sicut
391 2338 506 2419 merito,
529 2342 571 2406 ite
598 2350 630 2407 et
656 2345 766 2424 specie,
788 2341 1033 2420 discernerentur,
1055 2358 1094 2406 ne
1120 2340 1171 2406 illa
1199 2341 1351 2409 celestium
1379 2361 1550 2409 arcanorum
1564 2345 1591 2425 ⁹)
1614 2345 1746 2428 dignitas

202 2444 314 2529 passim
328 2455 417 2530 atque
431 2446 591 2512 indiscrete
604 2447 718 2512 cunctis
740 2447 771 2527 [i.
795 2449 824 2529 D]
849 2455 972 2531 pateret,
994 2455 1185 2530 sanctumque
1205 2448 1328 2514 canibus
1348 2459 1379 2516 et
1393 2450 1569 2532 margaritus
1584 2451 1680 2534 porcis
1693 2471 1745 2518 er·

102 2535 116 2552 ⁶
201 2561 325 2635 poneret
341 2554 388 2634 11),
404 2562 437 2618 ut
457 2571 527 2620 rere
547 2554 585 2619 ad
601 2553 680 2618 illius
693 2554 837 2620 columbe
857 2554 1061 2637 deargentatae
1081 2553 1212 2634 modum,
1235 2555 1317 2640 cujus
1338 2555 1499 2640 posteriora
1522 2556 1552 2621 in
1572 2558 1670 2642 specie
1682 2559 1744 2623 auri

201 2660 387 2745 splendentia
403 2665 436 2742 11)
456 2660 615 2742 inradiant,
632 2662 672 2728 ita
692 2662 847 2747 scripturae
860 2661 971 2727 divine
984 2662 1078 2746 primu
1098 2680 1223 2746 quaeque
1242 2671 1366 2744 argeum
1388 2660 1543 2744 fulgerent,
1558 2681 1631 2729 auro
1646 2664 1748 2746 ,occul-

203 2766 276 2832 tiora
291 2768 448 2835 rutilarent
463 2771 515 2850 ¹¹).
531 2770 621 2836 Recte
635 2770 735 2854 itaque
749 2779 937 2854 procuratum
958 2780 1014 2850 est,
1037 2779 1071 2835 ut
1086 2769 1133 2834 illa
1147 2768 1330 2853 eloquiorum
1348 2769 1472 2835 castitas
1486 2771 1658 2855 promiscuis
1669 2789 1748 2836 cun-

205 2884 318 2941 ctorum
334 2879 367 2960 11)
385 2876 477 2941 oculis
491 2876 592 2942 abdito
611 2895 665 2942 suo
685 2877 769 2960 quasi
789 2876 917 2960 quodam
938 2875 1088 2958 pudicitie
1108 2878 1256 2942 velamine
1276 2886 1494 2956 mnteperctun
1515 2892 1552 2940 ac
1571 2875 1675 2944 diuina
1696 2894 1748 2962 op-

202 2984 274 3048 tima
295 2983 513 3067 dispensatione
532 2984 682 3067 provisum
703 2993 760 3061 est,
784 2995 818 3048 ut
837 2982 946 3066 scripta
968 2983 1032 3066 ipsa
1060 2983 1101 3048 ita
1124 2992 1300 3065 tegerentur,
1323 2983 1480 3050 celestibus
1499 2982 1673 3049 obumbrata
1694 2985 1746 3049 mi-

201 3089 311 3170 steriis,
333 3091 408 3156 sicut
429 3103 545 3156 secreto
560 3095 597 3170 ¹⁴)
618 3109 672 3156 suo
692 3091 755 3174 ipsa
776 3090 925 3156 Divinitas
946 3089 1143 3172 operiebatur.

239 3199 334 3283 lgitur
354 3219 420 3266 cum
443 3201 472 3265 iu
492 3200 577 3266 libris
597 3199 707 3265 sanetis
721 3197 796 3264 oculi
812 3199 928 3264 Domini
945 3203 994 3278 11),
1017 3207 1117 3264 uterus
1137 3196 1267 3277 Domini,
1288 3198 1389 3281 pedes,
1413 3214 1494 3264 arma
1515 3201 1604 3265 etiam
1623 3198 1741 3265 Domini

200 3305 310 3388 scripta
333 3307 530 3389 reperiantur,
553 3306 700 3389 longeque
719 3305 833 3370 absita
854 3304 996 3370 catholica
1017 3304 1205 3371 ecclesiarum
1221 3304 1278 3371 lude
1293 3303 1386 3368 Deum
1402 3309 1438 3383 ¹⁸)
1459 3321 1580 3387 corpore
1599 3306 1745 3370 determi-

202 3411 278 3492 nari,
292 3413 343 3493 qui
357 3414 398 3478 sit
413 3413 584 3494 invisibilis,
599 3411 902 3496 inconprehensibilis,
918 3410 1050 3478 inlicitus
1060 3415 1111 3493 11),
1122 3411 1329 3494 requirendum
1340 3410 1467 3494 qualiter
1478 3411 1531 3476 ista
1545 3431 1596 3494 per
1607 3411 1746 3497 Spiritum

201 3529 337 3585 sanctum
360 3521 475 3603 figurali
497 3520 678 3604 expositione
699 3529 874 3586 reserentur.
897 3518 951 3583 llic
970 3518 1051 3584 enim
1074 3517 1265 3584 inveniuntur
1285 3516 1334 3582 illu
1357 3517 1492 3584 interiora
1515 3517 1651 3584 dominici
1674 3528 1746 3585 tcm-

202 3624 258 3710 pli;
281 3627 330 3692 lric
352 3627 399 3693 illa
421 3637 723 3695 sanctasanctorum.
746 3626 859 3710 Corpus
879 3643 950 3708 ergo
972 3625 1131 3709 Scripturae
1150 3643 1255 3704 sacrae,
1280 3626 1356 3693 sicut
1371 3626 1506 3706 traditur,
1531 3626 1561 3692 in
1584 3626 1679 3693 littera
1697 3625 1744 3709 11);

200 3734 308 3815 anima,
325 3736 355 3801 in
370 3738 470 3802 morali
485 3757 585 3816 seusu,
601 3737 650 3822 qui
668 3735 797 3820 tropicus
810 3735 933 3815 dicitur;
944 3733 1069 3819 spiritus
1084 3735 1115 3800 in
1130 3737 1280 3819 superiore
1294 3735 1444 3801 intellectu
1457 3738 1506 3817 ¹⁰),
1522 3735 1572 3820 qui
1588 3752 1746 3818 anagogen

200 3840 378 3923 appellatur.
394 3842 489 3922 Quam
505 3842 649 3925 triplicem
663 3843 874 3927 scripturarum
889 3841 1021 3925 regulum
1031 3843 1243 3909 conuenienter
1252 3844 1393 3911 observat
1404 3845 1444 3926 ²⁰)
1457 3844 1600 3910 confessio
1614 3841 1748 3909 Trinita-

235 4059 272 4114 V.
289 4057 426 4131 ¹)Titulo,
439 4074 520 4130 quern
531 4056 637 4126 vulgati
651 4057 793 4127 ignorant,
805 4071 877 4111 nunc
888 4059 948 4128 pri-
1004 4058 1048 4123 iis,
1069 4058 1173 4111 omisss
1191 4057 1252 4126 ipse
1271 4058 1364 4128 potuit
1382 4057 1557 4128 supprimere
1578 4060 1667 4125 cutus,
1686 4060 1746 4112 ter-

199 4167 274 4205 mum
293 4149 440 4204 edocemur
457 4147 582 4217 apertius
601 4162 683 4217 quam
703 4146 731 4198 in
752 4143 851 4200 Hilarii
872 4146 949 4218 epis·
1001 4143 1320 4215 susqrreEueherius.-
1333 4142 1746 4216 ¹¹)dearqentcto...speciae...

199 4237 273 4304 tole,
299 4235 435 4291 formulas
460 4233 657 4290 llelitonrenes
682 4249 699 4286 s
721 4232 834 4289 versuo
860 4233 948 4288 fuisse
1001 4234 1179 4305 splendentes
1190 4234 1220 4290 C.
1235 4261 1271 4276 -
1284 4233 1330 4287 Ρι.
1345 4247 1431 4300 anxur,
1448 4231 1489 4287 ll.
1500 4237 1581 4298 -¹¹)
1595 4235 1748 4292 suscitarent

200 4327 360 4399 propositas
388 4333 419 4381 ut
446 4326 481 4380 ub
508 4324 646 4380 Eucherio
672 4329 887 4396 exponerentur·
912 4351 946 4364 -
1002 4324 1033 4390 G,
1052 4340 1114 4378 cum
1134 4329 1239 4395 puncto
1266 4323 1363 4395 primas
1384 4322 1488 4378 litteras
1506 4325 1693 4396 superposito.
1712 4355 1748 4369 -

199 4415 219 4480 ’)
239 4418 399 4488 spiritualis
417 4415 499 4472 codd.
518 4421 548 4470 et
565 4414 627 4470 edd.
640 4431 748 4480 omnes,
767 4420 865 4468 contra
883 4413 948 4468 uui·
1002 4419 1038 4477 ¹⁸)
1058 4414 1143 4469 ocoiis
1163 4411 1193 4476 C,
1214 4412 1297 4483 paulo
1320 4417 1385 4484 post
1402 4416 1516 4469 obtima.
1537 4441 1570 4454 -
1584 4416 1620 4485 ¹⁴)
1638 4427 1747 4472 secretu

199 4522 262 4561 curu
281 4515 406 4561 nostrum
422 4505 483 4561 cod.
495 4535 532 4548 -
546 4512 569 4569 t)
582 4505 686 4561 lterum
699 4504 760 4561 cod.
775 4506 945 4561 emistimabi.
1000 4518 1053 4557 sno
1072 4501 1103 4555 C.
1116 4530 1151 4543 -
1165 4509 1200 4565 ¹³)
1220 4499 1322 4554 inrum
1337 4500 1461 4573 cmagis
1480 4499 1589 4556 ridetur
1606 4510 1701 4556 cestus
1719 4509 1748 4557 et

198 4625 233 4637 -
248 4594 275 4670 ⁴)
302 4595 446 4669 Viuiflcaet
464 4593 495 4650 C.
513 4596 630 4650 Frustra
642 4601 721 4651 retus
734 4613 788 4651 em.
807 4594 944 4666 Vicificct.
1001 4591 1113 4645 sobrius
1132 4606 1214 4661 quarn
1233 4590 1327 4644 caeteri
1341 4605 1409 4644 mss.
1422 4597 1451 4643 et
1462 4587 1586 4654 vulgati:
1600 4591 1676 4647 oculi
1690 4593 1747 4647 Do·

200 4684 244 4741 ct.
258 4699 277 4739 rr
292 4683 355 4741 Cor.
366 4701 407 4753 ιιι,
419 4684 447 4740 6.
458 4715 494 4727 -
507 4687 531 4756 ⁶)
545 4685 733 4757 allepnricnm
744 4687 774 4741 c.
786 4713 822 4727 -
835 4692 858 4748 6)
872 4689 946 4757 iniq·
1000 4683 1085 4736 mini.
1099 4696 1130 4735 cs
1143 4681 1268 4742 Domini,
1281 4689 1382 4734 uterne
1401 4680 1524 4740 Domini.
1537 4695 1651 4738 manns.
1663 4679 1747 4748 pedes

200 4783 277 4829 matu
296 4776 327 4831 C·
349 4775 395 4830 Pa.
416 4790 522 4846 taxati,
541 4773 567 4830 2.
587 4804 623 4817 -
638 4775 664 4846 ⁷)
687 4775 775 4830 Marc.
794 4791 831 4843 ru,
849 4773 891 4832 16.
912 4803 946 4816 -
1001 4770 1126 4830 Domini.
1147 4785 1230 4823 arms
1249 4769 1366 4824 Domini
1383 4775 1437 4824 etc.
1454 4795 1485 4811 -·
1500 4769 1748 4838 Repperiuntnrc

199 4871 222 4928 ⁸)
242 4881 329 4937 supra
354 4864 385 4919 (i.
410 4867 524 4936 pressim.
545 4895 581 4907 -
600 4869 623 4930 ι)
643 4867 838 4920 archanorum
861 4865 892 4921 c,
911 4895 947 4907 -
999 4863 1171 4914 constanter·
1184 4887 1219 4899 -
1232 4865 1268 4929 1θ)
1281 4861 1339 4914 Deo
1358 4858 1388 4913 C.
1409 4887 1443 4900 -
1456 4865 1492 4921 17)
1512 4859 1680 4924 irrcieedilis,
1700 4861 1747 4913 in·

198 4952 293 5024 adquae
303 4952 334 5009 C.
348 4981 384 4995 -
395 4950 435 5026 ¹⁰)
448 4952 549 5009 llaltlr.
560 4969 618 5019 xer,
628 4952 655 5007 6.
669 4953 720 5007 Huc
732 4958 827 5007 eontra
838 4953 855 5005 t
865 4954 945 5011 codd.
1000 4950 1258 5020 conprehensedilis
1278 4950 1307 5009 C.
1326 4953 1355 5002 et
1373 4964 1437 5002 mox
1449 4949 1599 5020 βιαταὶ)...
1618 4946 1680 5000 edd.
1699 4947 1748 5002 ed·

198 5040 302 5096 addunt
322 5041 384 5096 edd.
398 5043 609 5098 Eteonsecrota
623 5059 693 5097 uaso
704 5043 800 5112 templi
816 5044 946 5098 insoluta
1000 5039 1068 5095 dunt
1087 5039 1335 5096 incommutabilis.
1349 5068 1383 5078 -
1397 5046 1434 5102 18)
1455 5039 1580 5106 Pereunt
1598 5035 1647 5090 alii
1667 5037 1747 5091 codd.

196 5135 376 5199 promiscuus
384 5133 507 5203 populns
515 5133 612 5205 ferret,
626 5148 678 5186 nec
689 5131 798 5186 videret
808 5141 835 5186 et
844 5145 876 5186 nr
890 5135 944 5184 etc.
1000 5134 1029 5183 et
1041 5128 1102 5184 edd.
1117 5131 1220 5184 otiose:
1234 5130 1443 5201 nenipmotillns
1462 5132 1631 5184 retectis·
1645 5135 1680 5190 19)
1700 5128 1747 5180 in-

200 5218 266 5273 Cum
285 5234 349 5274 mox
369 5223 495 5274 recurrat
511 5223 681 5289 promiscuis
700 5229 867 5274 cunctorum
882 5237 945 5273 ocn-
1001 5219 1124 5274 teilectns
1143 5217 1173 5273 0.
1188 5247 1222 5258 ·-
1235 5225 1272 5276 ²⁰>
1286 5219 1415 5274 obserbat
1427 5217 1457 5284 C,
1471 5217 1570 5272 deinde
1590 5219 1705 5289 incipet,
1719 5220 1747 5269 et
