4038 6088
256 507 314 570 tat
455 513 462 524 “
860 500 997 566 SANCTI
1017 500 1200 569 nouantur

256 676 322 740 quae
338 657 410 722 laiso
426 655 690 734 nominecondita,
706 653 961 732 circumferuntur,
977 648 1070 717 donec
1090 651 1200 718 critica
1219 649 1293 715 artis
1314 667 1379 733 ope,
1393 658 1446 714 aut
1460 665 1591 732 purpura
1606 667 1623 715 a
1636 651 1690 716 rili
1706 670 1802 734 panno

256 773 437 842 secernatur,
459 773 511 826 aut
532 761 631 844 spuria
651 771 683 825 66
703 760 834 825 adultera
855 758 968 824 soboles
988 758 1027 824 ab
1049 760 1240 841 ingenuorum
1262 757 1420 822 liberorum
1440 756 1527 822 domo
1547 758 1718 842 expellatur.

293 870 358 936 Duo
372 870 601 952 corruptelarum
619 867 754 951 exempla
774 884 836 950 prm
855 865 970 931 cacteris
991 873 1094 930 notatu
1115 864 1207 946 digna
1228 873 1306 940 sunt,
1326 883 1418 952 unum
1439 865 1517 957 inter
1530 867 1661 947 Grecos,
1676 866 1800 932 alterum

255 984 334 1046 inter
354 980 484 1045 Latinos.
985 975 993 990 '

296 1086 327 1150 S.
341 1086 480 1152 Germani
493 1082 805 1167 constantinopolitani
821 1092 980 1167 syntagma
991 1084 1062 1149 illud
1076 1085 1148 1149 tanti
1161 1086 1310 1163 momenti,
1322 1086 1352 1150 in
1364 1105 1421 1169 quo
1434 1103 1524 1151 sacrae
1534 1086 1678 1168 liturgia
1689 1095 1803 1168 myste-

256 1191 330 1255 rium
351 1202 382 1256 et
402 1191 593 1256 reconomiam
621 1188 729 1255 diserte
750 1189 895 1271 exposuit,
919 1207 971 1272 per
998 1189 1126 1253 omnium
1154 1209 1259 1254 manus
1287 1190 1432 1256 editorum
1451 1201 1482 1256 et
1503 1192 1638 1257 lectorum
1660 1192 1801 1257 hactenus

258 1299 384 1377 transiit,
401 1307 482 1363 tanta
497 1316 563 1362 cum
575 1297 700 1362 audacia
714 1295 911 1377 deturpatum,
936 1304 970 1358 ut
988 1296 1079 1361 etiam
1100 1297 1214 1362 arabica
1236 1307 1267 1362 66
1288 1298 1396 1362 turcica
1411 1298 1504 1364 uerba
1519 1298 1672 1383 receperit,
1687 1307 1719 1362 et
1733 1315 1800 1379 pars

256 1406 409 1488 plusquam
429 1406 552 1471 dimidia
575 1404 693 1469 falsario
714 1413 773 1469 tota
795 1409 834 1466 sit
854 1403 1039 1483 ascribenda,
1065 1403 1093 1468 id
1114 1404 1193 1487 quod
1214 1405 1371 1470 luculentis
1389 1406 1573 1489 argumentis
1598 1405 1797 1469 demonstrare

257 1533 344 1598 quarn
366 1515 424 1579 cito
444 1515 581 1594 studebo,
604 1531 694 1596 quum
715 1530 885 1594 germanum
907 1532 979 1596 opus
1000 1515 1030 1577 in
1052 1513 1139 1597 plena
1161 1515 1225 1580 luce
1246 1514 1363 1579 tandem
1385 1514 1562 1580 restituerim
1577 1520 1610 1588 ¹).

296 1623 443 1688 Eucherio
456 1634 556 1688 nostro
572 1623 659 1701 idem,
677 1639 713 1686 ac
727 1623 848 1687 tortasse
862 1621 947 1704 pejus
967 1621 1083 1686 accidit.
1107 1621 1212 1686 Statim
1235 1631 1267 1685 66
1287 1621 1416 1687 animum
1428 1620 1512 1686 Claui
1528 1618 1727 1686 llelitonianae
1741 1628 1802 1682 turn

258 1730 384 1814 primum
397 1731 526 1809 admo'vi,
538 1731 613 1796 duce
623 1729 745 1796 Gellerio
756 1738 867 1807 nostro,
881 1730 943 1812 ipso
954 1739 1148 1796 monentenc
1161 1730 1271 1794 similes
1285 1739 1442 1813 utcumque
1455 1747 1521 1798 6666
1531 1728 1665 1794 Eucherii
1677 1739 1707 1793 et
1721 1727 1805 1794 11611-

258 1839 335 1904 tonis
351 1838 516 1918 Fornulos,
531 1839 609 1902 illico
624 1838 848 1920 Lugdunensem
860 1839 981 1905 Patrem
992 1838 1205 1906 bibliothecam
1221 1841 1293 1918 adii,
1305 1857 1358 1923 spe
1373 1840 1471 1918 nixus,
1483 1849 1619 1903 sanctum
1632 1837 1803 1901 lintistitem

259 1945 339 2030 apud
354 1964 422 2011 suos
436 1945 558 2029 dignum
579 1945 724 2029 recepisse
745 1946 915 2029 hospitium.
938 1947 994 2014 Vix
1016 1958 1114 2011 autmn
1135 1947 1230 2012 dicam
1252 1965 1342 2012 senex
1364 1964 1432 2030 ego,
1454 1955 1564 2030 quanta
1577 1943 1680 2029 J'ureni
1695 1953 1803 2010 stoma·

258 2052 313 2118 cbo
329 2053 446 2117 fastidia
461 2055 611 2119 mouerint
625 2051 782 2116 E'crmuloe
796 2051 864 2115 illue
876 2051 1023 2134 spiritalia
1036 2051 1244 2135 uoluptatem,
1260 2071 1335 2136 quas
1348 2052 1462 2133 decoxi,
1479 2051 1631 2134 indigestis
1646 2050 1720 2116 adeo
1733 2067 1803 2115 con·

257 2161 472 2244 sarcinatisque
492 2161 680 2226 lemmatibus
701 2159 849 2242 impletas,
872 2160 1003 2238 obtusas,
1025 2161 1157 2226 obrutas.

298 2269 428 2349 Etenim,
452 2269 586 2350 neglecta
607 2267 736 2334 editione
757 2269 892 2352 principe
913 2269 1085 2349 Parisiensi,
1106 2287 1124 2334 a
1145 2270 1305 2337 Cratandio
1325 2270 1450 2355 repetita
1473 2291 1502 2337 a.
1519 2270 1609 2347 1636,
1626 2267 1801 2334 maleieriati

258 2377 386 2445 aditores
396 2377 619 2460 Lugdunenses,
631 2378 719 2461 longo
733 2378 852 2458 agmine
862 2397 1004 2444 caecorum
1017 2378 1254 2459 praeambulante,
1266 2379 1409 2443 ambabus
1424 2378 1499 2443 ulnis
1515 2383 1686 2459 receperunt
1697 2375 1803 2440 libmm

259 2485 364 2551 misere
378 2495 496 2550 auctum
510 2493 542 2550 et
554 2483 781 2549 dehonestatum
796 2485 834 2550 ab
850 2485 1015 2551 Alexandro
1028 2487 1213 2565 Brassicano,
1225 2503 1254 2549 6.
1272 2486 1362 2551 ruat.
1379 2486 1496 2549 Utinam
1513 2483 1563 2549 ille
1577 2483 1696 2548 omnino
1710 2481 1801 2546 absti-

259 2610 329 2657 nere
343 2611 375 2656 66
391 2593 492 2675 jussos
512 2591 601 2656 inerit
621 2592 660 2657 ab
681 2591 809 2658 16166666
837 2594 945 2675 labore,
967 2595 1051 2679 cujus
1080 2605 1182 2660 testem
1203 2595 1332 2660 advocat
1352 2593 1507 2678 quemdam
1528 2593 1636 2657 lanum
1657 2591 1801 2656 amicum:

261 2697 430 2764 «oculatus
451 2698 514 2782 ipse
534 2696 607 2760 mibi
631 2698 715 2763 testis
744 2716 788 2777 es,
811 2698 850 2762 mi
878 2698 962 2778 June,
987 2709 1130 2782 quantum
1157 2699 1229 2764 mihi
1254 2699 1365 2765 laboris
1384 2698 1626 2775 exhauriendum,
1650 2698 1749 2777 immo,
1773 2706 1806 2761 ut

259 2805 361 2871 verius
380 2805 488 2884 diram,
510 2817 653 2890 quantum
676 2807 760 2910 taedii
776 2807 991 2892 cxsorlpendum
1011 2806 1110 2886 luerit,
1134 2809 1164 2871 in
1186 2805 1375 2872 restituendis
1395 2823 1430 2869 ac
1455 2803 1649 2886 repurgandis
1668 2801 1804 2867 Eucherii

258 2915 443 2999 spiritalibus
456 2915 515 2979 illis
528 2916 669 2980 lormulis.
686 2939 700 2975 o
718 2916 795 2981 Sane
815 2915 977 2981 casimirus
998 2915 1145 2991 Oudinus,
1168 2917 1220 2998 qui
1243 2915 1402 2999 principem
1416 2913 1574 2978 editionem
1588 2913 1665 2976 circa
1679 2927 1709 2975 6.
1726 2910 1802 2975 1636

260 3022 369 3106 posuit,
385 3023 569 3107 contulitque
590 3042 657 3088 curn
679 3023 764 3088 codd.
788 3015 1004 3087 Parisiensihus
1024 3023 1049 3087 ll
1070 3021 1179 3103 saecnli,
1203 3031 1281 3087 recte
1303 3019 1518 3104 pronuntiauit,
1549 3017 1805 3100 «Lugdunensem

259 3130 418 3196 editionem
439 3131 528 3214 duplo
549 3149 614 3196 esse
642 3131 814 3209 auctiorem,
837 3140 866 3196 et
893 3129 1048 3195 innumera
1069 3129 1178 3196 habere
1200 3128 1328 3195 admixta
1356 3146 1391 3192 ex
1419 3125 1586 3191 auctoribus
1607 3125 1638 3190 S.
1659 3123 1805 3189 Eucherio

260 3237 480 3320 posterioribus,
497 3245 527 3302 et
547 3236 675 3302 maxime
696 3256 731 3301 ex
753 3237 784 3302 S.
807 3235 950 3319 Gregorio
972 3253 1060 3318 papa,
1083 3236 1158 3301 adeo
1179 3244 1211 3301 ut
1231 3237 1390 3317 genuinum
1414 3232 1491 3298 istud
1512 3250 1585 3316 opus
1600 3230 1737 3296 Eucherii
1750 3229 1803 3294 uix

260 3343 386 3410 mediam
407 3353 521 3427 partem
542 3343 694 3410 contineat
714 3361 816 3409 corum
837 3361 905 3427 qum
927 3342 958 3406 in
979 3341 1094 3406 ultimis
1115 3341 1201 3424 hujus
1224 3339 1289 3405 libri
1310 3338 1489 3405 editionibus
1511 3338 1651 3420 impressa
1671 3335 1769 3400 sinti.

301 3449 545 3532 Quamprimum
567 3449 636 3514 olim
659 3449 750 3530 licuit,
773 3466 828 3530 ego
852 3456 909 3512 tres
930 3446 1101 3512 collustrari
1123 3445 1208 3510 codd.
1233 3445 1424 3524 Parisienses,
1447 3444 1574 3523 eosdem,
1597 3443 1712 3524 opinor,
1731 3459 1804 3524 qnos

259 3556 394 3622 oudinus
413 3556 564 3638 inscripsit
576 3556 651 3639 lieg.
668 3556 759 3633 3196,
775 3553 906 3619 Golbert.
930 3553 1019 3633 1893,
1041 3554 1072 3618 8.
1096 3553 1196 3618 Germ.
1223 3553 1294 3631 966,
1310 3570 1390 3618 nunc
1403 3569 1476 3618 uero
1489 3549 1585 3614 Paris.
1602 3549 1695 3628 1191,
1712 3547 1802 3625 utta,

263 3666 375 3743 13336,
398 3683 522 3747 quorum
543 3663 657 3729 collatis
681 3663 879 3730 varietatibus
905 3681 974 3728 eum
1000 3663 1128 3730 editione
1156 3662 1346 3745 aliquatenus
1373 3658 1543 3739 sinceriore,
1565 3675 1655 3740 quarn
1675 3675 1704 3720 u.
1727 3654 1805 3719 1616

263 3753 457 3853 procurarunt
477 3771 535 3835 duo
555 3769 688 3835 monachi
711 3770 899 3850 Lirinenses,
920 3771 1080 3852 Dionysius
1105 3769 1274 3836 Faucberus
1302 3778 1334 3834 et
1364 3767 1535 3837 Vincentius
1559 3765 1711 3843 liarallus,
1733 3762 1803 3827 ani-

263 3896 328 3943 mus
341 3886 405 3943 erat
420 3886 473 3942 666
492 3878 652 3959 genuinum
673 3895 710 3943 ex
732 3876 847 3958 integro
866 3894 942 3960 opus
962 3893 1118 3954 renouare,
1139 3884 1191 3939 666
1210 3891 1323 3939 norum
1343 3873 1460 3956 exigere
1479 3889 1634 3938 excursum
1648 3869 1688 3934 ud
1701 3869 1804 3934 laniem

262 3986 326 4068 eius
339 3995 476 4051 accurate
489 3985 724 4064 describendam,
741 4003 780 4051 ne
790 3987 874 4069 juxta
891 3985 1011 4050 Clavem
1026 3984 1245 4049 llelitonianam
1267 3983 1377 4068 primns
1398 3983 1461 4066 ejus
1481 3990 1512 4048 et
1525 3979 1750 4064 antiquissimus
1763 3979 1805 4043 in·

265 4105 378 4180 terpres
391 4095 619 4161 desideraretur.
636 4093 808 4161 Suadebant
823 4095 1024 4162 abundantius
1044 4113 1179 4178 porgere,
1202 4109 1238 4159 ea
1258 4109 1326 4175 quaa
1343 4092 1403 4175 jam
1426 4091 1507 4172 larga
1525 4106 1615 4154 mann
1628 4088 1747 4170 exsequi
1760 4087 1805 4170 ju-

263 4203 309 4268 vit
325 4205 355 4267 in
371 4202 476 4284 Spicil.
498 4202 561 4267 Sol.
587 4213 608 4266 6.
631 4202 685 4282 111,
708 4223 737 4286 p.
760 4203 910 4282 ltu-too,
932 4213 966 4269 nt
986 4202 1131 4269 Glossulis
1151 4201 1342 4266 Eucherianis
1362 4217 1481 4264 nurnero
1494 4197 1624 4276 CCCXC,
1641 4213 1714 4278 quas
1728 4194 1805 4272 dedi,

262 4309 429 4375 necessario
444 4308 563 4374 vinculo
575 4309 768 4392 iungerentur
782 4311 909 4394 majores
924 4310 1025 4376 1116666
1044 4311 1167 4374 sincerm
1185 4306 1353 4373 Fornulos.
1371 4306 1429 4371 Sed
1449 4304 1586 4371 obstabat
1599 4303 1804 4369 anecdotorum

263 4416 338 4481 ratio
352 4425 489 4480 constans
504 4425 534 4480 66
549 4415 697 4480 solemnis.
720 4417 864 4500 Equidem
884 4435 944 4481 non
965 4415 1087 4481 deerant
1108 4415 1230 4496 integrm
1252 4415 1350 4498 plnres
1373 4411 1500 4496 pagina,
1520 4429 1587 4494 qne
1602 4419 1669 4493 post
1681 4420 1805 4494 quatuor

263 4519 356 4586 decim
370 4521 477 4586 saecula
494 4522 588 4586 lucem
608 4531 764 4606 expectant
784 4521 918 4604 primam.
943 4521 1073 4585 Aderant
1093 4538 1171 4584 nora
1193 4519 1324 4584 auctaria
1346 4519 1512 4596 innumera,
1535 4517 1643 4600 quibus
1657 4514 1804 4597 margines

261 4628 405 4694 editionis
424 4647 498 4695 merc
519 4628 688 4696 nouissime
708 4630 847 4696 videbam
867 4629 1011 4713 oppletos.
1033 4628 1069 4693 ln
1089 4626 1191 4711 primis
1212 4628 1403 4693 vehementer
1422 4625 1552 4689 animum
1573 4623 1731 4690 mouebant
1745 4638 1803 4685 ru-

262 4735 394 4817 rietates,
410 4734 558 4817 elegantia
573 4735 718 4817 insignes,
740 4735 865 4800 latentes
878 4734 1005 4816 quidem
1026 4732 1082 4798 sub
1102 4731 1268 4798 incredibili
1290 4731 1452 4815 squallore;
1475 4730 1583 4815 quibus
1596 4749 1668 4796 vero
1682 4727 1805 4796 detectis

261 4840 392 4923 emicuit,
415 4841 464 4908 rel
484 4858 533 4905 me
553 4840 681 4920 nolente,
703 4839 787 4924 quasi
809 4858 921 4906 norum
940 4849 971 4905 et
990 4858 1093 4906 recens
1113 4859 1198 4924 opus,
1221 4840 1258 4906 ab
1278 4841 1342 4922 ipso
1363 4839 1513 4905 conditore
1532 4840 1725 4922 castigatum,
1742 4837 1800 4904 ite-

262 4969 387 5030 rumque
407 4959 438 5016 et
458 4949 565 5014 iterum
585 4949 774 5032 perpolitum.

302 5059 381 5126 11616
396 5058 515 5124 tandem
530 5057 620 5122 codex
635 5055 733 5121 666611
747 5054 836 5122 sexti.
853 5053 931 5122 llicit
944 5054 1089 5136 scriptura
1109 5055 1276 5139 synchrono
1299 5053 1519 5138 propemodum.
1539 5053 1614 5132 llicit
1626 5053 1698 5118 ordo
1711 5068 1806 5116 nurus

302 5261 322 5316 ¹)
344 5255 431 5310 Vetus
449 5255 517 5309 mihi
530 5259 623 5309 votum
635 5259 688 5318 ert,
701 5258 730 5306 et
741 5251 855 5308 rancida
874 5251 942 5306 fides
951 5254 1009 5322 jam
1028 5253 1093 5308 tata
1104 5269 1130 5307 a.
1148 5251 1225 5325 1868,
1239 5255 1268 5308 in
1287 5253 1350 5310 Jor.
1373 5255 1438 5309 eccl.
1461 5251 1595 5308 Graecor.
1616 5255 1637 5307 t.
1651 5267 1683 5319 rr,
1696 5268 1724 5321 p.
1738 5245 1804 5304 297.
