3976 6078
975 593 1023 664 IX

217 737 350 826 glectis
388 737 704 826 grammaticorum
737 737 926 808 lenociniis
963 742 1000 808 et
1024 757 1246 827 quocumque
1271 760 1369 812 aurae
1404 742 1589 832 popularis
1625 744 1773 827 ambitu,

218 837 402 926 inauditus
427 859 521 944 apud
543 861 687 926 veteres
711 856 853 926 dicendi
877 856 1038 925 nascitur
1060 857 1159 939 ordo,
1185 875 1336 928 severus
1361 862 1397 928 et
1420 879 1538 950 asper,
1565 863 1694 943 audax,
1721 863 1779 931 in-

217 993 372 1061 genuus,
398 976 509 1043 durus
544 973 737 1060 aliquando
774 975 812 1042 et
846 973 1032 1060 abruptus,
1058 992 1100 1043 eo
1136 989 1249 1062 usquc
1275 976 1500 1059 insolentior,
1527 981 1568 1048 ut
1589 980 1779 1049 deficiente

216 1092 337 1180 prisca
359 1091 506 1180 loquela
528 1093 573 1160 ad
589 1091 714 1160 divina
729 1091 898 1176 dogmata
922 1092 1194 1165 enuntiandum,
1220 1111 1317 1180 saepe
1336 1113 1432 1164 nova
1456 1094 1583 1180 lingua
1607 1097 1710 1182 quasi
1736 1114 1779 1165 ex

218 1208 509 1280 concionatorum
544 1209 744 1278 visceribus
767 1210 804 1277 et
841 1207 981 1278 ossibus
1005 1207 1200 1278 exdieatur.
1237 1211 1393 1278 Tandem
1418 1213 1514 1278 enirn
1547 1231 1648 1294 vero,
1685 1213 1779 1299 quod

216 1325 356 1396 Tullius
379 1327 499 1414 potius
523 1327 702 1396 salutabat
737 1326 889 1412 alonge
924 1345 1032 1413 quam
1068 1346 1179 1416 prope
1213 1329 1394 1408 cernebat,
1420 1329 1523 1397 adest
1554 1330 1614 1396 vir
1650 1331 1781 1416 probus

219 1443 360 1515 dicendi
383 1445 535 1532 peritus.
1520 1509 1522 1512 .

306 1562 374 1632 Sed
398 1559 605 1631 christianis
630 1561 787 1648 ingeniis
813 1559 932 1631 laetior
954 1561 1045 1632 savit
1077 1565 1115 1633 et
1148 1562 1300 1632 indulsit
1323 1563 1450 1650 lingua
1474 1563 1632 1633 omnium
1655 1583 1773 1634 venu-

220 1677 312 1750 stior
334 1699 415 1767 quaa
437 1681 503 1748 sub
526 1679 603 1748 sole
639 1697 789 1778 usquam
814 1679 1018 1761 insonuere,
1044 1679 1154 1767 longe
1187 1681 1442 1762 amenissima,
1467 1681 1691 1768 plenissima,
1717 1701 1777 1752 ar-

221 1797 425 1885 gutissimo,
446 1795 591 1865 Homeri
610 1799 648 1864 et
664 1795 824 1865 Platonis
849 1796 980 1866 sabula.
999 1798 1113 1866 Fuere
1129 1797 1295 1866 nonnulli
1317 1790 1519 1881 κακόζηλοι,
1544 1800 1672 1886 quibus
1697 1799 1779 1887 pla-

220 1917 295 1984 cuit
319 1912 495 2002 plurimos
519 1915 644 1981 Patres
668 1914 922 1984 dntenicaenos
945 1913 1162 2002 platonicam
1186 1917 1231 1984 ad
1255 1914 1460 2002 palaestram
1492 1917 1647 1995 trudere,
1673 1915 1777 2002 quasi

223 2031 399 2101 socratica
423 2029 555 2118 placita
577 2032 714 2099 temere
738 2032 999 2118 concepissent,
1025 2034 1066 2100 ut
1087 2031 1302 2101 christianas
1328 2015 1409 2101 inda
1444 2035 1644 2102 sententias
1673 2033 1779 2101 adul-

222 2152 301 2218 tero
326 2148 400 2218 fetu
424 2151 655 2235 parturirent.
694 2147 827 2224 Quibus
853 2153 943 2220 satis
967 2154 1003 2218 et
1025 2151 1147 2219 statim
1174 2151 1366 2238 respondet
1389 2151 1646 2230 Tertullianus
1672 2151 1774 2219 aiens

220 2284 386 2336 noanon
416 2267 493 2352 jam
518 2287 563 2337 ex
588 2269 799 2349 Stoicorum,
826 2269 889 2337 sed
926 2266 1126 2336 Salomonis
1151 2285 1195 2336 en
1218 2268 1357 2356 porticu
1391 2269 1573 2336 oriundos.
1613 2269 1658 2336 Ut
1688 2267 1774 2354 quid

220 2403 308 2454 vero
332 2385 437 2454 lateri
461 2403 527 2454 nos
560 2385 771 2473 poenitebit,
798 2384 963 2453 Patribus
987 2385 1120 2453 nostris
1156 2383 1333 2471 placuisse
1359 2385 1545 2472 inprimis
1580 2403 1696 2470 genus
1720 2383 1778 2451 di-

221 2504 322 2572 cendi
371 2502 603 2590 platonicum3
652 2502 726 2570 illis
761 2502 935 2588 potiorem
984 2501 1096 2569 luisse
1143 2500 1301 2588 leporem
1341 2503 1595 2582 academicum
1646 2501 1779 2570 eisdem

219 2621 351 2709 volupe
387 2621 511 2700 luisse,
548 2620 703 2689 Socratis
726 2621 769 2688 ad
807 2619 934 2699 instar,
968 2621 1092 2687 texere
1128 2617 1317 2704 colloquia,
1355 2620 1510 2704 dialogis
1544 2617 1779 2704 gravissimas

223 2737 413 2808 involvere
448 2737 722 2826 disputationes,
759 2739 900 2826 poetica
922 2736 1098 2807 vocabula
1133 2737 1250 2826 plenis
1281 2755 1453 2824 spargere
1488 2737 1664 2815 manibus,
1701 2735 1778 2801 dir-

222 2855 287 2924 caei
323 2854 502 2925 interdum
538 2856 637 2942 cycni
662 2856 852 2924 sublimem
886 2856 1048 2925 volatum
1084 2856 1263 2935 affectare,
1292 2859 1330 2923 ut
1364 2854 1531 2922 coelestes
1566 2834 1777 2940 disciplinas

224 2955 342 3042 minus
367 2975 563 3063 praedicare
588 2993 693 3060 quam
717 2992 846 3042 canere
873 2973 1104 3042 viderenturl
1121 2975 1252 3041 Notatu
1272 2973 1421 3057 dignum
1445 2975 1512 3051 cst,
1532 2971 1776 3056 optimumque

221 3087 316 3160 iactu
352 3089 432 3172 suit,
472 3093 513 3158 ut
546 3109 657 3160 aurea
696 3091 899 3160 Graecorum
939 3089 1085 3178 loquela
1120 3091 1272 3177 primurn
1315 3089 1352 3156 in
1394 3089 1478 3156 orbe
1522 3088 1630 3156 luerit
1675 3085 1777 3155 verbi

226 3207 428 3294 evangelici
454 3207 671 3288 vehiculum,
698 3226 778 3294 quae
801 3227 867 3276 nec
889 3208 1006 3277 solum
1025 3207 1062 3276 in
1086 3208 1231 3276 Oriente
1255 3205 1451 3274 christiano
1469 3205 1641 3284 floruerit,
1662 3222 1779 3290 neque

225 3321 366 3394 tantum
393 3324 565 3394 Ecclesiae
590 3325 808 3395 incunabula
828 3326 955 3411 vagitu
980 3325 1143 3394 beaverit
1164 3324 1281 3405 suavi,
1308 3321 1453 3392 sedvel
1479 3322 1574 3390 inter
1600 3323 1778 3389 Romanos

221 3443 415 3530 italosque,
440 3441 500 3511 vel
526 3441 621 3512 inter
643 3443 765 3512 Gallos
791 3446 984 3523 desiratae,
1010 3444 1150 3511 tantam
1174 3441 1370 3510 obtinuerit
1393 3438 1707 3519 necessitudinem,
1734 3441 1774 3505 ut

221 3577 286 3648 per
308 3561 379 3631 tria
397 3577 510 3648 usque
534 3561 680 3642 saecula,
700 3561 737 3629 in
754 3560 1039 3649 apologistarum
1063 3559 1331 3638 certaminibus
1354 3557 1390 3625 in
1411 3556 1623 3626 velitatione
1647 3555 1779 3624 adver-

222 3694 283 3746 sus
306 3677 508 3760 haereticos,
534 3678 640 3748 etiarn
667 3679 704 3747 in
739 3681 981 3746 Romanorum
1012 3676 1218 3766 pontificum
1245 3675 1373 3744 edictis
1409 3691 1549 3760 graecus
1574 3693 1691 3743 sermo
1715 3690 1780 3760 pe·

222 3797 445 3866 rennaverit.
482 3797 606 3864 Nonne
643 3796 678 3864 in
712 3795 814 3864 horto
840 3794 959 3882 potius
994 3793 1199 3862 academico
1230 3811 1336 3879 quam
1361 3791 1398 3859 in
1427 3792 1578 3860 obscura
1599 3788 1778 3859 catechesi

224 3911 418 3982 Clementis
442 3914 667 4000 Paedagogus
702 3915 805 3983 sedet
828 3915 865 3980 et
887 3911 1163 3980 confabulaturi
1189 3913 1311 3996 Neque
1347 3909 1421 3979 alia
1444 3914 1499 3977 est
1522 3899 1669 3990 διάλεξις
1702 3907 1779 3988 illa,

223 4048 330 4117 quam
355 4051 435 4101 cum
459 4032 646 4119 Tryphone
670 4031 793 4099 Judaeo
817 4030 989 4108 tustinus,
1008 4029 1044 4097 in
1060 4031 1164 4114 xysto
1182 4026 1362 4114 Ephesino
1387 4027 1629 4105 deambulans,
1653 4041 1778 4113 perse-

223 4147 356 4234 quitur.
378 4149 480 4218 Haud
499 4149 722 4235 indignabor,
743 4148 775 4217 si
793 4146 1025 4233 Theophilus,
1045 4127 1260 4232 Autolyeum
1280 4144 1468 4222 allocutus,
1489 4145 1780 4232 deprehendatur

224 4284 285 4335 ore
308 4265 487 4354 platonico
523 4285 688 4353 arguere
714 4285 781 4335 nec
815 4266 847 4334 si
871 4264 1074 4334 Methodius
1099 4264 1136 4332 in
1161 4261 1335 4332 convivio
1360 4262 1550 4348 virginum
1585 4255 1782 4353 ύμνολογεῒ,

223 4388 286 4454 aut
308 4403 388 4454 cum
413 4383 539 4454 amicis
563 4384 599 4452 in
633 4375 770 4479 ἰατρείῳ
794 4381 1041 4469 Aglaophonis
1064 4380 1263 4469 disputans,
1290 4379 1342 4454 ita
1376 4379 1580 4448 academiae
1605 4377 1781 4446 memine-

223 4502 283 4582 rit,
309 4505 351 4570 ut
371 4501 430 4570 vir
452 4503 596 4588 quidam
619 4502 745 4570 doctus
768 4519 892 4570 omnes
917 4499 991 4570 lere
1015 4499 1182 4587 periodos
1219 4497 1452 4585 aucupaverit
1489 4496 1526 4564 in
1550 4497 1720 4576 Phaedro,
1747 4494 1784 4564 iu

223 4618 369 4705 Gorgia,
397 4618 432 4686 in
456 4619 659 4698 Theaetete,
686 4619 722 4687 in
745 4623 896 4707 utroque
921 4618 1105 4687 Alcibiade
1130 4617 1314 4686 latitantes
1340 4615 1378 4704 ¹).

313 4738 381 4806 Sed
404 4740 538 4826 prater
575 4735 813 4808 academicam
849 4737 1108 4818 amoenitatem,
1134 4735 1233 4805 aliud
1257 4737 1313 4803 est
1345 4732 1538 4802 vetustiori
1575 4734 1780 4802 nostrorum

222 4853 498 4944 hierophantum
534 4857 642 4926 choro
677 4857 875 4944 singulare,
913 4855 1095 4943 proprium
1131 4856 1169 4923 et
1208 4851 1446 4934 individuum,
1472 4851 1534 4920 vix
1561 4870 1602 4921 ac
1638 4868 1682 4919 ne
1720 4849 1783 4916 vix

224 4975 366 5060 quidem
392 4975 508 5044 serius
533 4976 791 5056 renovandum,
824 4966 863 5038 rc*
886 4965 969 5062 ὕψος
992 4963 1055 5040 καί
1078 4963 1118 5036 τὰ
1141 4963 1276 5062 cepada,
1303 4971 1425 5040 nescio
1449 4969 1533 5056 quid
1557 4969 1773 5042 archaicum,

223 5090 336 5162 altum
360 5098 398 5162 el
431 5091 659 5181 profundum,
686 5091 789 5180 quasi
824 5091 1038 5160 hieratieum
1067 5088 1210 5159 dicendi
1235 5105 1362 5175 genus,
1388 5089 1545 5158 medium
1581 5083 1782 5188 hellenicas

282 5417 309 5486 l)
325 5419 383 5475 lib.
403 5420 477 5476 lehn.
496 5418 522 5475 S.
545 5418 700 5476 Methodtua
717 5418 909 5487 Hutouizuns,
923 5416 992 5473 itte.
