3998 6080
686 469 811 538 CODEX
832 469 1166 540 ctra0u0hu.tttus
1658 480 1696 544 63

195 623 245 686 tt.
261 621 404 699 Proximi,
419 618 475 686 hoc
487 619 566 704 quod
581 630 611 685 et
624 639 725 704 supra,
741 620 795 685 hoe
808 631 853 686 cst
867 621 1021 706 propinqui
1038 622 1104 688 lide.
1120 622 1154 688 In
1168 623 1337 690 Salomone:
1353 625 1467 704 l'cnitc,
1480 627 1654 694 manducate
1669 640 1698 694 et

154 734 258 813 bibite,
272 743 303 802 et
316 732 511 811 inebriamini,
526 732 649 818 proximi
664 732 732 799 mei.

196 852 246 914 23.
262 849 364 932 Virgo,
379 847 521 927 Ecclesia,
535 865 569 914 co
583 847 662 931 quod
675 847 733 914 tide
754 848 793 912 sit
813 849 994 934 incorrupta.
1010 849 1044 915 In
1066 853 1222 934 hpustulo:
1238 849 1387 934 Despondi
1403 850 1480 934 cuim
1495 871 1550 918 uos
1570 855 1620 918 uni
1634 853 1700 919 uiro

151 965 298 1047 uirginem
312 975 421 1032 castam
435 962 567 1030 exbiberi
580 963 706 1030 Christo.
1519 946 1522 952 ¹

194 1080 244 1144 33.
261 1080 412 1164 Virgines,
427 1080 534 1144 anime
547 1088 726 1157 senatuum,
739 1097 755 1145 a
770 1079 956 1165 corruptione
968 1081 1071 1148 mundi
1085 1099 1138 1166 per
1149 1080 1279 1165 quinque
1291 1099 1395 1146 sensus
1408 1081 1537 1165 corporis
1549 1083 1701 1148 continen-

154 1206 210 1263 tes.
225 1195 260 1262 In
273 1196 453 1280 Evangelio:
472 1194 572 1262 Simile
585 1203 632 1262 est
645 1213 769 1278 reguum
783 1195 923 1261 ooelorum
937 1197 1037 1262 decem
1050 1194 1254 1279 uirginibus...

196 1311 246 1376 tt.
263 1311 410 1394 Virgines,
424 1310 531 1376 animae
544 1310 769 1388 continentium,
782 1328 841 1376 non
855 1320 975 1396 propter
984 1319 1124 1376 abraam
1138 1311 1371 1390 retributionem,
1381 1313 1433 1378 sed
1445 1323 1561 1397 propter
1573 1314 1701 1378 lavarem

156 1427 254 1492 laudis
274 1427 422 1510 humana,
439 1426 490 1492 ubi
505 1436 536 1494 et
555 1445 661 1511 supra:
678 1427 716 1492 Et
730 1425 860 1512 quinque
874 1430 975 1492 fatua.
998 1427 1036 1491 Et
1048 1427 1078 1491 in
1093 1430 1183 1492 hmos
1196 1427 1356 1511 propheta:
1373 1425 1406 1491 In
1422 1425 1472 1492 illa
1492 1427 1553 1506 die,
1568 1426 1704 1492 deficient

158 1541 301 1624 uirgines.

198 1660 248 1723 36.
262 1659 437 1744 lampades,
452 1677 539 1744 opera
550 1658 682 1744 justitiae.
705 1657 740 1723 In
760 1657 936 1742 Evangelio:
960 1658 1143 1741 accipientes
1163 1659 1315 1743 lampades
1335 1676 1417 1736 suas,
1437 1657 1704 1724 exieruutobuiam

157 1783 445 1859 sponscetspcnsa.
1006 1773 1009 1778 '

200 1891 250 1954 tt.
269 1888 394 1968 Sterilis,
409 1897 512 1954 sancta
527 1888 655 1954 Ecclesia
671 1898 741 1954 ante
753 1887 918 1956 &lactoris
932 1890 1105 1957 aduentum.
1121 1890 1154 1955 ln
1175 1891 1278 1956 Esaia:
1302 1891 1413 1970 lauda,
1428 1891 1546 1969 sterilis,
1568 1910 1634 1975 que
1648 1908 1706 1956 uon

160 2005 253 2090 paris.
269 2006 307 2070 lit
320 2007 352 2070 in
366 2004 495 2088 psalmo:
512 2003 570 2083 Qui
587 2002 723 2070 habitere
736 2001 805 2067 lacit
818 2003 947 2070 sterilem
963 2003 993 2068 in
1007 2004 1102 2070 domo.

199 2122 250 2186 21.
267 2120 409 2204 Sponsus,
423 2116 569 2197 Christus,
585 2117 650 2184 ideo
663 2118 742 2202 quod
757 2137 774 2184 a
788 2119 875 2186 Patre
886 2119 925 2186 ab
939 2119 1024 2187 initio
1044 2121 1083 2187 sit
1103 2121 1274 2206 promissus.
1297 2121 1332 2186 ln
1353 2122 1482 2205 psalmo:
1506 2123 1544 2189 Et
1558 2123 1621 2207 ipse
1636 2131 1708 2188 tan-

159 2253 248 2319 quam
261 2252 387 2319 sponsus
400 2233 559 2316 procedens
572 2232 609 2297 de
623 2230 753 2297 thalamo
767 2250 830 2298 suo.

199 2348 250 2412 28.
266 2348 392 2431 Sponsa,
406 2346 548 2425 Ecclesia,
563 2355 596 2413 ut
609 2363 676 2444 qua
688 2347 896 2430 sponsionibus
909 2348 949 2413 sit
964 2349 1117 2433 promissa.
1136 2350 1169 2416 ln
1186 2352 1310 2419 (lentico
1330 2353 1525 2420 canticorum:
1540 2353 1614 2422 Veni
1630 2371 1647 2416 a
1661 2353 1709 2418 hi·

161 2463 250 2543 bann,
266 2479 385 2546 sponsa,
399 2462 469 2529 ueni
484 2479 501 2526 a
515 2461 638 2540 Libano,
654 2461 709 2528 hoc
722 2471 768 2528 est
779 2479 798 2527 a
811 2462 938 2530 candore
952 2463 1148 2549 baptismatis.

200 2580 250 2643 ro.
267 2577 397 2663 Nuptis,
412 2578 558 2664 copulatio
571 2577 660 2646 llerbi
675 2578 729 2644 ltei
750 2586 781 2645 et
800 2577 908 2644 carnis.
924 2577 958 2644 ln
973 2581 1151 2665 Evangelio:
1169 2582 1272 2649 Simile
1285 2593 1331 2650 est
1344 2602 1469 2668 regnum
1491 2585 1630 2650 coelorum
1650 2582 1708 2647 ho·

160 2693 232 2760 mini
247 2695 320 2776 regi,
337 2697 379 2778 [p.
395 2695 445 2775 81]
462 2694 513 2779 qui
529 2693 597 2762 lecit
611 2693 729 2778 nuptias
742 2693 801 2759 lilio
815 2711 879 2758 suo.

205 2812 253 2876 39.
271 2810 400 2896 Nuptiae,
414 2811 541 2877 societas
554 2810 725 2894 angelorum
739 2818 770 2875 et
782 2810 933 2876 bominum
947 2829 999 2895 per
1020 2811 1180 2878 Dominum
1200 2813 1350 2879 Christum
1372 2814 1459 2880 tacu.
1481 2813 1515 2877 ln
1529 2814 1707 2896 Evangelio:

164 2929 203 2993 Et
216 2946 271 2994 ros
284 2927 395 2995 similes
407 2926 577 2994 bominibus
590 2926 816 3012 expectantibus
829 2925 987 2994 Dominum
1000 2947 1097 3008 suum,
1112 2929 1229 3013 quando
1243 2939 1410 2995 reuertatur
1423 2929 1460 2994 ad
1476 2930 1604 3014 nuptias.

204 3047 254 3111 31.
270 3045 441 3124 Thalamus,
456 3053 558 3111 uterus
572 3043 705 3124 Virginis
717 3043 836 3110 hieriae:
853 3043 892 3108 ttt
906 3043 967 3127 ipae
982 3053 1123 3130 tanquam
1137 3063 1263 3130 sponsus
1277 3046 1438 3129 procedens
1452 3047 1488 3112 de
1502 3045 1631 3111 thalamo
1645 3064 1709 3110 suo.

173 3173 175 3176 ’
208 3164 257 3228 32.
273 3161 418 3242 Thalami,
433 3161 519 3227 corda
534 3172 712 3226 sanctorum.
727 3159 761 3224 ln
774 3159 917 3225 Ezechiel.

205 3277 255 3342 33.
271 3276 421 3354 Osculum
435 3274 633 3342 reconciliatio
645 3272 774 3340 bominis
786 3275 819 3340 in
832 3276 939 3355 ileum
951 3278 1027 3342 sicut
1037 3279 1067 3344 in
1078 3278 1254 3361 Evangelio,
1270 3278 1308 3343 de
1321 3277 1444 3361 prodigo
1460 3276 1520 3342 hlio
1534 3277 1656 3343 dicitur:
1674 3277 1713 3340 Et

166 3393 316 3460 osculatus
331 3401 378 3458 est
390 3410 469 3459 eum.
485 3393 522 3458 lit
535 3391 567 3457 in
580 3391 734 3476 Apostolo:
750 3390 939 3457 Reconciliati
953 3410 1056 3456 sumus
1069 3392 1131 3458 Deo
1145 3410 1196 3476 per
1210 3401 1333 3456 mortem
1348 3391 1413 3456 Filii
1427 3393 1500 3475 ejus.

207 3508 257 3573 31.
274 3507 313 3572 lit
326 3507 357 3571 in
370 3507 477 3572 malam
492 3515 623 3592 partem:
640 3506 729 3586 Juda,
744 3506 843 3572 osculo
857 3507 950 3574 tilium
964 3507 1093 3574 hominis
1107 3506 1210 3573 tradis.

207 3625 257 3689 36.
272 3622 371 3701 ltisus,
386 3621 526 3706 gaudium
540 3621 763 3707 sempiternum,
778 3623 855 3690 sicut
870 3622 900 3689 in
913 3623 1068 3690 &lomene
1082 3641 1134 3708 pro
1149 3623 1279 3689 Ecclesia
1299 3622 1421 3689 dicitur:
1438 3623 1476 3687 Et
1489 3622 1595 3688 ridebit
1616 3623 1646 3686 in
1665 3621 1715 3686 die

169 3741 341 3809 nouissimo.

209 3860 259 3925 36.
275 3859 314 3924 Et
326 3859 359 3924 in
373 3857 461 3924 aliam
475 3866 604 3942 parterm
620 3857 684 3940 Ego
698 3873 813 3940 quoque
828 3855 859 3920 iu
874 3854 994 3920 interitu
1008 3863 1108 3920 uestro
1122 3853 1235 3919 ridebo.

209 3975 259 4039 37.
282 3973 409 4051 Saltare,
423 3971 490 4039 totis
503 3970 620 4038 uiribus
633 3971 664 4036 in
678 3970 804 4037 Dumium
824 3970 963 4053 pudere,
985 3969 1061 4034 sicut
1082 3970 1112 4036 in
1133 3969 1207 4034 libro
1227 3968 1341 4052 Regum
1362 3968 1398 4034 de
1419 3968 1517 4034 Dauid
1536 3967 1659 4033 dieitur:
1677 3966 1717 4030 Et

169 4091 297 4157 saltabat
311 4108 410 4156 coram
423 4089 491 4155 ared
505 4087 619 4153 Domini
634 4087 701 4152 totis
714 4087 838 4153 uiribus.

209 4210 258 4274 38.
277 4208 316 4273 Et
329 4208 360 4270 in
375 4205 463 4271 aliam
477 4215 603 4290 partem,
618 4205 649 4269 in
663 4204 845 4287 Evangelio:
861 4202 1055 4268 Cantauimus
1068 4199 1155 4267 robis
1169 4200 1262 4278 tibiis,
1278 4209 1308 4266 et
1322 4218 1382 4265 non
1397 4198 1537 4266 saltastis.

210 4327 259 4391 39.
276 4325 442 4403 Canticum,
457 4323 590 4389 scientia.
606 4320 640 4387 In
655 4322 783 4406 psalmo:
800 4320 923 4386 Cantate
937 4318 1062 4384 Domino
1079 4322 1119 4401 [p.
1137 4317 1214 4382 med.
1232 4317 1282 4398 89]
1298 4316 1445 4382 canticum
1460 4333 1586 4381 novum.

200 4584 248 4641 21.
272 4585 352 4642 Cant.
364 4601 392 4652 v,
409 4583 432 4640 1.
447 4609 481 4624 -·
492 4581 539 4638 22.
554 4596 573 4636 ιι
587 4581 648 4638 Gor.
664 4597 702 4648 xx,
713 4579 740 4635 2.
1004 4576 1049 4633 32.
1071 4574 1172 4632 Mutila
1189 4578 1257 4629 sunt
1275 4592 1337 4646 quae
1356 4573 1406 4629 alii
1425 4572 1504 4629 codd.
1526 4572 1548 4628 f.
1569 4555 1716 4645 supplent:

202 4676 250 4743 23,
268 4673 314 4731 25.
328 4673 429 4729 Matar.
444 4689 512 4741 xxv,
530 4671 553 4728 l.
568 4700 602 4716 -
615 4669 660 4726 24.
674 4673 759 4725 Amos
771 4685 830 4738 urxr,
847 4667 889 4726 13.
969 4671 1007 4725 Et
1025 4681 1140 4723 mensus
1159 4674 1200 4719 est
1219 4665 1375 4718 thalamum
1394 4682 1453 4718 uno
1477 4663 1593 4718 calamo.
1616 4661 1716 4717 Erech.

206 4767 252 4821 26.
273 4766 308 4820 la.
323 4780 378 4832 utu,
394 4761 419 4832 ¹3
433 4763 480 4818 Pr.
496 4777 561 4830 cxix,
580 4761 607 4816 9.
627 4759 719 4814 -27,
734 4758 782 4813 Ps.
796 4759 914 4828 xv111,6.
969 4775 1015 4826 xc,
1034 4756 1063 4811 7.
1083 4783 1118 4798 --
1137 4751 1182 4807 33.
1203 4751 1268 4806 Luc.
1289 4769 1337 4820 xv,
1355 4751 1402 4820 203
1421 4752 1501 4807 Rom.
1521 4769 1550 4817 v,
1574 4748 1605 4804 10

1610 4837 1625 4853 μ

1629 4879 1636 4893 ι

205 4857 253 4912 28.
274 4857 459 4926 sponsalibus
473 4854 493 4909 C
505 4853 556 4907 etl
575 4867 658 4906 mauu
671 4850 737 4904 sort.
751 4848 799 4903 sed
820 4865 916 4902 recens
1005 4844 1050 4900 at.
1071 4844 1136 4898 Luc.
1151 4855 1219 4906 xxrr,
1233 4839 1280 4895 48.
1294 4871 1329 4882 -
1342 4839 1388 4895 35.
1404 4842 1486 4896 Pror.
1500 4855 1577 4906 xxxr,
1591 4839 1626 4893 2ο

171 4951 315 5001 corrector
325 4942 579 5015 importunissimus
589 4939 916 5011 scripsitspottslom'bus,
1006 4935 1050 4990 36.
1071 4935 1153 4992 Prov.
1171 4950 1190 5002 t,
1206 4931 1251 4986 26.
1265 4961 1301 4974 -
1314 4930 1528 5000 37.11Reg.v1‚
1546 4929 1586 4984 ll.

173 5035 260 5101 foeda,
280 5039 312 5087 ut
329 5033 444 5103 passim,
463 5031 558 5086 codice
578 5029 725 5083 maculato.
747 5029 823 5084 cant.
839 5045 876 5092 tu,
889 5029 917 5080 8.
1008 5025 1052 5079 38.
1072 5023 1138 5078 Luc.
1152 5040 1200 5091 uxr,
1214 5021 1257 5078 32.

209 5123 256 5179 29.
278 5121 380 5176 Matth.
394 5137 462 5188 xxxr,
474 5120 502 5176 2.
516 5151 549 5162 -
562 5117 608 5172 30.
625 5119 691 5173 Luc.
705 5133 755 5184 xxx,
768 5115 813 5170 36.
1009 5115 1053 5170 39.
1074 5114 1120 5166 Ps.
1135 5128 1228 5178 cxxxx,
1245 5108 1269 5163 l.
1288 5109 1331 5162 Ad
1350 5109 1434 5163 verba
1454 5109 1570 5164 Οαηιαισ
1584 5109 1716 5168 Domino,
1769 5117 1773 5125 ’

208 5212 254 5271 at.
275 5214 320 5268 Pe.
336 5228 413 5278 xvrxr,
427 5210 455 5264 6.
975 5209 1039 5262 srnis
1052 5203 1161 5260 taudem
1174 5202 1326 5274 imponitur·
1339 5201 1470 5254 subverso
1482 5196 1670 5270 quaternioni,
1681 5193 1716 5246 ds
