4064 6108
269 399 327 466 dib
961 391 1135 462 tattonis

263 548 340 629 Quae
360 547 439 614 enim
467 544 497 610 in
527 544 712 611 lecultatibus
731 554 761 610 et
779 543 1014 630 possessionibus
1068 543 1186 629 patriis,
1210 543 1238 610 in
1259 545 1367 629 quibus
1387 547 1445 612 ortl
1466 554 1495 611 et
1515 545 1632 612 educati
1653 557 1740 612 sunt:
1764 546 1819 612 boc

264 664 412 738 ponuntur
431 652 546 728 studia,
571 661 700 733 tempora
721 660 906 716 consumunt.
929 650 1015 717 Tem·
1067 661 1112 718 est
1131 651 1209 717 enim
1230 653 1267 718 ad
1281 651 1487 717 attrahendum
1508 661 1539 718 et
1561 651 1750 717 inescandum
1766 671 1817 736 po·

264 759 682 842 poriseutemcssepareum,
701 756 855 823 honestum
870 768 924 822 est.
941 757 1015 822 Nam
1070 755 1276 821 tentissimum.
1435 826 1437 829 ,

263 875 296 930 ιιι
315 874 360 928 est
385 862 487 930 modici
514 863 703 946 Hippocratis
730 865 894 930 sententia:
920 863 1015 933 rllita
1110 862 1350 946 ldigrantautem
1364 879 1423 927 non
1438 861 1468 928 in
1482 862 1569 927 aliam
1590 863 1701 940 urbem,
1715 872 1748 928 ut
1770 865 1820 947 qui

263 970 381 1053 quidem
403 968 514 1047 brevis,
536 986 585 1032 ars
606 986 674 1034 vero
695 969 826 1052 longao
849 971 903 1035 boc
926 972 1015 1036 etiam
1069 970 1107 1035 ab
1123 969 1221 1054 iisqni
1237 968 1401 1052 possident,
1415 969 1522 1035 volunt
1535 985 1641 1050 emere,
1657 969 1756 1034 miseri
1773 970 1821 1035 vel

263 1077 334 1142 mibi
346 1075 464 1140 videtur
476 1075 618 1140 Homerus
629 1075 720 1142 tacite
732 1075 853 1142 innuere
868 1077 898 1141 in
911 1076 1014 1158 iliade,
1069 1075 1194 1160 improbi
1216 1075 1314 1155 servi,
1337 1075 1387 1159 qui
1408 1075 1591 1141 dominorum
1616 1075 1820 1156 mutationem,
1870 1108 1878 1118 ·

265 1183 294 1246 in
316 1181 461 1264 principio
477 1181 572 1245 tertiae
585 1181 709 1245 decimae
722 1182 867 1265 rapsodiae
881 1183 1017 1249 versibus
1069 1203 1129 1250 non
1139 1182 1195 1248 sibi
1205 1183 1369 1248 libertatem
1378 1184 1643 1266 comparant.Urbs
1653 1185 1730 1251 eninr
1741 1200 1821 1269 qnae·

263 1307 387 1374 quorum
407 1287 456 1352 bio
475 1298 521 1353 est
541 1305 661 1354 sensus:
688 1289 755 1353 tiit
775 1289 925 1376 Mysorum
944 1307 1017 1373 quo·
1070 1291 1151 1370 libet,
1174 1289 1243 1356 lieet
1262 1291 1380 1374 optimis
1401 1290 1514 1374 legibus
1529 1291 1713 1375 moribusque
1734 1309 1821 1372 rega-

264 1397 361 1462 minus
372 1395 578 1479 pugnantium,
594 1403 625 1460 et
640 1393 817 1478 inclytorum
829 1395 1016 1479 llippomolo·
1071 1409 1129 1477 tur,
1149 1397 1324 1464 tumultibus
1338 1408 1368 1463 et
1383 1399 1663 1481 perturbationibus,
1679 1415 1746 1482 quaa
1759 1397 1820 1462 dici

264 1522 377 1583 goram,
398 1503 497 1585 etqui
519 1500 595 1567 lacte
615 1510 773 1567 vescuntur
794 1503 944 1581 autorum,
962 1504 1017 1586 ju·
1069 1511 1230 1585 nequeunt,
1253 1501 1340 1585 plena
1360 1512 1420 1583 est,
1443 1519 1534 1585 quas,
1556 1502 1646 1586 quia
1673 1502 1820 1585 sapientia

264 1611 461 1676 stissimorum
476 1607 637 1674 bominum.
653 1608 773 1688 »Quasi
788 1609 884 1675 victus
898 1608 1017 1691 quidem
1070 1608 1159 1674 semel
1169 1611 1276 1673 ductus
1290 1607 1388 1684 luerit,
1403 1626 1553 1692 nunquam
1567 1608 1691 1674 tolemre
1702 1607 1819 1692 poterit.

265 1714 415 1801 querendi
436 1724 467 1778 et
477 1712 749 1796 amplificandarum
764 1714 935 1779 facultatum
955 1722 1018 1778 stu·
1071 1716 1129 1784 Sed
1142 1723 1224 1781 entra
1239 1715 1347 1780 moenin
1360 1723 1527 1795 versantur,
1542 1715 1574 1779 in
1589 1714 1681 1779 bortis
1695 1713 1823 1797 locisque

266 1822 347 1888 dium
357 1830 388 1888 et
400 1820 574 1905 injustitiam
589 1831 619 1886 et
631 1820 862 1905 inequalitatem
877 1830 1018 1904 procreet,
1071 1820 1212 1887 solitariis
1224 1819 1412 1886 solitudinem
1434 1828 1654 1903 persequentes,
1674 1835 1735 1884 non
1756 1837 1824 1902 pro·

266 1930 412 2015 justitiam
432 1940 531 1996 autem
558 1931 737 1995 contrarium
757 1930 829 1995 vitae
852 1929 1019 1994 institutum
1073 1939 1138 2012 pter
1151 1927 1288 1994 immanis
1302 1927 1425 2012 alicujus
1438 1926 1662 1992 inhumanitatis
1680 1925 1822 2007 studium,

268 2047 386 2123 propter
405 2037 625 2120 asquilinum,
648 2056 706 2120 qua
734 2046 804 2102 sunt
830 2037 959 2102 delinita
984 2057 1019 2102 ac
1072 2037 1123 2103 sed
1137 2036 1219 2120 quod
1233 2054 1299 2100 oum
1315 2035 1350 2102 iis
1366 2037 1417 2118 qui
1430 2045 1500 2101 sunt
1513 2035 1669 2101 dissimiles
1684 2035 1823 2113 moribus,

270 2145 435 2210 terminata
454 2143 603 2209 naturales
616 2144 739 2226 divitia,
756 2163 822 2228 qua
841 2161 892 2210 eas
906 2162 972 2228 quae
988 2144 1019 2210 in
1072 2143 1214 2209 coitiones
1235 2151 1266 2208 et
1284 2143 1518 2223 consuetudines,
1531 2143 1651 2209 inutiles
1665 2152 1696 2208 ct
1716 2143 1823 2226 gravia

270 2253 356 2318 vanis
368 2251 554 2335 opinionibus
565 2251 631 2316 sitae
641 2261 719 2330 sunt,
731 2252 816 2335 longe
827 2253 1020 2337 prosperitate
1074 2249 1259 2314 incommoda
1280 2251 1471 2333 importantes
1491 2269 1556 2316 esse
1576 2251 1696 2316 scirent.

267 2359 455 2425 antecellunt.
471 2361 625 2444 Postquam
638 2379 710 2442 ergo
724 2379 742 2425 a
757 2361 820 2425 suis
833 2361 1020 2426 facultatibus
1114 2357 1203 2423 Porro
1224 2357 1255 2423 in
1273 2358 1471 2440 compluribus
1490 2359 1569 2425 orbis
1590 2359 1759 2443 regionibus
1779 2367 1825 2424 est

268 2469 459 2549 excesserint,
476 2488 492 2534 a
508 2469 589 2532 nullo
603 2469 730 2552 amplius
746 2468 875 2544 inescati,
892 2469 1017 2550 lugiunt,
1075 2466 1130 2532 buc
1141 2468 1291 2533 bominum
1302 2487 1406 2551 genus.
1419 2469 1579 2553 Oportebat
1589 2469 1668 2534 enim
1678 2468 1824 2534 arceium

267 2597 324 2644 neo
336 2587 415 2644 retro
428 2595 557 2661 unquam
570 2577 728 2660 aspiciunt,
742 2577 854 2642 relictis
869 2577 1019 2656 iratribus,
1073 2584 1105 2640 ct
1124 2575 1293 2640 Barbariam
1317 2595 1380 2641 esse
1401 2577 1522 2657 perlecti
1547 2575 1616 2641 boni
1643 2575 1823 2660 participem.

270 2684 354 2764 liliis,
378 2685 567 2768 parentibus,
593 2683 749 2762 uxoribus,
770 2693 800 2750 et
822 2683 1022 2767 trequentibus
1074 2682 1214 2747 Abundat
1229 2692 1327 2748 autem
1342 2685 1372 2749 in
1387 2684 1527 2768 AEgypto,
1542 2687 1575 2749 in
1589 2702 1764 2768 unaquaque
1778 2701 1826 2748 ea·

269 2792 505 2874 cognationibus,
520 2791 655 2857 amicitiis
672 2802 704 2857 et
717 2791 974 2873 familiaritatibus,
991 2799 1022 2856 et
1075 2789 1141 2854 dem
1162 2808 1228 2874 quae
1242 2791 1323 2883 νομὰ
1337 2811 1433 2875 grece
1447 2794 1642 2884 appellantur,
1658 2791 1761 2857 Latine
1775 2809 1826 2857 au-

272 3048 344 3112 uta,
365 3061 395 3098 se
414 3057 480 3098 vero
499 3059 550 3116 pro
570 3042 747 3114 expeditione
766 3059 843 3100 vanae
862 3043 1020 3115 religionis,

272 3145 306 3185 ne
324 3147 400 3186 curm
411 3131 574 3204 praeliorum
587 3135 713 3202 tempora
725 3138 897 3203 consumant,
911 3151 962 3187 nec
975 3151 1022 3205 pe·

1075 3047 1226 3116 societate,
1245 3063 1362 3118 quarum
1381 3048 1551 3103 consuetudo
1570 3048 1725 3121 ponderosa
1743 3054 1827 3120 atque

1075 3135 1211 3192 insidiosa
1229 3141 1272 3191 est
1283 3139 1319 3201 ⁴).

272 3222 417 3275 euniarum
435 3220 583 3275 solicitudo
596 3220 709 3275 deiciat.
723 3220 852 3292 Temperi
864 3226 957 3276 autam
970 3239 1021 3293 pe·

251 3331 254 3342 ·
273 3309 398 3381 paroisse
414 3308 436 3374 ι)
452 3309 581 3380 quoniam
600 3310 735 3380 optimum
755 3313 808 3378 est,
828 3313 959 3382 quoniam
978 3326 1023 3364 sa-

272 3398 393 3452 cundum
403 3396 540 3450 medicum
549 3398 718 3468 Ypocraten,
729 3399 787 3452 vita
796 3398 906 3469 quidem
918 3399 1021 3466 brevis,

272 3504 320 3541 ars
338 3503 403 3540 vet-0
422 3485 518 3556 longa.
533 3485 591 3540 Hoc
610 3486 720 3541 videtur
731 3487 815 3540 etiarn
829 3487 966 3542 Homerus
979 3491 1023 3540 in·

272 3574 399 3627 sinuatae
418 3575 514 3643 paucis
533 3575 705 3628 carminibus
721 3576 939 3631 tertiaedecimae
959 3577 1023 3630 rab·

274 3659 371 3714 sodiae:
390 3671 526 3716 muscast
544 3665 628 3716 scitas
648 3667 698 3732 qui
711 3669 743 3718 aa
755 3664 835 3719 tactis
848 3679 955 3720 rasores
973 3666 1024 3722 de·

274 3753 358 3806 citius
376 3755 488 3807 amimea
506 3750 542 3815 2).
565 3757 623 3818 [vos
648 3753 766 3824 danique
790 3756 868 3810 abies
887 3754 1022 3826 appellat,

275 3841 327 3895 boc
338 3843 381 3894 est
392 3843 455 3896 sine
463 3845 542 3909 cita]
558 3841 711 3897 Solieitudo
724 3844 797 3896 enim
810 3844 1024 3900 domesticarum

275 3945 369 3984 rerum
394 3931 514 4002 iujurias
531 3933 672 4002 parturire
697 3934 857 4000 consuevit,
877 3935 1023 4007 ipsamque

275 4019 453 4089 iniquitatem
479 4037 613 4092 generare
632 4020 714 4076 solet.
733 4023 852 4076 iusticia
871 4039 935 4079 vero
957 4043 1024 4096 pro·

274 4108 360 4178 positi
379 4107 504 4163 melioris
522 4114 582 4180 est,
601 4110 751 4166 secundum
776 4126 859 4183 quarn
882 4115 1023 4169 naturales

275 4195 382 4251 divitiae
401 4203 530 4254 constant
547 4216 656 4254 omnem
675 4216 787 4255 sensum
806 4201 945 4257 variarum
958 4203 1023 4274 glo-

275 4286 379 4340 riarum
389 4295 553 4359 superantes
563 4291 686 4345 dimissis
699 4293 773 4345 enim
787 4294 1022 4364 possessionibus,

271 4379 332 4446 jam
350 4377 384 4429 ab
403 4377 481 4431 nulla
493 4395 524 4432 re
541 4379 647 4435 detenti
667 4381 809 4450 recedunt,
825 4383 1024 4454 impenetrabi-

274 4463 341 4518 liter
353 4464 462 4520 ralictis
480 4465 625 4536 iratribus,
640 4485 734 4540 uxore,
748 4472 910 4542 parentibus
923 4477 952 4525 et
963 4487 1021 4525 om·

275 4552 304 4605 ni
327 4549 351 4619 8)
375 4554 525 4626 plurifaria
550 4557 759 4630 propinquitate
784 4564 812 4615 et
836 4561 1024 4617 amicitiarum

316 4787 338 4852 1)
356 4793 514 4860 percepisse
536 4787 560 4844 l.
575 4795 749 4862 praecepisse
771 4789 798 4847 2.
819 4797 920 4863 optime
937 4805 978 4850 est
994 4792 1022 4848 2.

277 4907 312 4918 -
326 4877 351 4944 2)
371 4880 444 4934 idem
462 4879 489 4936 2.
515 4881 554 4935 ol.
575 4880 607 4938 ll.
627 4882 663 4939 N.
681 4881 710 4952 5,
729 4882 763 4937 6:

295 4972 385 5022 tiocia
405 4970 426 5023 r'
448 4975 602 5046 ἂγχιμάχωιι
621 4980 663 5026 ael
677 4977 785 5047 ’ἀγαυῶν
804 4961 999 5050 Ἱππημιλγιῖι,

293 5063 481 5134 Γλαιιτοφάγιιν
497 5060 591 5116 'Abies
611 5085 645 5132 τι,
662 5068 825 5118 δικαιοτάτων
841 5066 981 5137 ἀνθρώπων.

1112 3226 1399 3296 Transmigrationem
1419 3226 1449 3279 in
1467 3224 1584 3280 alteram
1603 3226 1743 3281 civitatem
1761 3243 1826 3299 per-

1076 3316 1188 3388 quirere
1202 3312 1303 3383 solent,
1317 3315 1525 3369 vendicionibus
1544 3315 1675 3388 subjecti,
1694 3317 1768 3369 servi
1782 3318 1823 3369 in·

1078 3401 1247 3472 felicissimi,
1257 3403 1303 3474 qui
1315 3403 1506 3457 immutatione
1520 3403 1654 3474 ⁶)domini
1664 3403 1820 3459 libertatem

1076 3497 1192 3566 sperant
1208 3509 1238 3547 se
1256 3492 1385 3563 adipisci.
1405 3491 1503 3546 Omnis
1521 3493 1595 3547 eninr
1613 3493 1722 3560 civitas,
1737 3497 1825 3549 eciam

1077 3585 1186 3654 legibus
1205 3580 1397 3654 persederata,
1417 3583 1657 3654 perturbationum
1685 3582 1748 3638 lons
1770 3589 1825 3653 est,

1076 3673 1195 3727 inlicitis
1213 3687 1261 3726 rea
1279 3671 1495 3740 conditionibus,
1513 3688 1583 3744 quas
1601 3689 1655 3727 non
1673 3675 1825 3728 sustinebit

1077 3765 1124 3836 qui
1144 3760 1228 3818 semel
1249 3763 1351 3817 amoris
1369 3763 1514 3817 ardoribus
1526 3761 1712 3834 evigilaverit.
1727 3763 1825 3820 Solent

1076 3852 1163 3924 aliqui
1174 3855 1261 3908 eciam
1274 3857 1354 3906 extra
1365 3868 1460 3907 muros
1469 3856 1681 3922 commorantes,
1695 3853 1722 3907 in
1736 3853 1827 3909 hortis

1077 3939 1120 3996 vel
1145 3940 1304 3995 unicellulis
1322 3942 1412 4008 casis,
1433 3939 1610 3995 solitudinem
1631 3942 1753 4013 imitari,
1772 3959 1828 3997 non

1079 4027 1192 4084 fastidio
1204 4028 1317 4083 humari
1331 4027 1398 4094 odii,
1413 4027 1460 4083 ssd
1474 4043 1523 4098 pro
1543 4027 1708 4100 disparitate
1723 4031 1747 4101 ὓ)
1765 4048 1827 4085 mo-

1077 4134 1138 4173 rum
1157 4118 1286 4187 vitantes,
1307 4117 1371 4170 dum
1390 4114 1504 4171 inutiles
1525 4131 1572 4170 aas
1595 4123 1624 4171 et
1648 4119 1745 4173 noxiae
1765 4137 1828 4174 esse

1077 4209 1262 4276 cognoscunt.

1114 4293 1248 4349 Plurimls
1267 4295 1360 4366 itaque
1379 4293 1536 4350 locisorbis
1553 4299 1691 4352 terrarum
1711 4297 1763 4352 boc
1783 4298 1828 4351 in·

1077 4385 1190 4440 venitur
1200 4401 1299 4455 genus.
1315 4385 1448 4439 Provenit
1459 4386 1533 4439 enim
1546 4385 1664 4457 perfecti
1675 4387 1738 4442 boni
1750 4405 1829 4442 com-

1077 4478 1171 4546 potem
1190 4490 1268 4542 esse,
1288 4490 1343 4528 non
1362 4475 1486 4529 Gratiam
1507 4479 1661 4547 [totumque
1680 4491 1824 4533 romanum

1078 4562 1168 4619 solum
1185 4580 1232 4636 pr.
1253 4562 1352 4632 decad,
1370 4564 1419 4617 sed
1444 4566 1532 4618 eciam
1551 4565 1691 4619 Eat-bariae
1717 4572 1826 4637 partes.

1078 4798 1205 4871 proxime
1223 4797 1378 4869 sequentia,
1393 4795 1556 4870 glossemati
1569 4797 1684 4868 similia,
1696 4799 1731 4853 ab
1745 4797 1830 4854 editis

1078 4888 1189 4941 absunt.
1203 4916 1237 4928 -
1252 4885 1280 4960 ³)
1298 4892 1426 4945 omnium
1438 4886 1466 4942 2.
1479 4917 1515 4930 -
1528 4891 1552 4952 ⁴)
1566 4889 1674 4946 insidia
1693 4899 1734 4945 est
1756 4886 1779 4944 l.
1794 4918 1830 4930 -

1078 4993 1142 5031 mox
1156 4977 1274 5030 maltam
1289 4981 1365 5033 eicit.
1391 4975 1413 5032 l.
1428 5007 1459 5019 —
1474 4977 1498 5044 5)
1518 4983 1736 5035 minutottouem
1752 4977 1777 5034 l.
1799 5008 1831 5017 -

1079 5065 1106 5136 6)
1126 5067 1293 5135 disparitate
1312 5083 1424 5123 morum
1442 5071 1542 5125 vitales
1560 5067 1587 5124 2.
