4038 6088
856 481 898 546 ΙΝ
919 479 1092 549 Psaabtos

203 618 258 684 καί
281 623 433 712 ποτηρίου
457 619 648 711 μεταλαύεῖν
672 652 720 704 τις
740 621 897 704 δυνηθείη.
918 639 954 698 Ei

202 726 251 793 ἔτι
274 752 307 792 τι
324 726 366 815 μὴ
386 731 570 798 ἀποκτεῖνον
591 733 733 824 γράμμα,
751 739 849 802 ἐκεῖνο
864 738 953 804 ἔσται

201 833 295 922 χλόη·
307 836 581 926 ποιμαινομένουσι
598 830 631 904 δέ
646 854 864 931 πνευματικῶς
880 847 953 936 τρά·

200 932 283 1019 πιζα
295 943 527 1032 ἡτοιμασμένη,
540 956 606 1022 τοῖς
618 948 805 1036 ὑπομένουσι
819 950 876 1028 τὰς
890 951 953 1017 θλί-

200 1041 275 1132 θεν·

245 1274 278 1320 v.
302 1259 330 1323 3.
355 1259 421 1334 Τὴν
445 1259 550 1353 ψυχήν
566 1288 626 1354 μου
650 1266 846 1358 ἐπέστρεψεν,
870 1262 952 1345 ὡδή-

200 1363 280 1454 γησέ
298 1388 337 1453 με
349 1366 401 1431 ἐπὶ
416 1363 539 1458 τρίύους
552 1362 758 1455 δικαιοσύνης,
775 1375 877 1442 ἕνεκεν
894 1387 950 1443 τοῦ

200 1470 352 1560 ὀνόματος
376 1477 480 1541 αὐτοῦ.
845 1554 847 1557 ,

244 1573 358 1654 Ἐπέθη
384 1582 445 1674 γὰρ
469 1585 572 1678 ὥσπερ
597 1590 757 1679 όποιμὴν,
782 1591 836 1656 καί
858 1593 951 1680 προέ-

199 1681 290 1774 τριψε
305 1680 438 1778 τρίόους,
450 1695 490 1766 ὡς
507 1683 583 1758 ἰδίου
600 1699 694 1760 αύτοῦ
711 1690 869 1786 προόάτου
886 1709 950 1775 τοῖς

199 1792 316 1880 ίχνεσιν
336 1796 566 1863 ἐπακολουθεῖν.
585 1803 768 1877 Δικαιοσύνη
788 1803 843 1892 μέν
860 1799 947 1878 ούνη

200 1901 358 1990 πρακτικὴ
377 1913 440 1969 τῶν
458 1898 585 1972 δικαίων
602 1901 672 1987 ἕξις,
689 1905 725 1987 ἧς
741 1917 774 1975 αί
789 1911 874 1978 κατὰ
889 1911 950 1986 τὴν

200 2008 354 2101 ἐνέργειαν
377 2006 488 2102 τρίθοι.
510 2021 547 2079 Ei
574 2008 608 2082 δέ
638 2010 836 2093 δικαιοσύνην
869 2023 950 2088 εἴποι

200 2138 247 2190 τις
272 2115 332 2189 τὴν
355 2119 482 2208 γενικὴν
500 2121 625 2213 ἀρετὴν,
649 2119 771 2215 τρίόους
795 2133 860 2218 ἐρεῖ
872 2128 950 2193 ταύ-

199 2245 258 2298 της
281 2223 338 2300 τὰς
360 2225 432 2291 κατ’
457 2219 536 2304 είδος
563 2230 686 2320 ἀρετὰς,
711 2233 755 2322 ἐρ’
781 2233 816 2310 ἃς
839 2226 953 2326 ὁδηγεῖ

199 2329 255 2394 τόν
270 2329 331 2403 τὴν
347 2335 443 2397 αὐτοῦ
459 2339 668 2427 προσηγορίαν
693 2341 949 2432 ἐπιγραφόμενον.

94 2519 96 2524 Ι
200 2433 267 2508 Τὴν
290 2432 394 2526 ψυχήν
419 2462 489 2528 μου,
506 2443 610 2531 ρησίν,
628 2443 807 2536 ἐπέστρεψε,
825 2453 950 2522 πλανη-

199 2536 304 2605 θεῖσαν
325 2545 364 2617 ἐκ
385 2554 449 2610 τῶν
474 2550 630 2623 obstate
652 2563 902 2634 καταπεσοῦσαν·
927 2555 946 2630 ἢ

199 2649 390 2716 ἐκπεσοῦσαν
408 2652 468 2727 τὴν
485 2652 589 2747 ψυχὴν
605 2660 781 2752 ἐπιστρέφει
798 2666 814 2726 ό
829 2662 947 2754 Κύριος,

197 2752 251 2817 καί
274 2756 505 2832 ἀποκαθίστησι
529 2762 613 2850 μετὰ
643 2766 682 2830 τό
705 2777 867 2856 ποιμᾶναι,
894 2769 948 2834 καί

199 2865 240 2936 είς
261 2863 359 2929 τόπον
383 2866 483 2955 χλόης
498 2885 757 2945 κατασκηνεϊται·
775 2869 844 2939 εἷτα
863 2879 949 2942 ἐπισ-

196 2963 309 3057 τρέψας
332 2962 446 3065 ὁδηγεῖ
458 2975 509 3039 ἐπί
524 2970 648 3068 τρίόους
672 2971 871 3060 δικαιοσύνης
894 2985 948 3049 καί

197 3075 321 3162 ἀρετῆς.

239 3197 272 3242 v.
286 3181 314 3244 ό.
327 3181 400 3249 Ἐὰν
412 3183 473 3277 γὰρ
487 3187 539 3252 καί
555 3189 696 3279 πορευθῶ
713 3197 745 3256 ἐν
763 3192 846 3281 μέσῳ
860 3205 946 3272 σκιᾶς

195 3284 343 3368 θανάτου,
368 3295 403 3355 ού
426 3286 647 3384 ρούηθήσομαι
670 3298 762 3364 κακοί.

239 3395 349 3486 Αίγοις
371 3389 397 3462 δ’
415 3398 452 3464 ἂν
468 3400 522 3464 καί
538 3401 628 3468 σκιὰν
653 3403 789 3471 θανάτου
812 3408 867 3473 τόν
892 3433 952 3500 pu«

195 3502 280 3566 σικόν
304 3527 341 3569 τε
357 3506 412 3569 καί
427 3508 529 3574 κοινόν
546 3507 679 3575 θάνατον
703 3523 749 3597 τῷ
769 3525 828 3591 τῆς
843 3514 946 3606 ψυχῆς

194 3607 322 3694 θανάτῳ
347 3602 620 3705 διαστελλόμενον·
643 3617 722 3686 καθὸ
750 3621 900 3688 λέλεκται
923 3629 942 3699 ἡ

193 3712 278 3806 ψυχὴ
304 3724 325 3793 η
349 3721 572 3812 ἁμαρτάνουσα
595 3726 772 3813 ἀποθανεῖν,
787 3735 828 3805 ὡς
844 3734 860 3793 ό
876 3755 947 3796 πισ-

192 3822 291 3889 τεύων
316 3831 358 3902 είς
381 3827 436 3892 τόν
453 3829 517 3894 υίόν
541 3841 596 3896 τοῦ
619 3839 698 3899 Θεοῦ
715 3839 750 3900 ού
767 3835 810 3923 μὴ
829 3837 946 3903 ἀποθα-

194 3937 353 4009 νεῖταιείς
369 3934 423 3999 τδν
440 3941 547 4015 αἰῶνα,
566 3933 793 4025 μεταθεόηκώς
810 3946 943 4010 ἀπὸτοῦ

193 4033 329 4103 θανάτου
347 4045 389 4116 εἰς
405 4039 465 4113 τὴν
489 4037 581 4122 ζωήν·
605 4045 693 4112 σκιόιν
710 4047 770 4140 γὰρ
794 4055 853 4140 οὐχ
868 4056 945 4118 ὑπο-

192 4144 318 4231 μένουσι
340 4144 492 4235 θανάτου,
516 4150 536 4224 ἢ
561 4145 728 4234 κινδύνους,
753 4155 772 4230 ἢ
799 4156 944 4247 σώματος

192 4251 290 4318 λύσιν.
635 4277 638 4284 “

237 4376 268 4422 v.
292 4359 321 4422 b.
346 4361 533 4452 Ἡτοίμασας
549 4365 678 4433 ἐνώπιόν
697 4393 756 4458 μου
773 4366 943 4461 τράπεζαν,

193 4456 371 4542 ἐξεναντίας
393 4478 457 4533 τῶν
482 4465 651 4538 θλιύόντων
674 4499 723 4564 με·
739 4479 887 4553 ἐλίπανοις
911 4482 942 4543 ἐν

192 4572 289 4655 ἐλαίῳ
313 4571 372 4644 τὴν
396 4579 536 4666 κεραλήν
561 4603 631 4666 μου,
656 4581 709 4646 καί
732 4583 770 4648 τό
793 4585 942 4674 ποτήριον

192 4700 248 4742 σου
272 4677 424 4767 μεθύσκον
449 4688 489 4760 ὡς
513 4684 691 4775 κράτιστον.

228 4883 256 4919 o.
277 4863 306 4922 3.
329 4866 372 4922 cf.
393 4867 495 4922 Matth.
516 4887 595 4940 xvim,
618 4871 662 4930 12.

229 4971 257 5007 ο.
276 4953 304 5010 4.
325 4955 378 5009 Hie
397 4957 528 5013 mendosa
546 4962 575 5013 in
589 4961 727 5018 versiculo
746 4964 887 5036 scriptura
899 4987 944 5020 πο-

196 5043 320 5112 ριυόῦμιν
339 5043 408 5114 μέσῳ
428 5045 457 5098 ἰυ
476 5047 531 5101 Vat
548 5048 581 5102 Β.
602 5050 726 5122 irrepsit.
746 5083 781 5098 —
800 5053 843 5110 Cf.
863 5057 942 5111 Joan.

194 5145 255 5199 1111,
274 5130 300 5188 5.

231 5233 258 5269 ο.
277 5215 306 5270 5.
327 5216 371 5271 Cf.
392 5217 473 5274 Rom.
493 5235 554 5288 xrrr,
574 5219 793 5294 2a.1cm·.xm‚
816 5225 858 5282 12.
877 5227 943 5283 Luc.

1695 501 1752 565 tra

1008 632 1064 698 buc
1085 634 1250 718 pabulatum
1274 639 1365 707 donea
1385 643 1518 727 mystice
1531 663 1640 712 mensas
1653 660 1684 715 et
1704 669 1755 716 oa·

1005 737 1071 804 linis
1090 741 1237 826 particeps
1251 743 1325 810 effioi
1341 748 1449 815 valeat.
1467 751 1552 830 Quod
1567 753 1592 818 si
1607 755 1705 822 adbuc
1719 760 1755 824 fit

1005 856 1157 929 respectus
1167 849 1205 914 ad
1216 851 1343 919 litteram
1353 857 1472 923 minime
1482 861 1672 944 occidentem,
1685 883 1753 931 ecoe

1004 949 1143 1018 illuderit
1155 973 1307 1038 pascuum:
1321 979 1420 1027 eorum
1433 965 1512 1030 enim
1526 969 1576 1050 qui
1592 981 1753 1052 pascuntur

1004 1056 1119 1139 spiritu,
1139 1077 1240 1127 mensa
1256 1077 1419 1148 praeparata
1439 1069 1497 1150 est,
1513 1071 1571 1138 iltis
1592 1077 1641 1158 qui
1664 1079 1754 1143 susti·

1006 1173 1076 1228 nent
1097 1166 1308 1236 tribulationes.

1044 1287 1077 1334 ν.
1101 1271 1131 1335 3.
1146 1272 1286 1339 Animam
1302 1296 1395 1346 meam
1415 1286 1560 1367 οοιιοοτῖίῖ,
1576 1287 1694 1355 deduscit
1707 1311 1753 1358 are

1003 1392 1091 1456 super
1102 1379 1220 1443 semitas
1234 1383 1383 1468 justitiae,
1405 1397 1523 1472 propter
1535 1411 1636 1458 nomen
1656 1416 1749 1463 mum.

1043 1587 1168 1657 Incessit
1183 1593 1273 1674 enim,
1293 1605 1431 1683 tanquam
1444 1613 1554 1685 pastor,
1567 1617 1598 1675 et
1608 1611 1690 1692 prius
1705 1631 1750 1678 se·

1004 1693 1091 1760 mitas
1106 1698 1201 1780 trivit,
1215 1712 1247 1766 ut
1258 1723 1334 1787 pone
1345 1711 1454 1791 proprii
1469 1713 1532 1795 ejus
1547 1715 1612 1779 oris
1623 1718 1751 1800 vestigia

1004 1811 1187 1884 sequeretur.
1203 1807 1325 1875 iustitia
1340 1830 1427 1894 porro
1444 1824 1489 1881 est
1506 1828 1642 1885 actuosus
1659 1823 1752 1904 iusto

1003 1926 1068 1972 rum
1082 1910 1212 2010 habitus,
1229 1918 1312 2000 cujus
1322 1936 1409 2002 opera
1421 1934 1491 1989 sunt
1501 1929 1623 1992 semitm.
1637 1929 1668 1995 Si
1683 1932 1750 2014 quis

1003 2026 1101 2083 autem
1123 2019 1231 2087 dixerit
1249 2025 1392 2107 justitiam
1414 2049 1479 2097 esse
1500 2036 1643 2102 virtutem
1663 2057 1752 2121 gene·

998 2123 1089 2189 ratim
1107 2137 1265 2212 sumptam,
1287 2135 1410 2201 semitas
1430 2139 1494 2221 ejus
1512 2139 1592 2206 dicet
1611 2161 1676 2208 esse
1689 2145 1750 2210 vir-

1005 2237 1083 2296 tutes
1092 2233 1191 2313 speoie
1202 2235 1370 2321 distinctas,
1384 2243 1422 2307 ad
1433 2261 1507 2326 quas
1517 2256 1618 2328 pastor
1631 2249 1751 2317 deducit

1003 2353 1071 2402 eum
1085 2340 1135 2421 qni
1147 2341 1273 2424 justitiae
1293 2364 1356 2411 suae
1369 2347 1454 2415 titulo
1476 2351 1654 2420 iasoribitur.
1670 2356 1750 2421 Ani-

1002 2460 1092 2523 mam,
1116 2446 1224 2530 inquit,
1239 2468 1332 2515 meam
1345 2457 1524 2535 eonvenite
1541 2459 1658 2541 proprio
1679 2463 1750 2526 oviii

1003 2546 1185 2629 peregrinam
1199 2552 1249 2616 net
1261 2553 1391 2637 lapsam;
1413 2557 1479 2623 sive
1493 2559 1623 2626 animam
1638 2560 1750 2630 lubrico

1002 2669 1072 2717 casu
1085 2656 1302 2725 exorbitantem
1324 2664 1470 2728 conuertit
1490 2665 1645 2748 Dominus,
1661 2679 1691 2733 et
1705 2688 1750 2735 re·

1001 2755 1109 2838 stituit,
1123 2769 1153 2825 et
1168 2771 1321 2846 postquam
1337 2767 1432 2847 pavit,
1446 2769 1476 2832 in
1486 2769 1551 2834 loco
1564 2788 1682 2853 pascuae
1695 2773 1750 2838 sub

1002 2864 1192 2933 tabernaculo
1207 2878 1303 2949 tenet3
1318 2871 1427 2937 deinde
1441 2891 1507 2939 cum
1522 2877 1683 2958 convertit,
1698 2878 1750 2944 de·

1001 2967 1084 3034 duoit
1103 2991 1191 3054 super
1212 2975 1332 3040 semitas
1350 2977 1474 3059 iustitias
1494 2999 1529 3044 ac
1548 2981 1681 3048 virtutis.

1040 3211 1071 3257 ν.
1097 3194 1124 3256 d.
1151 3195 1188 3259 Si
1201 3200 1277 3260 euim
1296 3198 1500 3264 οιιιόιιίοοιιέοι
1521 3203 1658 3267 iamdiu
1679 3223 1749 3268 am-

1000 3299 1069 3364 brue
1087 3303 1201 3381 mortib,
1221 3319 1278 3366 ποιι
1299 3305 1401 3368 ttutebo
1422 3307 1513 3370 moto.

1040 3403 1136 3470 Possis
1156 3407 1244 3472 etiam
1265 3407 1382 3488 disere,
1403 3412 1537 3477 umbram
1562 3419 1663 3481 mortis
1683 3436 1747 3484 esse

1000 3508 1155 3592 physicum
1170 3528 1411 3597 communemque
1431 3515 1591 3602 interitum,
1615 3540 1632 3586 a
1652 3532 1747 3589 morte

1000 3615 1105 3679 animos
1128 3617 1318 3700 distinctum,
1342 3620 1426 3702 juxta
1447 3622 1526 3705 quod
1554 3624 1664 3691 dietum
1689 3639 1746 3707 est,

998 3719 1126 3787 animam
1138 3724 1285 3805 peccando
1296 3727 1476 3810 morituram,
1489 3728 1566 3796 sieut
1581 3734 1702 3800 eredens
1716 3736 1746 3800 in

998 3827 1104 3893 Filium
1119 3829 1170 3894 Dei
1187 3848 1245 3896 non
1266 3834 1409 3899 morietur
1430 3835 1460 3900 in
1474 3846 1627 3921 murnum,
1644 3850 1747 3923 utpote

999 3935 1196 4001 translatusa
1217 3949 1308 4003 morte
1328 3943 1359 4004 in
1379 3943 1491 4008 vitam:
1515 3944 1596 4011 haud
1615 3949 1695 4013 enim
1710 3950 1747 4014 ii·

999 4041 1043 4108 ios
1063 4054 1165 4110 manet
1184 4045 1288 4111 umbra
1309 4049 1422 4130 mortis,
1444 4049 1511 4116 aire
1531 4052 1672 4136 pericula,
1693 4065 1745 4120 aut

997 4149 1151 4217 dissolutio
1171 4152 1310 4234 eorporis.
1472 4161 1475 4168 ’

1037 4383 1069 4429 ν.
1094 4367 1123 4430 b.
1148 4364 1270 4430 Purorti
1296 4367 1578 4452 incompetentes
1603 4393 1742 4458 mersam

997 4472 1135 4538 adversm
1154 4492 1202 4538 eos
1222 4474 1272 4556 qui
1284 4474 1424 4539 tribulent
1438 4495 1498 4540 me:
1511 4479 1699 4562 impiupuasti
1712 4483 1744 4546 ιἰι

997 4579 1058 4643 oleo
1071 4585 1160 4663 caput
1172 4598 1275 4645 meum:
1286 4587 1314 4645 et
1322 4581 1402 4647 cotis
1413 4589 1478 4647 tuus
1491 4585 1644 4661 imbrium,
1655 4607 1743 4670 quum

995 4686 1162 4768 praeclarus
1182 4688 1244 4750 est!

997 4899 1067 4950 xxtt,
1086 4881 1131 4952 39,
1150 4885 1196 4938 ubi
1216 4885 1280 4938 vat.
1298 4882 1329 4938 13
1346 4885 1470 4955 τραπέζης
1483 4889 1526 4939 τοῦ
1540 4889 1693 4958 Πνιύματος.
1709 4922 1743 4932 -

998 4971 1040 5026 Cf.
1055 4972 1159 5044 Ephas.
1173 4989 1203 5040 11,
1220 4971 1261 5025 lO.
1275 5003 1308 5014 ·-
1321 4975 1383 5030 vat.
1396 4980 1439 5027 καί
1452 4979 1493 5027 διὰ
1506 4979 1585 5028 τοῦτο.
1601 4979 1644 5034 Cf.
1659 4981 1742 5037 [Cor.

998 5075 1059 5130 xvi,
1077 5059 1104 5114 9.
1124 5061 1171 5114 Pr.
1191 5077 1273 5132 ιιιν,
1293 5061 1321 5116 8.
1341 5063 1408 5127 Quae
1428 5065 1456 5117 in
1483 5066 1537 5119 dne
1562 5067 1618 5119 BB.
1639 5068 1744 5127 addunt

999 5150 1047 5199 Καὶ
1067 5148 1163 5201 ἐκεῖ...
1184 5165 1216 5202 ss
1234 5148 1349 5220 Didymo
1368 5150 1432 5206 Vat.
1456 5149 1488 5204 13
1506 5154 1678 5210 ascribit·
1699 5155 1742 5211 Cf.

999 5235 1062 5290 Con.
1082 5253 1140 5304 xvi,
1160 5236 1188 5290 9.
