4038 6088
290 501 348 563 uta
892 495 1029 561 stricti
1051 495 1232 562 llUCllEllll
1293 547 1304 558 ,

291 651 341 728 tis,
369 647 567 714 «salvificans
590 665 643 713 nos
663 664 715 731 per
736 647 844 727 omnia,
867 655 899 711 ut
919 647 1033 731 integer
1053 649 1173 732 spiritus
1193 656 1292 714 noster
1310 657 1342 714 et
1362 649 1459 714 anima
1481 658 1512 715 et
1537 668 1643 733 corpus
1670 649 1735 717 sine
1755 667 1833 734 que-

290 757 360 823 rella
383 758 436 840 [in]
459 757 621 822 adrentum
643 755 759 820 Domini
782 755 834 820 lici
856 753 948 819 nostri
974 755 1005 836 [l.
1027 757 1075 837 lb]
1099 755 1170 821 lesu
1190 754 1297 821 Christi
1317 754 1520 839 judiciumque
1540 765 1717 822 servetur.»

330 863 481 947 Sapientia
502 862 602 929 mundi
625 862 712 945 hujus
732 861 948 945 philosophiam
969 882 1050 927 suam
1072 863 1102 927 in
1125 873 1183 929 tres
1208 872 1306 945 partes
1327 862 1441 942 divisit,
1464 864 1628 949 physicam,
1651 863 1778 931 ethicam
1794 868 1830 946 4),

290 969 426 1053 logicam,
444 970 474 1034 id
488 981 545 1049 esl,
560 968 735 1050 naturalem,
754 969 904 1048 momlcm,
921 968 1105 1035 rationalem.
1125 968 1253 1051 [Scilicet
1266 968 1438 1050 naturalem]
1453 968 1531 1033 illam
1546 972 1572 1050 4)
1586 971 1780 1053 pertinentem
1795 969 1834 1034 ad

290 1096 395 1143 causas
408 1087 532 1160 naturae,
549 1097 615 1162 quaa
635 1079 774 1143 universa
796 1078 958 1158 contineam
981 1076 1119 1142 moralem
1139 1096 1212 1143 vero
1232 1095 1299 1159 qnae
1319 1077 1458 1160 respiciat
1472 1083 1495 1157 4)
1517 1077 1554 1143 ad
1570 1077 1712 1158 morales3
1738 1077 1831 1141 ratio-

290 1185 387 1251 nalem
412 1195 510 1251 antem
535 1203 602 1269 quae
622 1185 660 1251 de
681 1184 855 1250 sublimibus
875 1183 1040 1267 disputans,
1064 1183 1158 1248 Deum
1179 1193 1291 1266 patrem
1311 1183 1440 1248 omnium
1462 1202 1526 1250 esse
1550 1183 1711 1249 confirmet.
1738 1184 1833 1264 Quam

292 1293 444 1375 tripertitae
458 1291 598 1357 doctrinae
611 1291 845 1358 distributionem
860 1309 918 1356 non
932 1292 1007 1356 adeo
1027 1290 1165 1356 abhorret
1178 1294 1201 1372 ⁴)
1225 1291 1273 1355 illa
1294 1301 1458 1356 nostrorum
1474 1291 1505 1356 ln
1517 1290 1718 1374 disputatione
1731 1290 1834 1356 distin-

291 1399 361 1480 clio,
383 1417 441 1482 qua
457 1400 535 1465 docti
558 1400 666 1484 quique
685 1399 762 1465 bano
781 1400 927 1464 celestem
948 1399 1164 1482 Scripturarum
1184 1398 1401 1484 philosophiam
1422 1399 1766 1477 secundum-historiam,
1788 1417 1832 1464 se-

291 1509 419 1574 cundum
436 1508 628 1592 tropologiam
644 1512 680 1590 4),
706 1507 865 1573 secundum
885 1523 1039 1589 anagogen
1058 1507 1259 1574 disserendam
1281 1517 1385 1592 putant
1400 1509 1436 1588 4).
1463 1507 1649 1591 Quapropter
1673 1506 1794 1571 historia
1809 1509 1831 1588 4)

291 1617 448 1682 veritatem
463 1617 547 1682 nobis
562 1615 703 1682 laetorum
718 1633 753 1680 ac
774 1614 859 1680 fidem
880 1617 1032 1681 relationis
1053 1616 1190 1696 inculcat;
1215 1616 1376 1700 tropologia
1396 1617 1433 1682 ad
1448 1617 1522 1680 vitm
1534 1615 1767 1682 emendationem
1782 1617 1837 1679 ml-

292 1723 385 1788 sticos
406 1721 571 1788 intellectus
592 1723 689 1804 relert;
712 1740 863 1806 anagogen
879 1725 900 1804 4)
923 1724 961 1787 ad
982 1723 1138 1788 sacratiora
1158 1724 1316 1789 celestium
1339 1723 1497 1806 figurarum
1519 1733 1629 1789 secreta
1652 1722 1833 1806 perducitur.

292 1831 367 1895 Sunt
380 1831 469 1897 etiam
483 1831 533 1914 qui
549 1830 719 1914 allegoriam
735 1831 765 1895 in
779 1830 835 1895 hoc
856 1829 988 1894 scientim
1009 1847 1128 1911 genere,
1149 1839 1254 1913 quarto
1271 1831 1301 1895 in
1317 1830 1389 1910 loco,
1406 1831 1598 1914 adjiciendam
1616 1838 1732 1914 putent,
1748 1846 1836 1911 quam

291 1946 444 2020 gestorum
458 1939 654 2004 narrationem
678 1938 838 2003 futurorum
860 1937 992 2002 umbram
1014 1937 1179 2019 praetulisse
1199 1937 1383 2002 confirment.
1407 1939 1484 2004 Haec
1504 1955 1574 2004 vero
1596 1937 1660 2020 ipsa
1683 1947 1716 2001 ut
1738 1936 1834 2018 subje-

292 2045 346 2110 ctls
361 2045 477 2128 plenius
499 2046 759 2126 manifestentur)
783 2046 936 2130 exemplis,
959 2045 1061 2110 caelum
1082 2054 1129 2110 est
1148 2046 1307 2110 secundum
1329 2045 1484 2111 historiam
1506 2044 1561 2110 hoc
1574 2044 1654 2128 quod
1667 2045 1832 2121 intuemur;

291 2153 451 2222 secuudum
471 2154 676 2239 tropologiam,
692 2153 755 2219 vita
769 2158 806 2233 ¹⁰)
827 2153 969 2234 caelestis3
985 2163 1075 2238 atque
1089 2153 1249 2219 secundum
1270 2153 1453 2235 allegoriam,
1467 2153 1659 2233 baptismum
1675 2151 1834 2218 secundnm

292 2263 505 2344 anagogenssl,
527 2261 637 2344 angeli.

331 2370 433 2434 Omnis
447 2379 544 2436 numm
559 2370 716 2452 disciplina
731 2379 839 2434 nostra
860 2369 1012 2451 religionis
1036 2368 1067 2450 [i.
1091 2369 1140 2450 ll]
1163 2387 1200 2434 cr
1215 2369 1265 2433 illo
1278 2367 1403 2451 duplicis
1424 2366 1557 2434 scientiae
1572 2368 1612 2447 44)
1634 2367 1715 2430 lonte
1736 2381 1835 2431 mana·

292 2475 356 2540 vit:
379 2475 462 2558 cuius
484 2475 606 2557 primam
628 2475 797 2557 practicem,
819 2477 977 2540 secundam
1001 2475 1188 2541 theoreticam
1208 2484 1403 2554 vocaverunt,
1429 2474 1457 2540 id
1479 2485 1526 2541 est
1545 2475 1690 2540 actualem
1712 2485 1742 2539 et
1763 2491 1836 2538 cou-

292 2580 506 2664 templatiram.
522 2581 615 2646 Unam
632 2599 698 2663 quae
718 2586 863 2646 actualem
877 2581 972 2646 vitam
986 2599 1100 2645 morum
1120 2580 1325 2648 emendatione
1342 2584 1381 2659 ¹³)
1402 2589 1598 2660 consummet;
1620 2580 1707 2645 aliam
1723 2595 1791 2661 quaa
1804 2577 1835 2643 in

292 2688 542 2771 contemplatione
562 2688 723 2754 celestium
744 2699 775 2755 et
795 2689 965 2755 divinarum
987 2689 1203 2773 Scripturarum
1224 2689 1424 2772 disputatione
1444 2700 1588 2755 versetur.
1611 2689 1690 2771 Ergo
1709 2670 1835 2751 actualis

292 2796 417 2862 scicntia
433 2797 463 2861 in
484 2797 602 2864 diversa
624 2799 720 2863 studia
742 2796 928 2879 diffunditur,
952 2797 1179 2882 contemplativa
1201 2807 1300 2863 antem
1322 2799 1351 2862 in
1367 2797 1440 2863 duas
1454 2798 1607 2864 derivatur
1623 2802 1659 2876 ¹⁴)
1678 2804 1788 2879 partes,
1805 2793 1835 2858 id

292 2914 339 2972 est
359 2905 390 2972 in
411 2907 548 2972 historica
569 2906 768 2989 disputatione
788 2915 818 2970 ct
838 2905 979 2989 spiritalis
1000 2905 1212 2988 intellegentie
1232 2904 1483 2988 interpretatione
1503 2903 1647 2969 consistit.

333 3013 391 3080 Sed
411 3013 459 3078 his
479 3034 557 3080 nunc
577 3014 708 3093 remotis,
730 3014 866 3079 lormolas
887 3012 1096 3095 intellegentias
1116 3012 1267 3095 spiritalis,
1290 3030 1363 3093 quas
1384 3011 1605 3095 spopondimus,
1627 3024 1835 3094 proponamus,

293 3131 444 3187 currentes
458 3141 509 3205 per
524 3123 704 3204 singulorum
719 3122 868 3186 nominum
884 3121 1004 3201 liguros,
1027 3119 1133 3202 quibus
1155 3120 1211 3184 ista
1234 3117 1264 3182 in
1287 3118 1335 3182 illo
1356 3117 1468 3182 divinae
1482 3116 1618 3181 lectionis
1633 3117 1741 3180 inserta
1757 3122 1837 3178 textu

293 3229 385 3307 accipi
401 3229 506 3294 solent.
521 3231 646 3296 Oramus
659 3229 760 3312 itaque
779 3227 948 3304 Dominum,
965 3237 999 3290 ut
1013 3226 1125 3292 revelet
1144 3226 1290 3290 condensa
1306 3229 1343 3306 44)
1359 3227 1567 3308 scripturarum
1583 3233 1759 3301 suammet
1774 3239 1840 3304 pro·

293 3337 423 3400 ieramus
443 3336 588 3418 quomodo
608 3336 767 3403 secretiore
787 3334 935 3400 intellectu
952 3339 989 3413 44)
1010 3333 1196 3399 sentiendum
1217 3333 1265 3397 sit.

916 3457 1011 3526 axii:
1040 3475 1217 3524 economus

718 3734 868 3795 momm
890 3733 1092 3796 chamaan
1112 3713 1422 3806 assumenda.

477 3914 501 3980 l.
524 3915 570 3979 De
589 3916 632 3979 his
653 3934 727 3998 quae
747 3915 932 3999 appellantur
952 3915 1078 3980 meamea
1098 3915 1226 3994 Domini,
1243 3913 1331 3979 oelid
1351 3913 1426 3997 quod
1445 3914 1656 3997 significaretur.

460 4022 499 4087 ll.
522 4022 568 4088 lle
589 4022 723 4107 supernis
743 4021 885 4089 creaturis
899 4024 947 4103 ¹⁸).

445 4127 499 4194 lll.
523 4128 567 4193 De
590 4129 724 4196 terrenis.

431 4235 499 4302 llll.
524 4238 567 4303 lle
587 4237 799 4304 animanlibus.

467 4344 502 4410 ll.
525 4343 569 4410 lle
589 4345 683 4410 variis
704 4345 856 4411 nominum
867 4346 901 4426 44)
923 4343 1186 4428 appellationibus.

452 4451 503 4520 tu.
526 4451 570 4518 lle
591 4450 731 4520 interiore
750 4452 878 4518 homine.

294 4665 356 4718 sine
374 4661 542 4731 querellam.
563 4659 607 4714 cf.
627 4675 637 4715 r
656 4659 754 4714 Thess.
774 4676 803 4728 v,
821 4657 867 4714 24.
887 4689 922 4702 —
945 4667 967 4726 1)
993 4680 1042 4718 aa·
1097 4668 1131 4728 ¹¹)
1146 4660 1339 4736 amphorani).
1357 4689 1385 4702 -
1397 4663 1432 4724 44)
1445 4662 1550 4732 fanum
1561 4659 1842 4730 c,luminiraprao·

294 4754 399 4806 thicam
418 4748 449 4803 C.
469 4779 502 4789 —
518 4755 540 4810 4)
560 4747 600 4801 ld.
618 4747 700 4803 habal
718 4749 762 4801 bis
780 4750 960 4815 rationalm,
982 4761 1041 4805 tum
1095 4756 1178 4808 tieem.
1188 4781 1225 4792 -
1238 4757 1273 4812 44)
1288 4750 1511 4806 emendationem
1522 4749 1552 4802 (l.
1565 4778 1598 4789 -
1609 4755 1644 4813 44)
1656 4749 1797 4804 derivatas
1808 4748 1839 4816 C,

294 4838 374 4892 illam
393 4845 447 4891 etc.
462 4864 495 4877 -·
508 4835 538 4909 4)
559 4841 676 4906 respicet
695 4835 726 4892 C.
740 4865 773 4879 ·-·
789 4846 812 4902 4)
832 4840 947 4894 aborret
966 4838 995 4892 (l.
1007 4869 1042 4880 -
1094 4856 1158 4894 mox
1177 4844 1209 4895 im
1226 4843 1339 4895 scortea.
1358 4867 1392 4879 -
1413 4842 1447 4902 44)
1467 4839 1611 4894 condensa
1624 4839 1791 4907 graecanica.
1806 4863 1841 4876 -

295 4925 318 4995 ⁵)
331 4926 504 4997 tropholops'a
519 4925 549 4980 Ο.
561 4955 594 4967 -
610 4933 632 4990 4)
647 4925 846 4982 disserendum
857 4925 887 4980 C.
899 4957 933 4970 -
949 4933 971 4992 4)
986 4931 1043 4984 his·
1096 4931 1131 5000 44)
1146 4933 1297 4984 secretiora
1310 4929 1453 4984 intellectu
1467 4927 1533 4980 alibi
1548 4925 1629 4982 male.
1640 4957 1676 4967 -
1690 4933 1725 4990 44)
1736 4925 1840 4981 Rubri-

295 5011 385 5068 tort'ae
404 5015 433 5080 O,
453 5031 518 5068 mox
537 5017 732 5088 tropologiam,
749 5018 833 5070 immo
849 5019 987 5072 misticus.
1007 5046 1043 5058 -
1094 5023 1193 5072 cantur
1211 5018 1240 5070 in
1255 5017 1275 5072 (l
1288 5017 1451 5088 majusculae
1471 5023 1498 5071 el
1517 5016 1658 5071 inclinatae
1677 5016 1793 5070 minuce,
1808 5041 1842 5056 ·-

295 5101 318 5170 ⁸)
337 5118 481 5173 anaccpem
496 5103 526 5155 C.
541 5104 605 5160 Par.
620 5121 629 5160 1
642 5108 794 5161 secretiora
806 5105 898 5159 minus
913 5107 993 5159 bene.
1007 5136 1042 5147 -
1096 5108 1131 5175 44)
1145 5111 1303 5162 craeatuea's
1323 5107 1353 5160 G.
1368 5135 1401 5148 -·
1416 5112 1451 5170 44)
1466 5106 1562 5160 Potius
1574 5107 1731 5161 homimum.
1745 5104 1774 5157 ln
1793 5120 1840 5158 ee-

295 5190 525 5262 ⁹pmaatsesteear
536 5193 565 5260 C,
576 5209 654 5247 mora
666 5210 771 5264 graeco.
782 5223 816 5233 -
828 5193 866 5264 ¹⁰)
878 5199 952 5250 oilae
964 5195 994 5252 C.
1008 5225 1043 5236 -
1094 5195 1243 5266 quentlbus
1261 5196 1282 5251 C
1302 5195 1342 5250 De
1359 5198 1524 5250 interiorem
1542 5196 1693 5249 homimem.
