4044 6098
280 399 339 463 898
954 393 1147 461 ualeamus

284 551 383 624 tiores,
403 558 435 614 et
454 549 555 632 aliquo
576 548 663 614 modo
682 548 802 614 Nicetes
822 547 986 628 Serranum,
1002 547 1060 612 nisi
1083 547 1161 630 quod
1174 547 1278 611 doctus
1292 548 1342 613 illc
1355 546 1412 628 vir,
1429 547 1653 630 locupletissima
1671 548 1829 614 instructus

283 659 470 739 bibliotheca,
486 676 521 722 ex
542 675 600 742 qua
615 658 702 722 nobis
715 657 877 723 transmisit
891 657 1103 741 amplissimam
1116 657 1148 722 in
1163 657 1290 740 psalmos
1308 656 1460 736 Caunum,
1476 675 1561 722 suum
1575 657 1738 725 condiderit
1751 677 1831 724 com·

280 767 457 832 meutarium
477 764 577 850 potins
597 783 633 830 er
654 764 722 830 aliis
742 772 773 832 et
793 766 871 830 notis
882 764 1011 830 l’atrum
1025 765 1173 848 operibus,
1191 783 1278 850 quam
1294 785 1331 831 ex
1347 763 1485 849 peculiari
1500 764 1683 848 singulorum
1696 765 1729 830 iu
1743 766 1828 850 psal-

282 873 385 940 terium
407 880 532 938 tractatu
549 873 582 954 ¹).

321 980 402 1046 idem
423 999 522 1046 nonne
544 980 707 1046 timendum
729 980 891 1064 periculum
920 983 949 1046 in
976 981 1081 1068 priscis
1101 981 1247 1049 Catenis?
1266 981 1409 1065 Equidem
1434 980 1519 1063 parri
1547 981 1652 1062 relert,
1674 981 1830 1048 dummodo

280 1085 413 1153 analecta
428 1106 498 1154 vera
513 1096 544 1152 et
558 1104 635 1151 nora
657 1087 727 1151 sint.
743 1087 799 1153 Sed
821 1107 879 1152 non
894 1088 1077 1154 diffitendum
1091 1088 1170 1154 baud
1185 1089 1322 1172 exiguam
1337 1088 1431 1154 creari
1446 1087 1608 1154 molestiam
1622 1089 1828 1155 anecdotomm

280 1193 485 1274 venatoribus,
507 1204 542 1258 ut
563 1203 640 1259 certa
663 1192 804 1276 indagine
825 1194 855 1260 in
875 1195 952 1262 mole
967 1204 1101 1260 ueterum
1115 1194 1287 1279 scriptorum
1302 1196 1454 1280 detegant,
1469 1196 1541 1280 quid
1561 1197 1602 1262 sit
1622 1216 1743 1277 norum,
1760 1197 1831 1281 quid

281 1310 393 1365 coctum
415 1310 608 1368 recoctumre.
630 1301 733 1386 Neque
750 1303 812 1385 jam
833 1319 951 1388 aequum
973 1313 1062 1384 esset,
1084 1304 1159 1369 adeo
1179 1303 1372 1384 stomachari,
1394 1304 1419 1367 si
1441 1303 1517 1368 inter
1537 1304 1625 1387 longa
1650 1314 1681 1372 et
1701 1305 1830 1370 coniecta

280 1408 423 1474 anecdota
438 1409 576 1492 subrepat
588 1425 649 1474 una
664 1417 717 1473 ant
731 1408 821 1474 altera
843 1409 959 1490 lacinia,
976 1427 1042 1493 quae
1062 1409 1255 1493 investiganti
1276 1421 1362 1476 rosta
1377 1410 1527 1477 volumina
1544 1411 1654 1477 lassum
1669 1412 1831 1479 citatumre

282 1515 399 1581 oculum
420 1515 536 1598 fugerit.
560 1515 707 1580 Caeterum
727 1514 766 1580 ad
788 1516 966 1599 psalmorum
988 1517 1211 1582 commentarios
1231 1517 1308 1601 quod
1329 1495 1454 1602 spectat,
1476 1537 1513 1584 er
1534 1521 1598 1602 ipsa
1619 1519 1830 1584 versiculorum

281 1622 469 1689 successione
489 1621 615 1688 indolem
630 1622 754 1688 retinent
768 1622 956 1706 peculiarem,
971 1640 1029 1706 qua
1043 1623 1128 1690 iacile
1143 1623 1181 1689 ah
1199 1624 1267 1688 aliis
1287 1623 1539 1691 lucubrationibus
1554 1636 1756 1692 secernuntur.
1772 1625 1830 1704 Qui
1861 1709 1866 1718 Ι

281 1749 354 1796 rero
374 1729 502 1795 Catenae
522 1729 728 1810 condiderunt,
747 1738 790 1795 tot
809 1738 943 1796 veterum
963 1729 994 1794 in
1015 1729 1143 1812 psalmos
1163 1732 1379 1797 commentariis
1395 1732 1594 1813 abundabant,
1611 1732 1699 1797 immo
1719 1732 1831 1797 obrue-

283 1836 402 1916 bantur,
422 1846 456 1902 ut
476 1837 506 1903 in
527 1837 586 1902 alia
606 1837 782 1904 diverticula
803 1839 855 1904 rix
876 1857 1003 1922 unquam
1026 1840 1126 1921 lugere
1146 1839 1311 1905 debuerint.
1338 1839 1413 1920 Qum
1434 1840 1460 1904 si
1486 1858 1539 1923 pro
1563 1841 1671 1924 exiguo
1691 1839 1832 1923 scriptore

282 1945 347 2012 haec
368 1945 490 2011 latibula
510 1945 663 2030 petierint,
681 1955 760 2013 certe
782 1956 881 2013 tantus
901 1957 965 2014 erat
986 1957 1102 2032 tamque
1121 1948 1258 2013 immanis
1278 1947 1421 2030 Origenes
1443 1949 1475 2012 in
1495 1947 1557 2013 solo
1577 1946 1755 2031 psalmorum
1775 1963 1829 2010 ar-

281 2063 441 2135 gumento,
462 2063 496 2120 ot
516 2056 691 2120 Catenarnm
717 2053 919 2120 collectoribus
939 2074 977 2120 ne
1004 2055 1131 2138 suspicio
1156 2055 1276 2140 quidem
1296 2056 1413 2122 venerit
1431 2056 1489 2120 alia
1510 2075 1546 2122 er
1566 2055 1697 2139 eiusdem
1717 2053 1831 2120 catoris

281 2162 418 2246 operibus
438 2159 568 2225 subsidia
588 2160 755 2243 repetundi.

320 2270 467 2336 Tenemus
482 2269 570 2350 igitur
583 2268 752 2348 origenem,
764 2285 868 2334 uerum
883 2269 1089 2352 sincemmque
1104 2269 1290 2353 interpretem
1305 2269 1497 2354 psalmorum;
1514 2287 1608 2336 acres
1622 2289 1673 2352 per
1687 2289 1721 2336 se
1734 2277 1829 2353 patet,

284 2389 345 2445 tum
365 2400 400 2447 ex
422 2379 472 2442 illo
492 2378 689 2462 llexaplorum
708 2386 854 2461 apparatu
875 2377 904 2442 in
925 2378 1031 2461 quibus
1049 2377 1116 2462 jure
1136 2396 1189 2443 suo
1209 2378 1339 2456 habitat;
1363 2385 1482 2470 tumex
1503 2376 1658 2442 verborum
1680 2393 1828 2441 sacmrum

283 2487 378 2570 copia,
390 2486 518 2552 maxime
534 2485 564 2550 in
579 2485 706 2551 homiliis
721 2493 881 2568 congesta;
898 2493 960 2550 tum
971 2503 1006 2550 ex
1019 2485 1216 2551 similitudine
1229 2495 1259 2550 et
1272 2484 1488 2551 necessitudine
1504 2485 1579 2549 inter
1593 2484 1718 2567 plurima
1732 2493 1832 2547 nostra

282 2603 314 2660 ct
333 2612 368 2659 ea
388 2610 456 2676 quaa
476 2592 560 2657 nobis
581 2592 672 2658 latine
693 2601 851 2658 servarunt
868 2591 1003 2672 Rulinus,
1025 2593 1165 2672 Hilarius,
1189 2593 1380 2672 Ambrosium
1398 2602 1459 2658 tum
1480 2611 1517 2657 ex
1531 2591 1709 2658 catechetica
1730 2589 1831 2654 indole

285 2698 473 2778 scholiorum,
495 2716 554 2783 qua
574 2699 673 2764 missis
693 2698 830 2782 ampullis
851 2707 880 2764 et
900 2698 1280 2778 calamistris-circumcisa
1300 2709 1331 2765 ct
1351 2708 1447 2780 acuta,
1470 2699 1593 2764 telorum
1613 2699 1716 2777 instar,
1739 2697 1830 2764 verba

284 2806 412 2888 stringit
435 2804 537 2889 Neque
557 2805 617 2869 illic
638 2805 719 2871 deest
739 2803 875 2887 quaedam
890 2813 998 2870 tessera
1014 2804 1165 2887 magistri;
1181 2823 1217 2870 ac
1231 2806 1307 2872 sicut
1321 2806 1408 2890 paulo
1430 2827 1518 2890 supra
1540 2808 1571 2872 iu
1586 2806 1759 2890 Hippolyto,
1774 2805 1832 2870 de-

284 2913 562 3010 prehendereljurit
582 2931 736 2979 romanum
762 2912 909 2996 quoddam
934 2914 1123 2997 supercilium
1148 2913 1178 2978 iu
1204 2925 1338 2999 prompto
1364 2915 1564 2998 interrogandi
1586 2925 1617 2980 et
1637 2911 1831 2997 respondendi

284 3021 465 3106 magisterio,
489 3022 530 3086 ita
551 3021 661 3087 doctori
683 3021 879 3086 alexandrino
900 3019 1041 3086 solemnis
1054 3031 1101 3086 est
1114 3040 1189 3102 mos,
1205 3023 1271 3088 sire
1291 3021 1450 3088 inchoandi
1472 3040 1636 3088 asermooe
1657 3019 1828 3098 decretorio,

283 3131 423 3209 λεκτέον,
448 3130 568 3225 ῥητέον,
595 3130 706 3207 ἰστέον,
732 3130 911 3210 ἀκουστέον,
936 3124 1107 3222 ζητητέον,
1129 3131 1296 3223 τηρητέον,
1320 3130 1562 3223 παρατηρητέον
1585 3135 1655 3196 κτλ.
1674 3127 1739 3192 sive
1755 3126 1832 3192 diri·

285 3239 373 3306 dendi
395 3247 539 3322 perpetua
565 3236 724 3321 partitione
750 3237 974 3303 fecundissimas
999 3237 1215 3319 expositiones,
1237 3254 1273 3301 ac
1293 3236 1490 3320 suspendendi
1518 3236 1700 3301 audientium
1719 3235 1833 3299 animos

287 3347 393 3413 iestira
413 3346 539 3424 quadam
560 3353 591 3410 et
613 3342 785 3410 inexhausto
801 3352 1037 3426 argumentorum
1056 3345 1201 3436 ubertate.
1225 3344 1431 3427 Unusquisque
1452 3341 1483 3407 id
1502 3342 1625 3426 experiri
1647 3342 1764 3425 poterit,
1785 3342 1832 3406 cui

285 3453 418 3536 spondeo
440 3452 501 3517 iore
521 3459 553 3516 ut
573 3461 641 3534 post
655 3469 765 3534 paucas
780 3452 917 3534 paginas,
933 3451 1068 3517 eumdem
1081 3469 1196 3536 semper
1210 3452 1381 3535 magistrum
1397 3461 1550 3534 agnoscat,
1565 3449 1620 3514 sibi
1639 3449 1831 3514 cohaerentem

286 3568 317 3625 ct
333 3567 571 3624 consentaneum.
588 3557 691 3641 Neque
705 3557 794 3623 etiam
811 3557 952 3636 fastidiat,
965 3575 1051 3640 quem
1067 3577 1153 3643 supra
1168 3559 1256 3642 paulo
1272 3557 1373 3624 durius
1387 3559 1513 3638 agitari,
1529 3556 1687 3640 singularis
1707 3556 1833 3641 pruritus

285 3667 323 3732 ad
345 3676 469 3761 γνῶσιν,
492 3666 529 3731 ad
544 3665 707 3745 scientiam,
720 3666 759 3731 ad
772 3663 988 3748 philosophiam
1003 3675 1155 3732 actuosam
1169 3674 1200 3733 et
1216 3665 1419 3731 theoreticam:
1443 3664 1506 3730 haec
1525 3683 1596 3731 sane
1608 3666 1669 3750 jam
1686 3664 1832 3730 catechesi

287 3771 495 3839 Alexandrina
515 3773 624 3837 inserta
639 3779 669 3836 et
690 3769 791 3836 inolita
810 3771 953 3853 Origenes
967 3771 1092 3837 invenit.
1109 3773 1220 3852 Quidni
1236 3773 1332 3858 potius
1347 3772 1461 3856 placeat
1482 3773 1632 3837 familiaris
1648 3771 1696 3837 illa
1717 3790 1835 3839 sernro-

287 3881 407 3960 cinatio,
424 3898 482 3964 qua
492 3879 620 3964 juvenes
631 3879 751 3964 juvenis
765 3879 918 3962 magister,
933 3895 1115 3962 quacumque
1130 3889 1215 3964 copta
1230 3881 1391 3960 occasione,
1404 3881 1484 3947 acuit
1496 3890 1527 3946 et
1540 3881 1702 3946 calcaribus
1715 3881 1832 3963 premit,

287 3996 320 4052 nt
334 4003 431 4052 coram
446 3986 508 4052 Deo
523 3997 553 4052 et
565 3985 734 4052 hominibus
747 3987 871 4053 scientia
885 3995 917 4052 et
930 3987 1075 4069 sapientia
1088 4006 1154 4053 curu
1174 3995 1263 4054 aetate
1283 3987 1463 4072 proliciunt?
1482 3987 1560 4054 Nihil
1580 3987 1658 4053 enim
1679 3987 1760 4052 aliud
1782 4007 1834 4072 per

286 4113 333 4160 me
354 4092 424 4160 licet
444 4103 591 4178 quoeratur
613 4094 643 4158 in
663 4096 791 4178 gnostico
812 4095 861 4160 illo
882 4095 1062 4176 magisterio.

326 4202 472 4268 Caeterum
491 4202 517 4268 si
538 4202 648 4268 scholia
668 4202 806 4269 breviora
827 4202 923 4282 luere,
947 4211 980 4267 ut
999 4202 1120 4287 opinor,
1141 4203 1335 4270 adolescentis
1356 4203 1486 4286 magistri
1512 4203 1625 4287 primus
1651 4203 1745 4285 letus,
1767 4205 1834 4288 plus

285 4311 384 4378 tuinus
405 4313 576 4378 immaturus
597 4320 628 4378 et
650 4313 758 4404 ἄωρος,
778 4309 916 4375 homilias
937 4309 1044 4375 scimus
1062 4319 1094 4377 et
1107 4311 1332 4377 commentarios
1345 4328 1442 4375 serum
1460 4320 1489 4377 et
1502 4327 1596 4391 grave
1610 4330 1684 4395 opus
1697 4329 1760 4378 csse
1772 4311 1832 4394 jam

286 4439 378 4505 prope
397 4417 583 4503 sexagenarii
605 4419 775 4501 scriptoris,
796 4437 886 4502 quum
905 4417 994 4483 certis
1014 4426 1130 4484 constet
1149 4422 1339 4502 argumentis,
1355 4418 1494 4503 pleraque
1514 4419 1591 4485 intra
1612 4436 1706 4484 annos
1724 4417 1832 4483 Christi

285 4528 343 4592 all
365 4536 396 4594 et
416 4527 475 4592 all
496 4527 621 4609 primam
643 4525 674 4590 iu
694 4525 791 4592 lucem
805 4529 932 4592 venisse.
949 4525 1048 4604 Quum
1062 4544 1133 4592 reru
1147 4526 1225 4591 hanc
1244 4526 1349 4592 molem
1371 4527 1646 4593 commentariomm
1666 4526 1778 4610 primus
1799 4544 1834 4591 oc

287 4635 346 4701 lere
366 4652 444 4700 uuus
464 4633 503 4699 ad
523 4634 579 4700 boc
598 4633 751 4717 fastigium
772 4631 899 4712 duxerit,
915 4632 1103 4714 extemporali
1117 4631 1290 4717 plerumque
1302 4636 1440 4700 corcione
1454 4653 1537 4715 usus,
1553 4635 1730 4717 parcendum
1743 4632 1835 4700 onhe-

285 4742 357 4808 lauti
380 4743 532 4827 magistro,
549 4747 575 4809 si
589 4762 624 4810 ea
638 4763 706 4828 quae
719 4743 756 4810 ad
770 4759 888 4810 manum
902 4753 1000 4822 erant,
1014 4745 1191 4824 communia,
1207 4744 1309 4824 chria,
1324 4762 1401 4811 nora
1416 4754 1480 4811 tom
1501 4744 1620 4829 quidem
1640 4754 1671 4810 et
1692 4743 1830 4826 recentia,

286 4854 339 4920 sed
362 4853 430 4918 trita
451 4853 649 4937 postmodum,
672 4850 850 4932 adbibuerit,
871 4871 938 4938 quae
958 4853 1081 4919 sortasse
1101 4852 1206 4919 notarii
1226 4865 1257 4919 et
1277 4853 1391 4919 librarii
1412 4854 1531 4919 exiliora
1552 4853 1775 4920 redhibuerunt.

325 4960 411 5028 llaud
424 4959 505 5028 enim
520 4959 777 5041 dissimulandum,
793 4959 869 5043 quod
882 4959 942 5044 jam
956 4978 1017 5027 oon
1031 4961 1118 5028 semel
1133 4959 1259 5028 diximus
1273 4960 1406 5050 candide,
1424 4963 1511 5028 nimis
1527 4963 1616 5029 multa
1632 4982 1696 5030 esse
1717 4961 1830 5040 mutila,

323 5157 346 5224 ll
366 5159 439 5214 Vide
457 5175 519 5230 quea
541 5159 616 5214 inira
634 5162 765 5214 notamur
782 5175 809 5229 p.
828 5155 891 5226 406,
910 5155 974 5214 407.
