4064 6108
244 359 301 428 8³0
928 352 1107 426 ruiturus

240 507 348 592 quibus
369 507 433 574 riri
460 525 519 574 non
544 514 651 592 potest,
673 506 839 574 offerentes.
863 507 902 574 aa
928 507 993 573 ideo
1048 521 1110 588 pre
1124 505 1266 572 naturalis
1281 505 1532 572 rationisescessu
1546 505 1755 602 uociferantur,
1769 519 1801 575 et

242 613 399 680 comedunt
418 612 546 695 quidem,
560 630 599 678 ne
612 611 761 708 esuriant;
777 613 883 678 bibunt
894 621 993 679 autem
1045 609 1139 677 ueluti
1160 611 1296 695 quadan
1317 611 1387 678 fere
1406 612 1488 679 rabie
1508 613 1701 693 concitantur,
1718 623 1749 681 et
1768 615 1799 681 iu

242 737 278 784 ne
297 719 409 800 sitiant,
426 722 593 786 satietatem
608 729 643 784 ut
656 719 763 785 anime
776 729 806 785 et
819 719 932 798 corpori
949 721 994 785 in·
1046 716 1228 782 seinvicem
1249 718 1442 799 invadentes,
1464 719 1619 799 mordent,
1641 730 1672 787 et
1693 721 1801 787 rodunt

242 824 344 890 festam
356 837 540 890 aversantes.
554 825 702 906 Quoniam
716 838 814 892 antem
831 810 993 910 tegumenti
1048 842 1143 902 nares,
1154 841 1254 903 aures,
1265 825 1389 908 digitos,
1400 835 1432 892 et
1441 826 1502 892 alia
1513 828 1645 893 membra
1659 828 1799 914 corporis,

241 929 350 1012 duplex
370 940 416 996 eet
439 949 550 1014 genus,
573 932 668 997 uestis
688 932 799 998 scilieet
822 941 853 997 et
877 933 992 1012 domus,
1047 934 1080 990 ut
1099 927 1236 1012 Cyclopis
1256 937 1286 994 et
1309 930 1421 1014 ulyssis
1434 929 1579 997 sociorum
1601 931 1727 998 fabulam
1748 951 1801 998 uc·

240 1037 361 1104 domum
386 1039 503 1122 quidem
528 1040 609 1121 prius
634 1041 745 1106 dictum
773 1049 816 1105 est
844 1058 903 1105 non
930 1057 994 1106 esse
1047 1051 1110 1098 ram
1130 1035 1296 1116 ostendant,
1319 1037 1437 1116 frustra,
1452 1037 1539 1104 nteit
1557 1047 1653 1120 poeto,
1667 1038 1800 1104 homines

242 1141 325 1208 varie
345 1141 519 1208 instructam
539 1152 570 1210 et
589 1155 740 1226 ornatam,
763 1146 815 1211 sed
836 1145 936 1211 mdem
958 1163 994 1210 ac
1047 1141 1207 1209 devorans.
1230 1143 1268 1209 Et
1287 1144 1464 1210 crudeliores
1483 1145 1601 1229 quidem
1622 1158 1691 1212 sunt
1711 1167 1799 1232 quam

241 1267 278 1315 ex
306 1259 436 1334 tempore
461 1250 648 1332 fabricatam,
670 1260 700 1317 et
724 1253 762 1317 ad
786 1252 881 1317 solum
906 1269 993 1316 usum
1048 1247 1107 1312 ille.
1130 1248 1183 1314 ille
1201 1249 1280 1313 enim
1302 1247 1436 1314 inimicos
1455 1267 1521 1315 esse
1541 1259 1634 1330 ratus,
1649 1268 1699 1316 eos
1718 1252 1800 1316 ultus

242 1355 358 1420 factam.
377 1356 429 1421 Est
445 1356 547 1421 itidem
561 1357 655 1422 vestis
668 1375 784 1441 quoque
798 1358 940 1424 uilissima
955 1358 993 1423 ad
1047 1367 1109 1435 est;
1127 1355 1174 1421 isti
1190 1375 1262 1422 sero
1274 1357 1469 1423 familiaribus
1483 1367 1513 1424 et
1533 1359 1646 1438 amicis,
1666 1377 1801 1425 nonnun-

243 1473 348 1530 estnm
359 1465 508 1548 frigusque
518 1465 760 1549 propulsandum,
769 1483 866 1531 cressa
875 1466 993 1549 quidem
1047 1479 1136 1544 quam
1156 1472 1187 1528 et
1200 1463 1343 1546 cognatis,
1359 1463 1388 1528 in
1402 1464 1464 1529 sale
1477 1473 1507 1528 et
1524 1481 1635 1544 mansa,
1649 1481 1800 1550 coenaeqne

243 1571 332 1652 leena,
350 1590 386 1635 ex
406 1571 520 1636 hirsuta
542 1571 628 1655 pelle,
647 1570 751 1648 bieme,
772 1580 876 1637 astam
896 1581 994 1638 autem
1047 1569 1253 1650 libaminibus,
1275 1571 1395 1637 bestilia
1415 1591 1451 1636 oc
1470 1572 1583 1638 nefaria
1608 1573 1736 1653 faciunt,
1758 1575 1797 1640 iis

244 1677 415 1743 exemisset
427 1675 561 1743 linteum.
574 1679 791 1746 Omninoenim
805 1680 994 1758 abarrogan·
1048 1697 1114 1761 quae
1135 1680 1165 1744 iu
1185 1679 1331 1762 gymnicis
1354 1680 1429 1745 fiunt
1448 1679 1657 1747 certaminibus
1678 1682 1797 1764 similia,

246 1783 286 1848 tia
306 1784 433 1850 alienam
458 1785 676 1869 simplicitatem
696 1795 851 1863 exercent,
871 1784 997 1850 scientes
1048 1787 1098 1871 qni
1114 1787 1205 1852 etiam
1220 1796 1360 1870 tanquam
1378 1787 1498 1872 probum
1513 1807 1675 1869 nummum,
1691 1791 1801 1855 exerci-

247 1889 339 1954 fastns
358 1891 475 1973 quidem
495 1901 526 1957 et
545 1893 725 1975 arrogantiae
737 1911 803 1959 esse
817 1891 994 1976 principium
1050 1893 1187 1958 tationem
1197 1893 1365 1958 adulterant
1375 1913 1410 1959 ac
1419 1893 1595 1978 depravant,
1604 1905 1635 1959 et
1646 1913 1698 1978 pro
1709 1897 1802 1963 atble-

246 1996 428 2062 mendacium
443 2008 473 2063 et
493 1997 610 2080 falsum,
626 2000 782 2065 veritatem
797 2016 870 2067 uero
884 1999 995 2082 simpli·
1050 2000 1088 2064 tis
1104 1999 1215 2079 ἄθλιοι,
1228 2000 1257 2062 id
1270 2008 1317 2064 est
1327 1999 1424 2064 miseri
1436 2019 1471 2065 ac
1481 1999 1643 2066 calamitosi
1658 2004 1800 2069 eradunt.

247 2105 357 2186 citatis,
370 2116 526 2190 utrumque
537 2117 636 2173 autem
647 2107 995 2190 bobctfontisrationem.
1049 2105 1111 2169 Hoc
1130 2105 1207 2170 enim
1228 2112 1274 2170 est
1288 2122 1394 2170 nomen
1409 2104 1468 2169 illis
1481 2106 1709 2173 attribuendum.
1725 2106 1802 2185 Qum

247 2215 271 2275 Α
292 2210 365 2276 falso
385 2201 464 2277 enim
486 2213 634 2295 profluunt
654 2214 833 2296 multiplices
853 2211 996 2276 malorum
1048 2211 1127 2276 enim
1148 2211 1265 2277 Grecos
1286 2209 1427 2278 babentes
1448 2222 1638 2296 spectatores,
1661 2213 1799 2294 interdiu,

245 2317 375 2399 species;
397 2336 415 2383 a
436 2319 563 2385 veritate
583 2331 681 2386 anum
701 2321 805 2388 uberes
828 2321 994 2387 divinorum
1050 2334 1103 2398 pro
1122 2317 1245 2384 uictoria
1272 2327 1302 2383 et
1321 2317 1438 2384 coronis
1463 2319 1678 2404 Olympioniois
1700 2320 1742 2384 illi
1763 2340 1801 2386 eu

245 2435 276 2489 ct
296 2426 486 2491 bumanorum
507 2428 647 2494 bonorum
670 2429 830 2496 facultates.
1050 2432 1114 2491 arte
1133 2427 1255 2505 faciunt,
1270 2443 1305 2492 ea
1327 2423 1356 2488 bi
1377 2425 1585 2505 adulterantes,
1600 2427 1631 2490 iu
1651 2428 1801 2508 convivio,

287 2532 358 2598 Volo
378 2537 477 2600 autem
499 2544 529 2598 et
548 2538 586 2601 de
599 2536 801 2602 communibus
815 2555 913 2602 eorum
928 2555 997 2602 con·
1050 2541 1154 2613 noctu,
1177 2533 1208 2597 in
1230 2533 1374 2615 tenebris,
1398 2535 1567 2614 temulenti,
1589 2535 1746 2602 inscientes
1770 2549 1801 2603 et

247 2639 386 2706 rentibus
399 2651 429 2706 et
447 2641 634 2709 hilarioribus
655 2645 686 2708 iu
708 2644 855 2710 conuiuiis
874 2662 996 2709 consue·
1050 2642 1130 2707 nullo
1142 2642 1191 2707 rel
1206 2641 1338 2726 improbo
1350 2642 1486 2721 artificio,
1499 2643 1537 2708 ad
1550 2661 1652 2710 eorum
1665 2645 1715 2728 qui
1737 2664 1800 2730 per·

247 2745 399 2812 tudinibus
418 2747 532 2829 dicere,
553 2767 588 2815 ea
608 2769 675 2815 cum
699 2749 821 2817 aliorum
848 2751 996 2816 conuiuiis
1050 2747 1212 2831 peliuntur,
1235 2748 1436 2832 ignominiam,
1456 2749 1592 2826 dedecus,
1612 2749 1748 2833 injuriam
1766 2768 1802 2816 ac

247 2872 429 2938 comparans.
451 2857 487 2922 111
508 2858 585 2924 enim
606 2861 725 2942 quando
745 2877 778 2925 se
798 2877 876 2926 mero
897 2860 998 2943 ingur-
1051 2858 1257 2924 contumeliam
1271 2857 1479 2939 grauissimam
1491 2863 1522 2922 et
1535 2857 1749 2923 acerbissimam
1761 2859 1803 2923 fa-

247 2961 419 3044 gitarerint,
437 2974 575 3049 tanquam
597 2985 656 3032 non
669 2968 788 3048 uinum,
804 2967 903 3034 sedad
918 2986 996 3034 emo·
1051 2964 1143 3030 ciunt.
1160 2965 1212 3030 Sin
1227 2971 1327 3030 autem
1348 2964 1446 3030 nullus
1466 2964 1559 3031 ueluti
1578 2967 1753 3047 agonotheta
1769 2968 1800 3032 in

246 3067 374 3131 rendam
394 3079 521 3135 mentem
541 3071 735 3155 ciendamque
747 3072 874 3138 furorem
894 3083 996 3156 aptum
1051 3070 1180 3139 medium
1192 3069 1573 3155 procedenseosdiremerit
1584 3089 1619 3137 nc
1628 3071 1799 3156 sejunxerit,

246 3189 413 3252 uenenum,
432 3183 484 3239 aut
506 3177 532 3240 ei
552 3177 624 3260 qnid
644 3187 690 3243 est
708 3182 829 3261 granius
856 3177 995 3260 biberint,
1052 3177 1160 3261 majore
1169 3177 1286 3242 licentia
1302 3175 1505 3256 colluctantur,
1521 3184 1645 3242 mortem
1659 3177 1744 3243 simul
1759 3179 1801 3245 af·

247 3390 416 3461 utilissima,
435 3410 552 3465 quorum
572 3395 674 3466 absque
692 3394 786 3450 visera
806 3412 861 3449 non
881 3400 938 3466 eatp
957 3398 998 3452 ita
1051 3411 1113 3450 rum
1132 3399 1161 3449 et
1179 3393 1326 3448 hilariores
1339 3391 1368 3446 in
1381 3392 1517 3446 conviviis
1530 3407 1622 3446 mores
1640 3409 1669 3446 se
1688 3393 1800 3463 ducere,

247 3481 384 3547 cibantur,
404 3497 438 3533 ne
457 3481 752 3552 esuriantqetbibunt,
766 3500 801 3538 ns
817 3484 931 3554 eicient3
951 3501 999 3540 ea·
1052 3501 1067 3538 e
1093 3486 1202 3539 diverso
1227 3481 1354 3555 ponendo
1379 3486 1472 3535 cetera
1496 3481 1631 3536 convivia.
1658 3479 1702 3534 Illi
1729 3482 1802 3536 enim

247 3571 378 3625 cietatem
396 3587 447 3640 pro
470 3570 577 3624 desidia
594 3575 694 3627 animae
714 3579 798 3645 atque
818 3575 945 3646 corporis
963 3590 997 3628 a·
1052 3575 1163 3629 assiduo
1181 3570 1317 3628 miraculo
1335 3572 1445 3639 saciata,
1468 3573 1547 3642 qnasi
1569 3587 1623 3624 non
1642 3572 1706 3624 vino
1732 3585 1802 3642 epo-

248 3663 428 3730 sperneutur.
450 3658 610 3714 Indumenta
634 3664 726 3715 mmen
747 3663 859 3733 gemina
877 3663 996 3735 species,
1052 3668 1109 3718 tuto
1131 3662 1166 3732 ⁴),
1184 3661 1232 3715 sed
1252 3660 1423 3714 incremento
1441 3658 1499 3712 sini
1519 3658 1630 3727 furiosi,
1649 3659 1698 3712 eut
1717 3657 1800 3729 quid·

248 3761 303 3802 una
316 3747 458 3818 tegminis,
470 3746 559 3802 altera
570 3765 621 3821 pro
634 3751 738 3806 amictu
753 3753 817 3806 siue
823 3755 996 3823 ornamento,
1051 3751 1117 3823 quid
1130 3753 1221 3822 pejus,
1237 3764 1287 3820 per
1304 3763 1451 3801 excessum
1469 3747 1554 3801 animi
1570 3745 1734 3801 inusitatum
1747 3744 1801 3799 eli-

248 3836 392 3891 remiesior
412 3837 486 3891 enim
504 3842 533 3891 et
557 3838 685 3909 expedite
703 3838 746 3893 vei
768 3841 945 3912 paratissime
963 3841 997 3895 ad
1052 3838 1119 3910 quid
1137 3837 1318 3908 crepitantes,
1333 3834 1419 3892 veluti
1433 3851 1516 3891 cenes
1534 3835 1662 3890 indomiti
1681 3831 1800 3888 exulan·

247 3927 300 3981 boc
319 3929 426 3980 mutum
445 3931 560 3997 operata
583 3933 641 3983 tum
668 3929 817 3986 simulatur
834 3934 862 3984 et
879 3931 997 3985 amictus
1052 3934 1109 3998 tur,
1124 3933 1153 3983 et
1165 3932 1316 3999 resurgunt
1329 3927 1462 3982 adversus
1475 3943 1515 3996 se,
1529 3927 1668 3980 morsibus
1682 3925 1800 3978 invicem

250 4013 545 4072 frivolushumilitatis
560 4018 583 4083 1)
597 4021 759 4078 mensionis.
770 4021 825 4076 Pro
838 4020 997 4093 amphibalo
1051 4017 1190 4073 laniantes
1204 4016 1382 4088 aliquotiens,
1400 4021 1428 4070 et
1445 4013 1626 4069 detondentes
1644 4011 1797 4080 auriculas,

248 4104 335 4178 pallio
347 4106 381 4160 de
394 4106 469 4180 pelle
482 4108 594 4166 biberen
606 4115 728 4181 tempore
739 4114 889 4183 grossiore,
899 4117 998 4168 metata
1052 4114 1080 4163 et
1097 4106 1322 4162 suceedentibus
1342 4106 1519 4172 desecantesp
1539 4103 1692 4174 degustent
1708 4106 1738 4156 et
1755 4101 1796 4156 di·

247 4211 312 4248 acro
331 4200 448 4251 utuntur
465 4198 583 4253 colobio:
603 4200 655 4254 boc
674 4201 754 4256 modo
773 4203 833 4255 sine
852 4206 921 4275 typo
941 4203 995 4255 im·
1053 4198 1128 4268 gitos
1147 4195 1259 4269 aliaque
1278 4195 1402 4250 membra
1419 4193 1577 4262 comeduut,
1590 4198 1619 4246 et
1631 4208 1729 4247 resera
1741 4194 1799 4264 Gy-

247 4287 401 4354 morantur,
414 4301 464 4358 per
483 4289 577 4341 omnia
588 4289 708 4344 scientes
723 4289 906 4362 supercilium
918 4309 996 4346 meu·
1052 4287 1141 4360 elopis
1160 4291 1189 4341 ct
1212 4285 1320 4359 Ulynis
1335 4282 1457 4338 fabulam
1479 4298 1572 4336 veram
1594 4282 1751 4351 ostendunt,
1773 4285 1801 4336 et

249 4373 418 4440 coctumst)
439 4376 560 4444 initium,
572 4377 705 4433 virtutem
723 4395 788 4434 vero
807 4379 997 4451 simplicitatis
1050 4378 1075 4432 si
1094 4375 1160 4448 quid
1179 4373 1319 4429 crudelius
1337 4377 1382 4427 est
1395 4373 1565 4442 irrogantes.
1579 4368 1629 4424 ille
1649 4371 1722 4423 enim
1741 4370 1799 4422 ini-

246 4465 376 4519 amieam.
395 4463 512 4520 Manent
529 4467 604 4520 enim
622 4470 738 4539 utraque
761 4467 848 4522 fontis
867 4471 940 4523 vice.
953 4469 996 4524 Ex
1052 4467 1138 4520 minos
1156 4463 1290 4518 verendos
1308 4460 1511 4527 ulciscebaturq
1530 4459 1560 4513 hi
1579 4461 1684 4512 amicos
1703 4463 1731 4512 et
1749 4474 1801 4529 pe-

246 4553 387 4608 mendatic
406 4554 482 4608 enim
506 4553 655 4626 plurifaria
673 4561 755 4629 etque
774 4555 911 4612 malorum
930 4573 996 4627 spe·
1052 4558 1144 4608 mutes
1163 4553 1192 4605 in
1217 4551 1306 4622 ipsam
1330 4565 1489 4605 mensuram
1514 4546 1656 4602 libaminis
1679 4545 1800 4600 nefando

246 4642 315 4711 ciem
336 4661 351 4697 n
369 4643 485 4698 vertute
503 4661 569 4699 vero
587 4645 693 4700 divitiae
713 4646 894 4701 humanarum
913 4651 996 4719 atque
1051 4643 1242 4714 operanturin
1256 4641 1374 4695 invicem
1387 4638 1537 4705 rabientes,
1555 4653 1606 4708 pro
1620 4633 1713 4689 federe
1732 4652 1802 4689 con·

247 4730 405 4786 divinarum
424 4748 528 4790 rerum.
1051 4733 1135 4788 nubis
1151 4729 1307 4786 insederets
1331 4732 1477 4801 gerentes,
1497 4732 1526 4782 st
1543 4741 1653 4782 omnem
1678 4723 1799 4796 speciem

284 4819 379 4876 Velim
397 4819 422 4886 31
445 4823 529 4877 etism
547 4838 705 4880 communes
723 4824 935 4882 convocationes
953 4841 998 4879 eo·
1052 4810 1238 4895 nequitiarum
1257 4821 1428 4892 irrogantes,
1440 4823 1468 4874 et
1485 4819 1534 4890 qui
1545 4819 1675 4890 poterent
1692 4831 1754 4869 esse
1771 4815 1800 4868 in

288 5016 310 5084 ¹)
324 5021 533 5080 tumultuositas
544 5022 572 5079 2.
585 5053 621 5067 -·
633 5021 656 5088 ²)
668 5024 872 5093 menducitotis,
888 5019 956 5091 1‚2,
971 5025 999 5076 et
1051 5031 1142 5091 optato
1159 5017 1188 5088 2,
1208 5018 1271 5072 dein
1289 5021 1353 5075 cini
1369 5021 1496 5086 curioso,
1517 5031 1551 5070 ex
1569 5029 1635 5069 vera
1654 5013 1754 5070 ecribm
1768 5026 1800 5065 e·

250 5105 306 5164 alio
321 5109 471 5186 subrepsit.
485 5143 520 5155 -
533 5113 557 5184 ³)
572 5115 669 5174 Votum
684 5112 709 5182 l,
720 5111 748 5172 2.
762 5141 796 5154 -
811 5111 838 5186 ⁴)
857 5129 915 5167 nors
926 5117 998 5168 unio
1052 5110 1181 5165 brietate.
