3978 6086
273 521 330 586 roc
858 517 1028 583 seuerus
1049 518 1237 584 rnnacrus
1283 479 1284 482 ‘

274 671 449 751 monianum,
459 671 490 734 in
499 670 587 738 dctis
600 668 719 751 relatas,
731 668 873 753 quidqtdd
883 668 924 734 sit
934 668 972 734 de
985 669 1123 751 temporis
1133 679 1201 734 nota
1212 669 1345 736 nonnihil
1359 669 1518 751 ambigua;
1531 667 1678 753 inquibus
1688 671 1824 757 smyrna

276 796 428 846 concussae
441 796 527 843 casus
548 787 578 842 et
597 777 727 860 ejusdem
743 775 918 842 instauratio
932 793 983 859 per
997 776 1130 842 Marcum
1148 786 1347 842 memorantur
1366 794 1432 840 cum
1453 775 1568 841 delectu
1582 775 1633 841 illo
1652 777 1821 859 verborum,

275 906 341 952 cum
361 903 397 952 ea
417 884 533 951 dicendi
554 884 805 969 sobrietateque
824 901 941 949 omnem
956 883 1036 965 lugit
1048 901 1158 949 morem
1173 893 1204 949 et
1217 883 1346 949 indolem
1358 880 1596 965 byzantinorum.
1620 884 1725 966 Detur,
1740 885 1822 964 volo,

271 1003 386 1079 partem
407 991 596 1076 posteriorem
609 993 742 1076 epistota
762 991 882 1057 dubiam
896 1009 978 1071 esse3
994 991 1120 1074 priorem
1138 1009 1217 1074 tegre
1237 989 1405 1071 concedam,
1427 988 1503 1054 nibil
1523 991 1580 1054 nisi
1602 991 1735 1058 baudana
1756 1009 1823 1058 esse

270 1099 501 1186 supposititiam.
519 1100 546 1182 ¹)

312 1207 386 1287 Quis
406 1224 477 1272 vcro
497 1210 537 1272 sit
558 1205 669 1290 primus
689 1205 793 1272 borum
814 1209 953 1271 actorum
973 1205 1118 1288 conditor,
1134 1223 1173 1270 an
1187 1205 1315 1289 Symeon
1335 1203 1522 1287 nugonem,
1537 1223 1577 1270 an
1596 1205 1823 1292 qualiscumque

271 1312 348 1378 alius
366 1312 520 1392 uetustior,
542 1309 622 1376 haud
642 1311 849 1396 inopportuna,
872 1311 925 1378 sed
943 1310 1058 1377 lubrica
1078 1309 1252 1395 disceptatio
1271 1321 1326 1377 cst.
1349 1309 1466 1388 Vereor,
1487 1330 1525 1376 ne
1546 1311 1658 1377 lacilius
1678 1311 1821 1398 Symeoni

276 1419 455 1498 tribuantur,
476 1436 669 1505 quaecumque
688 1419 750 1485 sola
770 1438 805 1482 cx
824 1417 922 1484 allatii
938 1435 1013 1483 voce
1026 1417 1067 1482 illi
1082 1416 1289 1497 vindicantur3
1305 1435 1363 1483 neu
1376 1418 1466 1484 ctiam
1479 1418 1611 1498 moilla,
1627 1419 1824 1504 quantumvis

275 1527 389 1607 doctus,
412 1527 504 1592 ullum
523 1527 604 1593 aliud
624 1527 682 1592 sibi
698 1534 904 1608 argumentum
925 1523 1072 1606 habuerit,
1093 1542 1182 1608 quam
1196 1524 1274 1608 quod
1289 1529 1370 1601 dcta,
1387 1505 1454 1605 cuca
1473 1523 1700 1610 bletaphrastica
1720 1533 1822 1607 vocat,

274 1631 305 1697 in
326 1631 428 1698 mdcm
448 1632 550 1698 codice
569 1631 691 1698 collecta
705 1631 863 1712 inuenerit,
879 1631 930 1696 ubi
944 1629 1081 1714 quedam
1093 1637 1163 1696 sunt
1176 1628 1233 1694 boc
1245 1629 1363 1695 nomine
1377 1628 1529 1713 inscripta,
1549 1629 1627 1714 quod
1648 1646 1754 1696 nomon
1768 1647 1823 1696 ra-

274 1737 424 1804 rissimum
443 1749 499 1805 cst.

315 1844 505 1930 Summopere
524 1854 622 1913 aalma
642 1846 774 1926 interest,
796 1845 872 1912 scite
892 1843 1055 1924 ostendere,
1078 1841 1239 1923 exstitisse,
1261 1843 1374 1928 absquo
1392 1843 1453 1909 ulla
1473 1842 1685 1923 controversia,
1706 1851 1826 1911 vetusta

276 1955 361 2034 dcta,
383 1971 450 2037 quae
471 1953 522 2020 diu
541 1964 613 2021 ante
634 1955 809 2038 Symeonem
829 1951 1021 2036 logothetam
1041 1950 1331 2017 circumferebantur.
1352 1949 1387 2016 ld
1408 1949 1480 2014 mibi
1500 1949 1645 2018 evincitur
1665 1951 1704 2016 ab
1726 1951 1826 2018 inelu-

281 2059 379 2126 ctabili
402 2059 544 2127 librorum
564 2060 765 2144 liturgicarum
788 2059 978 2140 auctoritate;
995 2074 1084 2142 quam
1098 2056 1183 2123 doleo
1196 2055 1386 2122 uehementer
1404 2074 1462 2122 non
1476 2057 1550 2124 satis
1563 2057 1687 2143 expendi
1710 2057 1739 2122 in
1760 2056 1827 2122 llol-

279 2170 425 2237 lcndianis
445 2171 752 2244 commentationibus.
779 2169 842 2235 Nec
861 2165 952 2232 semel
971 2165 1049 2247 dini,
1076 2182 1132 2231 nec
1159 2161 1257 2230 dicere
1281 2165 1431 2243 desinam,
1456 2165 1536 2247 apud
1556 2164 1686 2232 llelodos
1713 2181 1828 2245 genem

278 2279 370 2344 latere
388 2277 520 2344 omnium
541 2276 746 2362 antiquissima
766 2285 796 2342 et
815 2291 894 2357 saepo
914 2271 1067 2356 perspicua
1088 2280 1224 2336 veterum
1245 2281 1308 2337 τῶν
1333 2275 1427 2366 ἁγίων
1449 2274 1586 2338 Actorum
1599 2272 1744 2356 vestigia:
1762 2289 1830 2355 quor

278 2402 430 2469 nunquam
450 2385 511 2450 lere
531 2385 640 2451 seculo
661 2382 701 2449 lx
720 2381 886 2450 recentiora
905 2388 986 2461 sunt,
1002 2389 1033 2444 et
1052 2396 1119 2462 quaa
1133 2377 1278 2445 interdum
1292 2396 1385 2462 usque
1399 2378 1437 2442 od
1450 2377 1592 2444 maulam
1605 2377 1644 2446 tn
1657 2386 1688 2444 et
1702 2377 1738 2456 v,
1760 2396 1825 2443 cum

278 2492 410 2558 Romano
427 2500 457 2557 et
478 2491 573 2574 prisca
593 2490 775 2558 llelodorum
795 2487 907 2569 scbola,
930 2486 1017 2552 certis
1038 2495 1202 2569 temporum
1222 2483 1312 2566 notis,
1334 2494 1412 2551 retro
1433 2485 1575 2551 teruntur.

319 2598 364 2665 ad
379 2598 536 2666 Abcrcium
550 2599 628 2683 quod
642 2597 760 2681 attinet,
775 2599 899 2677 vulgata
913 2593 1036 2679 quidem
1051 2592 1164 2658 ttenaea
1177 2591 1329 2658 continent
1342 2590 1421 2657 band
1435 2590 1630 2674 inelegantem
1650 2590 1681 2655 S.
1705 2589 1830 2674 losephi

279 2704 501 2790 llpmnographi
516 2724 661 2788 enumera,
683 2705 722 2771 ad
741 2702 901 2770 secundam
921 2699 1020 2765 amomi
1041 2699 1110 2764 noni
1131 2706 1244 2783 partem
1265 2698 1366 2764 stricte
1380 2697 1757 2765 momenmentum
1776 2714 1830 2763 au-

279 2823 337 2878 tem
357 2813 473 2880 ldenaea
494 2812 584 2878 alium
604 2812 758 2878 continent
777 2825 929 2888 canonem,
952 2824 1040 2891 quem
1059 2805 1135 2870 intra
1155 2805 1257 2886 recito,
1279 2805 1454 2889 inscriptum
1474 2813 1574 2890 aperto
1595 2804 1752 2873 Clementis
1772 2823 1830 2870 no-

279 2920 369 3002 minc,
393 2918 444 3004 qui
465 2918 564 2985 lloruit
586 2919 663 2986 inter
674 2915 818 2985 tbmdori
833 2914 957 2981 studitae
971 2911 1075 2992 socios,
1092 2911 1124 2978 in
1137 2911 1230 2996 prima
1245 2912 1345 2976 saeculi
1358 2912 1399 2977 lX
1412 2911 1541 2996 periodo.
1557 2912 1668 2995 Turget
1689 2918 1831 2996 practerea

282 3036 376 3094 totum
397 3044 500 3112 poema
523 3036 597 3092 cestu
619 3027 733 3094 lernido
753 3026 899 3092 adversus
917 3017 1138 3099 lconomachos,
1165 3035 1201 3084 ac
1221 3017 1306 3084 facile
1325 3018 1408 3084 ducit
1425 3035 1532 3101 agmen
1556 3035 1676 3102 operum
1696 3025 1757 3082 tam
1777 3034 1832 3082 nu·

280 3151 359 3199 mero
378 3151 468 3217 quam
491 3132 620 3216 pondere
640 3131 813 3214 insignium,
836 3145 914 3213 qum,
937 3127 1024 3192 initio
1043 3125 1145 3191 smculi
1165 3124 1312 3209 ejusdem,
1334 3125 1458 3190 iocunda
1479 3123 1638 3192 Clementis
1657 3141 1736 3191 vena
1756 3123 1830 3190 ellu-

279 3241 334 3306 dit.
350 3240 373 3323 2)
397 3241 503 3306 Exstat
522 3239 642 3322 insuper
658 3239 690 3304 in
710 3238 812 3305 cadem
826 3236 995 3323 ἀκολουθίᾳ
1011 3243 1098 3302 uetus
1113 3233 1282 3298 idiomelum
1295 3231 1401 3298 loanni
1420 3233 1574 3312 monacho,
1587 3233 1671 3316 Juxta
1684 3232 1780 3298 editos
1794 3232 1831 3296 li-

281 3349 349 3414 bros
359 3348 514 3415 etcodices
524 3347 645 3431 priscos,
659 3349 682 3430 ⁸)
696 3346 924 3413 vindicandum:
936 3344 1001 3412 siue
1011 3353 1110 3409 autam
1126 3344 1184 3406 isto
1196 3340 1325 3406 loannes
1334 3339 1374 3403 sit
1387 3338 1437 3404 ille
1451 3338 1661 3418 Damascenus‚
1675 3338 1742 3405 sire
1756 3338 1832 3404 alter

320 3582 342 3645 ll
357 3582 429 3637 Aradi
446 3585 553 3652 partem
573 3579 651 3633 illam
670 3578 803 3650 priorem,
822 3573 965 3630 nonnullis
983 3591 1031 3629 or·
1084 3573 1221 3646 paginas,
1240 3589 1303 3643 quae
1323 3575 1415 3626 lamen
1434 3570 1547 3625 Abaccii
1566 3570 1645 3626 Actia
1663 3569 1751 3641 quoad
1776 3567 1834 3625 alia

282 3674 373 3726 nninm
393 3668 587 3723 varietatibus:
610 3665 753 3726 Ἀντωνῖνος
779 3664 937 3734 αὐτοκράτωρ
957 3659 1030 3716 cabet-
1077 3663 1270 3735 pepercisset:
1291 3663 1458 3734 Αὐτοκράτωρ
1477 3665 1575 3730 Καῖσαρ
1593 3663 1693 3730 Μάρκος
1715 3660 1833 3730 Αὐρήλιος

281 3763 337 3821 στύς
351 3758 485 3827 Εὐξινιανῷ
505 3755 747 3824 Ποπλίωνιχαίριιν.
761 3752 874 3826 -Ἐγὼ
892 3754 924 3814 οἷς
944 3757 1030 3824 πεῖραν
1083 3750 1227 3812 Ἀντωνῖνος
1246 3747 1365 3812 σιύοιστὸς
1394 3750 1527 3818 Εὐξενιανῷ
1547 3749 1676 3802 Πολλίωνι.
1696 3777 1730 3791 -
1744 3748 1832 3820 Ἐργφ

246 3879 249 3886 -
281 3853 325 3909 τῆς
344 3851 387 3908 σῆς
407 3847 535 3920 ἀγχινοίας
554 3844 732 3918 ἔργοιςιαύτοῒς
757 3848 893 3910 καταστὰς,
912 3847 955 3894 καί
982 3845 1031 3912 μά·
1085 3840 1234 3910 πειραθέντος
1254 3843 1298 3902 τοῖς
1315 3843 1359 3902 σῆς
1373 3840 1500 3913 ἀγχινοίας
1515 3843 1570 3908 πιρί
1585 3833 1834 3906 ὧνκατ”ίπιτροπολν

281 3943 355 3988 λιστα
377 3933 410 3996 οίς
433 3935 534 4008 ἔναγχος
560 3932 693 4004 προστάξει
719 3935 762 3984 τοῦ
786 3931 904 4001 ὐμιτίρου
926 3934 1029 4002 κράτους
1084 3931 1205 4000 ὴμετίραν
1225 3932 1326 4004 ἔναγχος
1347 3929 1476 4000 διεπράξω,
1498 3927 1657 3998 ίπικουφίσας
1676 3927 1721 3982 τὴν
1737 3945 1835 3996 cuppa·

282 4023 404 4096 διεπράξω
426 4021 581 4096 (διίπραξας,
597 4021 686 4074 Paris.
699 4017 784 4094 2720)
802 4025 869 4071 κατὰ
887 4020 930 4077 τὴν
945 4021 1030 4091 Σμύρ-
1086 4027 1128 4091 ρὰν
1147 4025 1179 4092 τῇ
1199 4023 1343 4092 Σμυρναίων
1362 4021 1440 4084 πόλει,
1454 4023 1469 4076 ἦ
1485 4019 1567 4072 ὐκτού
1580 4017 1665 4068 κλόνου
1678 4016 1760 4076 αὐτοῖς
1781 4016 1835 4068 irrr-

281 4135 338 4183 ναν,
358 4114 518 4185 ἐπικουφίσας
539 4112 683 4182 Σμυρναίοις
703 4110 747 4166 riu
772 4111 799 4162 ἐκ
818 4113 861 4162 τοῦ
880 4109 967 4162 κλόνου
986 4113 1032 4170 τῆς,
1085 4108 1173 4166 scitne
1193 4114 1236 4172 ’τῆς
1249 4115 1304 4183 γῆς,
1319 4112 1363 4168 τὴν
1377 4111 1400 4163 ia
1413 4109 1476 4160 πᾶσί
1488 4127 1530 4160 σου
1544 4105 1833 4176 ίύαὐμασαύπιμίλιιαν,

282 4209 328 4278 γῆς
349 4203 521 4277 ίπιγονομίνην
541 4202 624 4262 αὐτοῖς
644 4205 783 4272 συμφορὰν,
802 4201 877 4256 ἣσθην
893 4221 928 4268 τι,
949 4200 1031 4270 ὧσπιρ
1086 4207 1197 4273 μάλιστα
1216 4202 1346 4253 Καικιλίου
1365 4203 1408 4252 τοῦ
1426 4198 1546 4269 ἣμιτίρου
1560 4197 1646 4267 σαφῶς
1661 4198 1721 4265 blais
1740 4196 1835 4248 ἕκαστα

284 4298 356 4362 οἰκὸς,
372 4297 456 4347 aeleri
476 4297 520 4354 τῆς
534 4294 583 4344 τῶν
596 4292 755 4363 πραγμάτων
768 4289 908 4359 ἐπιμελείας
918 4290 1031 4360 ἐπῄνεσα
1085 4291 1281 4364 ιύαγγιίλαντος·
1300 4295 1343 4342 καί
1362 4289 1424 4358 ίχιις
1444 4287 1602 4360 ὐφιιλομίνην
1620 4305 1658 4338 σοι
1682 4284 1741 4355 παρ’
1761 4287 1834 4355 ὐμῶν

281 4385 390 4455 'ligandos
409 4388 460 4454 γὰρ
481 4386 581 4434 ἅπαντα
594 4386 660 4450 μετὰ
679 4376 813 4450 expunctae,
828 4381 963 4450 ὡσπερανεὶ
983 4399 1032 4431 πα·
1086 4381 1241 4452 εὐχαριστίαν
1260 4381 1320 4449 ὐπὲρ
1336 4381 1385 4431 τῶν
1399 4377 1521 4430 τοιούτων.
1533 4377 1575 4430 Ex
1588 4377 1688 4447 quibus
1699 4376 1786 4443 infer,
1801 4392 1833 4428 eo

284 4472 340 4541 ρών·
360 4473 404 4526 bre
417 4477 467 4543 γὰρ
480 4476 549 4541 παρὰ
562 4473 604 4522 σοῦ
618 4473 759 4540 πιμφύιῒσα
772 4472 893 4539 ἀναφορὰ,
910 4470 950 4521 ὅτι
970 4471 1031 4522 &tro-
1085 4473 1176 4542 magis
1194 4468 1361 4535 mirandum,
1381 4483 1435 4521 non
1455 4466 1535 4538 plura
1553 4483 1570 4518 a
1587 4464 1749 4537 Byzantinis
1768 4463 1835 4519 vul·

284 4564 363 4622 ὃιδιύς
382 4561 475 4614 ταύτην
495 4561 608 4620 Κεκίλιος
624 4559 770 4626 (Κακκίλιος
784 4559 850 4613 vet.
861 4557 925 4624 798,
940 4559 1031 4611 Paria·
1085 4577 1153 4614 nera
1177 4558 1373 4631 epigrammati
1392 4556 1546 4611 Abomiano
1572 4552 1652 4608 illata
1674 4553 1773 4608 fuisse.
1799 4583 1836 4596 -

286 4649 401 4705 coislin.
421 4653 499 4718 eim),
514 4651 526 4702 ὐ
539 4650 670 4719 ἐπίτροπος
681 4648 762 4717 ὐμῶν,
777 4650 878 4700 ἅπαντα
890 4667 932 4716 pact
945 4649 1031 4718 σαφῶς
1085 4647 1108 4712 ²)
1129 4648 1220 4702 Haben
1239 4645 1314 4701 inirtt
1331 4664 1358 4716 p.
1377 4643 1426 4699 180
1439 4648 1467 4698 et
1482 4643 1556 4697 inira
1570 4643 1689 4696 fortama
1707 4640 1836 4698 Clemen-

284 4742 434 4813 διηγήσαντο
449 4741 501 4808 (sic
514 4745 578 4812 poet
589 4755 662 4797 corr.
676 4745 732 4794 vat.
747 4733 811 4807 802,
825 4735 863 4790 al.
874 4739 1031 4810 διηγήσατο).
1088 4737 1123 4792 tic
1141 4736 1275 4792 Triodlon
1292 4739 1322 4790 et
1346 4735 1402 4789 alia
1423 4734 1559 4806 ejusdem.
1581 4762 1617 4774 -
1636 4735 1660 4797 ³)
1680 4733 1750 4787 Tam
1775 4731 1836 4786 sre-

286 4830 397 4896 Quaeri
421 4831 514 4883 minus
539 4829 651 4901 sepiant
669 4828 730 4897 tibi,
755 4844 846 4883 nonne
870 4828 969 4900 majori
989 4827 1032 4881 fa·
1086 4827 1199 4899 quentia
1217 4824 1329 4879 nornine
1347 4824 1375 4877 in
1395 4823 1478 4878 editis
1496 4822 1614 4877 Menaeis
1631 4820 1750 4893 praefixa
1769 4823 1837 4874 aunt

283 4918 368 4974 alidio
386 4935 501 4990 respue·
526 4925 692 4986 commenta,
718 4917 819 4988 quibus
836 4915 910 4970 aliua
939 4916 1031 4970 Meta·
1087 4911 1233 4983 idiomclia
1253 4927 1334 4984 quam
1353 4927 1419 4966 rara
1436 4914 1501 4966 sunt
1525 4911 1554 4963 in
1577 4908 1732 4964 codicibus.
1759 4910 1835 4963 Duos

283 5007 398 5079 phraata
415 5007 511 5061 eadem
534 5009 697 5062 retractavit
718 5005 790 5079 apud
810 5005 1032 5074 Boiasonadium‚
1086 5001 1185 5058 saltem
1204 5001 1249 5055 hic
1268 5005 1365 5055 notare
1373 5003 1466 5070 juvat,
1484 4999 1679 5076 Monacenaenr
1697 5012 1793 5062 unum,
1807 5000 1837 5049 el

285 5107 306 5149 t.
327 5110 366 5162 ιν,
385 5113 415 5166 p.
428 5093 541 5151 taetra
554 5095 653 5150 saltem
666 5093 760 5164 velim,
772 5111 807 5147 ex
826 5092 937 5148 collatis
956 5093 1033 5146 bisce
1087 5089 1204 5146 alterum
1227 5091 1423 5161 Mosquenaem
1448 5091 1618 5140 asservatum
1640 5087 1669 5138 ia
1694 5081 1836 5139 tabulario

284 5183 350 5236 hinc
370 5182 433 5236 inda
452 5183 611 5253 scripturis,
631 5199 713 5246 manu
733 5187 761 5236 et
779 5180 860 5236 oculo
879 5185 1033 5251 langetun
1088 5179 1217 5234 Coemrco
1240 5179 1417 5249 negotiorum
1431 5179 1619 5240 externorum,
1634 5172 1774 5242 inquibus
1791 5170 1837 5223 in-

287 5268 424 5338 qucmodo
444 5271 557 5322 vesania
580 5271 731 5342 Byzantina
753 5268 853 5326 saeviat
877 5269 906 5323 in
926 5273 1033 5323 vetem
1070 5267 1151 5322 *veni
1172 5263 1250 5319 illius
1273 5265 1392 5319 loannis
1410 5262 1592 5336 epigraphen.
