3978 6086
810 547 850 612 m
872 548 1083 615 Prummu
1201 637 1207 647 Ι
1663 552 1722 616 ιιι

177 698 303 765 πάντων
316 705 415 788 ἡμῶν,
428 699 447 772 ἢ
462 705 478 764 ό
491 700 628 790 Χριστός
641 709 735 765 τοῦτο
746 706 820 791 ἡμῖν
834 692 929 775 δηλοῖ
978 702 1107 765 omnium
1133 714 1275 783 nostrum,
1298 703 1356 766 uisi
1377 704 1535 768 Christus?
1556 705 1618 770 Hoc
1637 707 1723 771 nobis

174 809 223 871 ὅτι
248 807 373 871 πάντων
397 814 486 896 ἡμῶν
511 811 594 872 ἐστιν
610 812 629 881 ἡ
647 807 767 898 κεφαλὴ
785 813 801 872 ό
818 809 924 900 Κύριος
979 808 1118 888 declarat,
1141 810 1270 876 omnium
1292 820 1422 877 nostrum
1437 823 1601 896 caputesse
1618 814 1723 880 Domi·
1803 879 1807 886 ,

174 919 273 1003 ἡμῶν.
297 907 532 1003 Δαμύάνεταιό
556 914 668 1005 Ἰωσὴφ
693 921 734 992 εἰς
757 914 854 982 τύπον
869 928 925 983 τοῦ
978 934 1049 979 num
1069 926 1212 982 nostrum.
1242 918 1408 983 assumitur
1432 920 1545 1004 Joseph
1568 920 1598 985 in
1619 931 1723 1006 typum

173 1021 285 1110 Κυρίου
299 1020 490 1111 σαφέστατα·
501 1012 658 1112 πρόδηλον
671 1013 706 1087 δὲ
718 1023 767 1088 ὅτι
778 1022 868 1088 ‘ro-ort
879 1028 927 1088 εὺ-
978 1021 1095 1088 Domini
1127 1025 1372 1092 manifestissime.
1406 1028 1595 1112 Perspicuum
1625 1041 1722 1096 autem

173 1129 288 1219 λογίαι,
302 1134 334 1192 at
347 1129 397 1193 ἐπὶ
409 1129 555 1219 κορυφὴν,
570 1123 611 1193 ὧν
624 1129 770 1220 ἡγήσατο
784 1121 925 1220 ἀδελφῶν
979 1139 1025 1194 εει
1036 1129 1262 1209 benedictiones,
1273 1152 1358 1215 super
1367 1137 1495 1198 verticem
1505 1136 1645 1218 fratum,
1657 1154 1727 1222 φοο-

175 1240 280 1314 αὺτοῦ,
303 1237 374 1327 περί
396 1244 458 1301 τῶν
483 1242 525 1311 εἰς
549 1235 644 1302 αὐτόν
672 1237 925 1303 πεπιστευκότων
978 1253 1043 1298 rum
1064 1237 1187 1315 (tuaest,
1208 1236 1264 1302 dici
1280 1239 1317 1305 de
1337 1239 1394 1304 iliis
1414 1242 1464 1325 qui
1486 1242 1674 1308 crediderunt
1694 1243 1724 1307 in

177 1344 279 1432 puoto·
303 1347 337 1407 ού
360 1342 420 1436 γὰρ
450 1343 672 1433 ἐπαισχύνεται
696 1335 847 1435 ἀδελφοὺς
870 1347 927 1408 αύ-
980 1360 1057 1407 enm.
1073 1344 1157 1409 Haud
1170 1344 1247 1410 euim
1262 1346 1367 1429 puduit
1386 1346 1556 1414 iratrescos
1573 1349 1725 1415 vocarem

176 1449 248 1525 τοὺς
263 1453 368 1514 καλῶν
385 1454 416 1514 ἐν
433 1441 587 1542 διαφόροις
600 1461 657 1528 τῆς
673 1462 793 1544 γραφῆς
809 1450 924 1527 τόποις.
981 1449 1073 1514 variis
1095 1450 1264 1533 Scripturae
1285 1452 1366 1516 tocie.

956 1702 998 1777 V.

817 1879 864 1951 Ιιι
889 1877 1093 1952 Proverora.

225 2091 249 2156 t.
266 2092 339 2174 Cap.
357 2092 442 2156 IVv.
458 2093 507 2156 tt.
521 2085 626 2170 Ὁδοὺς
643 2088 762 2160 ἀσεύῶν
780 2093 822 2184 μὴ
842 2095 931 2160 ἑτέλ-
1023 2090 1048 2154 Ι.
1071 2091 1232 2176 Impiorum
1252 2095 1282 2158 ιἰι
1301 2094 1368 2159 vias
1381 2094 1444 2158 noti
1462 2094 1552 2176 σόίτι,
1574 2113 1662 2179 neque
1683 2115 1717 2159 σε

184 2202 251 2288 θῃς,
269 2195 351 2290 μηδὲ
369 2196 514 2290 ζηλώσῃς
530 2193 617 2279 ὁδοὺς
640 2203 836 2294 παρανόμων·
858 2207 889 2268 ἑν
906 2197 930 2267 ὧ
985 2198 1093 2264 murari
1110 2203 1227 2266 εειιιίίοε
1241 2207 1432 2286 pcccatorum
1445 2204 1477 2267 in
1491 2222 1546 2288 quo
1562 2203 1621 2268 ioco
1634 2208 1732 2268 costra

55 2336 58 2342 ·
186 2308 221 2374 ἂν
239 2310 327 2394 τόπῳ
343 2300 642 2400 στρατοπεδεύουσι,
658 2309 700 2399 μὴ
715 2310 846 2398 ἑπέλθῃς
858 2315 931 2376 ἐκεῖ·
982 2313 1149 2386 Potuerunt,
1164 2306 1233 2371 iiiuc
1251 2327 1287 2371 nc
1299 2307 1404 2385 nicom
1424 2310 1535 2374 declino
1553 2309 1590 2373 ab
1604 2307 1674 2388 iltis,
1695 2325 1731 2372 oc

120 2471 124 2479 .
184 2417 325 2483 ἔκκλινον
356 2409 391 2482 δὲ
420 2416 475 2482 ἀπ’
503 2423 623 2496 αὐτῶν,
647 2418 700 2482 καί
730 2412 931 2509 παράλλαξον
985 2419 1158 2496 praetereat·

187 2523 265 2600 [Vct.
289 2523 359 2601 718,
382 2524 425 2604 1].

227 2624 364 2708 Ἀσεύεῖς
389 2631 444 2721 μὲν
466 2637 494 2697 οἱ
510 2623 692 2724 ἑτερόδοξοι,
709 2633 884 2725 παράνομοι
900 2626 934 2700 δὲ
1034 2627 1120 2712 impii
1142 2638 1214 2694 suot
1231 2627 1418 2711 heterodoxi3
1437 2641 1605 2716 peccatores
1624 2641 1734 2712 amem,

184 2744 212 2803 ot
226 2731 409 2828 πάραύάτοιι
423 2750 479 2804 τοῦ
496 2740 600 2830 νόμου·
617 2734 659 2804 ὧν
675 2740 732 2819 τὰς
748 2733 845 2819 ὁδούς,
862 2743 935 2815 ἤτοι
988 2738 1039 2817 qui
1054 2736 1148 2818 legem
1170 2737 1433 2821 transgrediuntur:
1454 2758 1577 2823 quorum
1597 2741 1674 2821 uias,
1690 2740 1736 2805 vi·

184 2845 240 2923 τὰς
263 2839 386 2937 πράξεις
412 2846 454 2936 μὴ
480 2846 620 2913 ἐπελθεῖν
645 2872 728 2939 φησι,
754 2848 816 2925 Τὰς
837 2841 934 2930 ὁδοὺς,
989 2842 1094 2909 deiioet
1114 2853 1208 2925 actus,
1231 2844 1334 2910 sectari
1356 2853 1447 2910 rotat.
1467 2845 1565 2931 lnquit
1578 2848 1670 2913 euim:
1693 2847 1739 2914 Νι

186 2953 270 3045 φησι,
295 2963 357 3019 τῶν
388 2945 575 3046 ἑτεροδόξων
600 2955 642 3046 μδ,
674 2955 804 3045 ὲτέλθῃς
827 2955 847 3030 ἢ
872 2968 934 3023 τῶν
989 2950 1463 3032 οόισείοοισείιιειειίιοιιιιυιιυι
1471 2955 1739 3038 comprecantium

176 3060 241 3128 ,τόν
253 3061 346 3150 νόμον
358 3054 621 3153 παραόαινόντων.
636 3062 681 3129 Τό
692 3075 775 3157 γοῦν,
790 3064 832 3154 μὴ
848 3064 937 3130 sori:
991 3057 1088 3143 leuem.
1101 3059 1178 3126 liiud
1198 3080 1270 3144 ergo
1286 3081 1322 3126 ιιι
1342 3063 1472 3144 accedas,
1494 3064 1571 3131 idem
1591 3073 1684 3131 esrae
1701 3083 1740 3130 ne

186 3167 251 3256 θῃς,
265 3168 336 3234 ἀντί
350 3178 416 3234 τοῦ·
434 3167 476 3258 μὴ
496 3167 671 3259 ἑνόυμηθῇς
684 3170 726 3236 τόν
738 3162 936 3261 διανοήματα
990 3167 1144 3233 delecteris
1157 3168 1385 3252 cogitationibus
1396 3189 1505 3236 eornm.
1522 3170 1679 3257 Propterea
1691 3191 1741 3237 ca-

186 3281 297 3340 αἰετῶν.
323 3275 488 3340 Ἐκκλινον
513 3270 565 3341 οὖν
589 3275 643 3341 ἀπ’
667 3281 769 3343 αὐτῶν
802 3284 936 3368 ἡνιοχῶν
990 3293 1030 3341 νο
1044 3292 1061 3338 ο
1076 3275 1216 3341 similium
1230 3275 1399 3359 aurigarum
1420 3295 1530 3343 rosano
1550 3279 1672 3362 impetu.
1687 3278 1738 3347 uer

187 3381 243 3459 τὰς
273 3381 405 3475 ἀλόγους
428 3382 575 3473 ὁρμάςῆ
609 3376 729 3462 ἀσεόεῖς
760 3409 836 3476 φησι
866 3386 937 3463 τοὺς
991 3399 1044 3464 per
1058 3382 1162 3466 impios
1179 3381 1327 3465 significat
1344 3383 1522 3450 tentationes
1533 3401 1600 3469 quac
1613 3385 1740 3450 animam

189 3488 340 3581 πονηροὺς
363 3489 531 3583 λογισμούς
555 3487 657 3581 ψυχὴν
687 3494 938 3571 ἀποκτείνοντας·
991 3497 1127 3552 enecant.
1152 3489 1264 3570 Agmen
1285 3506 1385 3554 eorum
1405 3489 1544 3572 dirigitur
1572 3491 1603 3556 in
1630 3492 1740 3558 caedem

188 3601 205 3660 o
229 3597 361 3688 στρατὸς
385 3602 487 3662 αὐτῶν
512 3603 553 3676 εἰς
584 3599 675 3689 φόνον
699 3596 800 3690 ψυχῆς
830 3605 938 3694 ἀφορᾷ·
991 3592 1115 3657 animae:
1139 3594 1217 3659 «ubi
1233 3602 1328 3659 castra
1349 3595 1451 3661 metati
1467 3606 1547 3678 sunt,
1562 3605 1595 3662 tu
1611 3597 1680 3662 iiiuc
1700 3597 1742 3664 ire

190 3709 221 3770 ἐν
245 3700 270 3790 ᾧ
294 3709 330 3770 ἀν
345 3705 434 3790 εόεεῳ
452 3698 752 3796 mammaeam,
778 3707 820 3798 μὴ
847 3710 939 3774 επεν.
992 3718 1110 3784 οενοοε,
1126 3701 1179 3768 scd
1200 3701 1314 3767 doctina
1326 3703 1366 3767 ab
1379 3703 1434 3786 eis,
1450 3712 1481 3770 et
1493 3713 1663 3789 praetereas.
1677 3728 1692 3764 ν

189 3811 244 3900 όῃς
267 3817 340 3890 ἐκεῖ,
364 3812 505 3878 ἔκκλινον
529 3805 564 3879 δὲ
587 3813 638 3879 ἀπ’
664 3821 777 3894 αὐτῶν,
801 3817 854 3881 καί
877 3841 939 3882 πα-

191 3913 354 4010 ράλλαξον.

232 4025 271 4089 li.
289 4026 363 4110 Cup.
381 4023 440 4103 IX,
451 4045 480 4089 o.
497 4026 547 4092 12.
563 4025 619 4104 ’ος
637 4019 789 4119 ἐρείδεται
804 4029 855 4095 ἐπὶ
870 4026 941 4118 ψεύ-
1032 4022 1072 4088 ll·
1087 4022 1255 4100 Οίίύίίίίῑίί
1264 4023 1532 4108 mendacissimi
1546 4031 1656 4104 θθηίθίν·
1669 4027 1742 4093 idom

188 4126 280 4213 δεσιν,
305 4129 394 4212 οὗτος
418 4136 576 4224 ποιμαίνει
599 4134 771 4224 ἀνέμουςό
795 4127 821 4201 δ’
847 4137 941 4214 αὐτός
995 4136 1089 4194 auem
1109 4132 1318 4214 moecenatina
1338 4150 1403 4196 coeo
1423 4133 1560 4199 colonas.

189 4232 336 4319 διώξεται
359 4242 450 4333 όρνεα
473 4241 634 4331 πετόμενα
661 4240 740 4319 [Vnt.
762 4241 832 4320 mo,
856 4241 899 4322 3].

233 4349 280 4415 Τό
297 4341 409 4438 ψεῦδος
426 4349 563 4416 ἄστατον
580 4349 677 4442 φύσει·
693 4351 776 4426 ὅστις
800 4343 851 4416 οὖν
867 4361 944 4442 χρῆ·
1035 4347 1222 4413 Mendacium
1243 4357 1290 4414 est
1309 4367 1363 4414 suo
1382 4367 1490 4432 genere
1510 4349 1659 4416 instabile:
1679 4350 1744 4436 qui·

189 4478 243 4522 ται
258 4455 373 4542 τούτῳ,
390 4457 450 4524 τόν
467 4457 594 4549 φυσικόν
611 4457 751 4547 θεμέλιον
768 4456 869 4537 ἐάσας,
882 4459 941 4534 τὴν
996 4473 1120 4540 cumque
1133 4475 1205 4541 ergo
1215 4457 1364 4540 coutitur,
1375 4458 1510 4525 naturaie
1523 4459 1743 4526 tundamentum

188 4575 243 4629 τοῦ
270 4570 350 4630 Θεοῦ
367 4566 475 4654 σοφίαν
500 4563 648 4639 ἀλήθειαν
665 4559 768 4642 οὖσαν,
786 4559 944 4654 ποιμαίνει
998 4561 1145 4645 deserens,
1158 4564 1333 4648 sapientiam
1348 4564 1403 4632 nei
1418 4584 1485 4651 quae
1497 4576 1544 4634 est
1552 4566 1676 4649 veritae,
1691 4585 1744 4652 pa·

200 4669 337 4759 ἀνόμους,
361 4669 432 4761 περὶ
447 4665 489 4735 ὧν
513 4691 604 4761 φησιν
628 4675 645 4734 ὁ
669 4675 795 4749 Παῦλος·
818 4664 945 4738 Κλυδω-
997 4668 1181 4752 servanus,
1194 4670 1349 4755 dequibus
1363 4671 1404 4736 ait
1417 4670 1544 4739 Paulus:
1560 4697 1575 4734 ι
1589 4672 1745 4739 Fluctuari·

173 4769 347 4864 ’νιζόμενοι
378 4775 432 4840 καί
459 4776 691 4868 περιφερόμενοι
715 4780 811 4844 παντί
841 4781 944 4870 ἀνέμῳ
1000 4785 1044 4841 tes
1055 4785 1085 4842 et
1098 4777 1258 4844 circumlati
1272 4779 1350 4845 omni
1364 4788 1454 4845 rento
1468 4778 1609 4846 doctrinae
1620 4805 1650 4843 ν.
1663 4779 1744 4845 idom

196 4873 408 4959 διδασκαλίας.
432 4877 530 4960 Οὗτος
554 4875 588 4949 δὲ
611 4885 664 4949 καί
689 4876 834 4963 διόξεται
856 4885 946 4977 ὄρνεα
1001 4900 1073 4949 vero
1093 4883 1278 4967 persequitur
1294 4885 1430 4952 volucres
1450 4885 1594 4968 rotantes,
1617 4887 1668 4970 qui
1683 4885 1746 4952 affi-

193 4988 364 5079 πετόμενα,
389 4988 569 5082 συγγένειαν
593 4990 709 5081 ἔχοντα
731 4989 810 5082 πρός
830 4991 872 5057 τό
896 4997 948 5083 ἀρ,
1000 4990 1125 5056 nitatem
1138 4991 1329 5057 habenarum
1342 4993 1449 5059 aribus
1463 4994 1645 5078 rapientibus
1658 4995 1745 5060 semi·

229 5198 271 5272 V.
292 5215 334 5272 Ex
354 5217 448 5274 Ottob.
471 5215 536 5290 117,
556 5220 648 5276 Vatie.
672 5218 750 5276 1802.
771 5221 887 5276 Accedit
912 5238 946 5278 ex
1000 5241 1075 5280 τισοο
1095 5225 1152 5280 ΡΡ.
1172 5223 1231 5292 VH,
1251 5238 1283 5292 11,
1296 5222 1342 5295 71,
1355 5225 1402 5279 ubi
1415 5226 1551 5283 nonnulis
1571 5227 1745 5282 ridenturox

200 5306 354 5359 Anastasio
379 5307 443 5362 Vnt.
463 5305 528 5378 432,
547 5309 581 5362 do
600 5310 699 5380 quibus
717 5309 756 5364 cs.
777 5309 846 5364 maii
872 5313 945 5368 Bttt.
1001 5313 1118 5367 arbitrio
1137 5311 1244 5368 selecta
1262 5320 1291 5370 ot
1310 5313 1455 5372 translata.
