4064 6108
290 487 348 552 28⁰
812 477 1147 545 efluuuuuull’flus
1167 477 1254 544 SAEG.
1280 476 1322 541 lll

290 641 480 732 καλούμεναι
503 629 664 714 Κυκλάδις
693 636 745 724 ια’,
763 627 902 726 Ι’λνδρος,
927 642 1040 725 Τῆνος,
1138 631 1206 700 Εἰσί
1229 623 1263 698 δέ
1286 635 1390 708 αὐτοῖς
1413 631 1468 696 καί
1489 642 1578 708 νῆσοι
1602 630 1637 720 ss,
1660 634 1773 709 αίτινις
1789 634 1845 698 πύ-

292 751 369 841 Τίω,
380 742 502 839 ’Νάξος,
525 746 619 823 Κίως,
643 751 768 836 Κοῢρος,
785 749 896 829 Δῆλος,
919 745 1040 836 Σίρνος,
1094 745 1157 816 λεις
1173 738 1305 829 ἔχουσιν.
1323 737 1390 803 Εἰσί
1406 729 1439 804 δὲ
1454 732 1557 803 αὗται·
1578 731 1748 832 Σαρδανία,
1764 740 1845 832 Κύρ-

288 859 434 950 Ῥήναια,
456 857 578 948 Κύρνος,
604 853 766 947 Μαραθῶν,
790 859 867 942 ὁμοῦ
892 852 940 918 ιιί.
1096 872 1185 922 σικα,
1210 839 1316 938 Γῆρύα
1346 846 1366 920 sl
1399 857 1450 911 νῦν
1478 847 1655 936 καλουμένη
1686 849 1844 942 Μήνιγγα,

335 965 404 1031 Εἰσί
420 958 453 1032 δὲ
468 965 523 1030 καί
537 964 640 1055 ἐτέραι
654 975 743 1039 νῆσοι
760 957 896 1052 μείζονες
921 959 971 1046 ιβ’,
996 961 1043 1024 αί·
1095 955 1241 1048 Κέρκινα,
1264 955 1411 1022 Γάλατοκ

294 1098 374 1152 τινες
386 1073 441 1140 καί
455 1073 562 1149 πόλεις
577 1072 683 1162 έχουσι
699 1073 862 1160 πλείστας,
879 1074 911 1134 at
926 1066 1042 1133 καλού-
1140 1064 1269 1156 Μαύρων
1294 1063 1365 1136 ἔθνη
1391 1063 1445 1128 καί
1464 1065 1604 1129 ἀποικίαι
1620 1064 1694 1130 εἰσίν
1718 1065 1757 1158 μ.
1773 1071 1845 1132 Μω-

295 1207 386 1273 μιναι
410 1172 579 1273 Σποράδες,
601 1184 632 1245 ἐν
657 1175 703 1256 αῖς
727 1176 949 1263 ἀπῳκίσθησαν
968 1175 1043 1240 Ἕλ·
1097 1163 1258 1262 σουδαμοί,
1282 1171 1489 1257 Τησπιτανοί,
1515 1174 1676 1263 Σαρίνσης.

293 1295 394 1365 ληνες·
418 1287 477 1354 εἰσί
499 1279 533 1354 δέ
548 1282 650 1352 αύται·
666 1289 793 1375 Εὔβοια,
810 1286 934 1377 Κρήτη,
952 1291 1043 1350 Σικε-
1141 1287 1272 1347 Σπανῶν
1296 1290 1359 1346 τῶν
1383 1280 1437 1345 καί
1459 1283 1618 1370 Τυρινίων,
1645 1281 1844 1369 καλουμένων

293 1399 359 1483 λία,
382 1395 522 1487 Κύπρος,
546 1399 650 1479 Κῶος,
676 1392 792 1484 Σάμος,
811 1383 937 1482 Ῥόδος,
961 1393 1042 1476 Χίος,
1097 1380 1131 1454 δὲ
1154 1389 1423 1480 Ταρρακονησίων,
1446 1386 1517 1461 ἔθνη
1538 1389 1592 1453 καί
1607 1391 1747 1454 ἀποικίαι
1771 1389 1844 1456 εἰσίν

293 1503 408 1593 Θάσος,
431 1510 566 1592 Λῆμνος,
589 1493 716 1591 Λέσύος,
748 1498 948 1591 Σαμοθρᾴκη.
976 1497 1044 1562 Εἰσί
1097 1489 1128 1562 ε’·
1150 1497 1329 1587 Λυσιτανοί,
1345 1497 1497 1588 Βαιτικοί,
1513 1498 1708 1590 Αύτρίγονοι,
1726 1495 1845 1564 Βάσκο-

294 1603 329 1677 δὲ
352 1611 414 1676 ἀπὸ
444 1620 506 1675 τῶν
531 1616 673 1674 Βοιωτῶν
697 1600 821 1686 Εύύοια,
846 1607 949 1697 ὥσπερ
981 1606 1043 1671 ἀπὸ
1097 1604 1847 1698 νις,Καλλαθιοίοίκαλούμενοι”Αστορες.θύνο-

296 1728 359 1784 τῶν
385 1716 494 1785 Ἰώνων
522 1708 652 1792 Ἰωνίδες
674 1715 781 1792 πόλεις
806 1707 836 1790 ις’
861 1713 1044 1804 ὸνομασταί·
1096 1711 1169 1774 nith.
1194 1709 1301 1774 Poscit.

296 1826 354 1891 ίισί
379 1816 413 1890 δὲ
437 1820 537 1889 αύται·
554 1818 764 1913 Κλαζομεναί,
780 1823 957 1912 Μιτυλήνη,
973 1819 1046 1886 Φύ-
1142 1827 1334 1886 Χαναναῖοι...
1358 1816 1444 1886 οὗτοι
1465 1821 1578 1912 ἔφυγον
1603 1823 1664 1888 ἀπὸ
1681 1820 1846 1912 προσώπου

295 1957 383 2024 καια,
400 1932 531 2022 Πριήνη,
548 1929 697 2022 Ἐρυθραί,
716 1929 832 2021 Σάμος,
853 1928 946 2015 Τέως,
964 1935 1043 2015 Χῖος,
1097 1936 1160 1992 τῶν
1182 1933 1254 1991 υίῶν
1269 1926 1404 2016 Ἰσραήλ,
1420 1927 1474 1991 καί
1488 1926 1680 2012 κατῴκησαν
1698 1930 1846 2020 Τρίπολιν

296 2037 456 2132 Κολοφὼν,
474 2039 617 2129 Ἔρεσος,
635 2038 771 2130 Σμύρνα,
788 2035 942 2128 Πέρινθος,
958 2035 1045 2102 Χαλ-
1098 2047 1156 2113 τῆς
1181 2034 1341 2126 Ἀφρικῆς,
1364 2040 1404 2112 ὡς
1428 2029 1520 2100 οὖσαν
1544 2040 1576 2101 ἐν
1599 2046 1645 2120 τῷ
1661 2037 1768 2128 κλήρῳ
1791 2045 1847 2102 τοῦ

296 2139 412 2234 κηδὼν,
436 2141 613 2233 Βυζάντιον,
638 2147 765 2231 Πόντος,
782 2145 943 2234 Ἀμισσος.
1099 2141 1180 2229 Χάμ.
1208 2139 1329 2222 Syncet.

343 2255 398 2320 11⁰.
417 2256 582 2345 Ῥωμαίων
604 2265 667 2321 τῶν
691 2254 746 2320 καί
769 2255 949 2338 Κιττιαίων,
972 2253 1046 2324 ήτοι
1143 2247 1273 2313 Γάλλων
1290 2239 1324 2314 δέ
1336 2257 1398 2313 τῶν
1415 2249 1468 2313 καί
1484 2242 1678 2341 Ναρύουσίων
1695 2251 1849 2339 καλουμέ-

298 2362 439 2427 Λατίνων
455 2361 667 2451 κεκλημένων,
680 2359 752 2434 ἔθνη
767 2361 821 2425 καί
834 2361 972 2425 ἀποικίαι
988 2359 1047 2424 εἰσί
1099 2382 1157 2422 νων
1181 2356 1251 2430 ἔθνη
1277 2357 1331 2423 καί
1347 2360 1487 2423 ἀποικίαι
1503 2359 1577 2422 εἰσίν
1594 2351 1632 2423 δ’·
1647 2351 1848 2452 Λουγδουνοί,

297 2467 453 2558 τέσσαρες·
478 2476 621 2556 Τοῦσκοι,
638 2462 857 2560 ’λύηλλήσιοι,
873 2461 1045 2560 Κάλαύροι,
1100 2465 1235 2555 Βελικοί,
1258 2465 1397 2556 Σικανοί,
1414 2456 1543 2531 Ἐδουοί.
1561 2465 1692 2528 Chrsalo.
1716 2465 1822 2529 Perrh.

298 2577 459 2641 Λουκανοί.
1145 2571 1201 2638 ln'.
1219 2571 1292 2637 Δέον
1309 2581 1423 2664 γνῶναι
1439 2573 1493 2637 καί
1508 2570 1550 2637 rai
1565 2575 1707 2662 κλίματα
1726 2583 1789 2639 τῶν
1814 2579 1849 2641 ἀ-

343 2680 472 2775 ’Ἂρρων
503 2682 574 2757 ἔθνη
607 2684 661 2748 καί
691 2685 830 2749 ἀποικίαι
862 2682 921 2749 εἰσί
942 2683 1046 2748 πέντε·
1100 2678 1248 2772 γνώστων
1272 2679 1376 2765 ἐθνῶν,
1400 2679 1453 2745 καί
1467 2678 1509 2744 τὰ
1530 2680 1691 2769 ὀνομαστά
1714 2683 1769 2771 ὄρη
1794 2684 1850 2748 καί

298 2784 470 2884 Νούδηνοὶ,
493 2791 628 2884 Κνῆθοι,
651 2783 818 2883 Νουμίδες,
842 2799 1047 2882 Νασαμῶνες,
1101 2789 1172 2866 τοὺς
1184 2791 1353 2878 ἐπισήμους
1365 2789 1533 2878 ποταμούς.
1547 2783 1706 2881 ’Άρξομαι
1722 2782 1850 2884 διαγρά-

300 2901 396 2968 Σαιοί
1102 2921 1168 2988 perv
1185 2897 1256 2987 περί
1271 2907 1333 2962 τῶν
1350 2895 1443 2962 ἐθνῶν
1461 2897 1521 2962 ἀπὸ
1537 2908 1595 2973 τῆς
1619 2901 1783 2977 ἀνατολῆς.
1799 2896 1846 2963 Id.

300 3064 330 3116 et
347 3057 448 3114 ineuloe
467 3058 576 3131 plures,
594 3059 622 3113 id
641 3064 685 3113 est
702 3059 848 3132 Cyclades,
860 3076 923 3132 quaa
938 3059 1048 3132 quidem
1102 3061 1240 3126 Sardinia,
1262 3059 1386 3128 Corsica,
1406 3059 1491 3115 Girda
1508 3076 1571 3131 quae
1585 3065 1613 3115 et
1631 3061 1766 3134 Benigya,
1786 3063 1848 3117 θίν-

300 3146 429 3204 undecim
448 3147 591 3220 Myrteum
609 3145 727 3219 pelagus
745 3148 881 3220 obtinent,
899 3164 1049 3218 earumque
1102 3145 1177 3214 cina,
1197 3145 1306 3201 Galata.

300 3235 362 3290 heau
380 3239 446 3290 sunt
463 3236 591 3290 nomiae:
612 3236 753 3306 Andrum,
772 3237 926 3306 Tenedum,
944 3237 1048 3304 Thena,
1138 3233 1300 3290 Maurorum
1319 3239 1410 3290 autem
1427 3241 1525 3307 gentes
1537 3241 1565 3291 et
1576 3238 1791 3294 inhabitationes
1803 3239 1848 3295 hae

300 3327 408 3393 Naxus,
430 3326 521 3387 Gens.
541 3325 660 3395 Giraua,
679 3325 781 3395 Delos,
799 3327 925 3399 Syenus,
945 3327 1047 3398 Ποσει,
1102 3329 1182 3377 sunt:
1203 3321 1355 3392 Maeuiani,
1374 3324 1531 3396 Tingitani,
1551 3327 1748 3382 Gaeearienses.

301 3413 432 3486 Gymnos,
451 3413 609 3468 Marathon.
1140 3413 1327 3484 Hispanorum
1340 3430 1405 3468 vero
1425 3419 1522 3486 gentes
1535 3419 1564 3469 et
1577 3415 1849 3490 inhabitarinneeghe

336 3503 408 3558 Sunt
425 3507 517 3557 antem
536 3507 565 3556 et
582 3501 646 3558 alise
664 3502 766 3559 insulse
779 3507 900 3574 majores
912 3503 974 3572 XII,
986 3521 1049 3575 qum
1104 3510 1183 3559 sunt:
1204 3503 1328 3576 Tyrapni
1343 3507 1389 3575 qui
1410 3509 1438 3558 et
1453 3503 1601 3576 Tyrrenni,
1616 3509 1645 3560 et
1655 3505 1849 3562 Terraconen-

302 3591 387 3646 etiam
405 3589 534 3644 civitates
552 3590 655 3645 hebent
672 3590 819 3662 plurimae,
839 3609 900 3663 quae
919 3592 1052 3647 dicuntur
1103 3610 1160 3661 ses,
1181 3591 1316 3660 Lusitani,
1330 3593 1430 3661 Batiai,
1447 3595 1604 3666 Autrignii,
1619 3595 1768 3664 Baseones,
1782 3596 1848 3652 Gal-

302 3678 618 3752 Spo[rad]eeiuqnibus
631 3680 853 3736 inhabitaverunt
867 3684 968 3737 Ilraeci.
983 3683 1050 3736 Haeo
1104 3679 1158 3733 leni
1178 3681 1225 3752 qui
1246 3685 1274 3734 et
1291 3681 1439 3737 Austures.

303 3775 369 3824 suut
386 3775 477 3824 autem
496 3771 610 3824 nomina
627 3787 738 3824 earum:
758 3769 878 3837 Eubaea,
899 3773 986 3838 Cirta,
1005 3773 1050 3827 Si·

302 3857 386 3928 eilia,
407 3857 534 3930 Cyprus,
555 3857 662 3928 Chone,
681 3860 798 3928 Samus,
817 3861 929 3929 liedes,
949 3860 1050 3930 Chius,

303 3947 444 4020 Thapsus,
457 3947 586 4016 Lemnos,
596 3947 711 4017 Lesbos,
721 3950 925 4006 Samothraces.
938 3948 989 4003 Est
1001 3964 1052 4002 au-

305 4043 361 4093 tem
380 4052 397 4089 a
416 4036 525 4092 Boeotia
542 4036 663 4107 Πύθιοι,
682 4039 757 4092 siout
774 4039 807 4092 ab
832 4040 901 4093 Ione
925 4029 1049 4094 Ionides.

306 4127 441 4183 (lirimtes
458 4144 524 4182 vero
542 4127 607 4183 XVI
625 4127 668 4182 hse
688 4131 768 4181 sunt:
795 4126 968 4194 Clazomena,
987 4125 1051 4199 My·

306 4214 421 4285 thilene‚
437 4215 555 4282 Phocea,
567 4215 679 4283 Priene,
690 4216 814 4285 lirithra,
827 4219 936 4286 Samus,
946 4217 1051 4286 Thsus,

307 4304 434 4377 Colofon,
443 4306 538 4377 Chius,
550 4307 688 4380 Ephesus,
696 4309 817 4378 Smirna,
826 4309 987 4378 Corinthus,
996 4309 1053 4381 By-

305 4397 438 4464 zantium,
455 4395 625 4464 Chalcedon,
636 4397 752 4467 Pontus,
763 4401 792 4452 et
803 4398 929 4453 Amissos
943 4397 1051 4454 Libera.

282 4487 285 4493 ’
340 4485 413 4542 XIII.
433 4485 621 4541 Romanorum
634 4486 692 4540 sive
705 4485 878 4555 Letinornm,
899 4489 946 4559 qui
965 4491 994 4541 et
1007 4489 1053 4545 Gi-

306 4576 357 4643 tii,
378 4580 476 4648 gentes
499 4580 528 4630 et
552 4575 769 4632 inhabitationes
787 4576 831 4632 bes
851 4582 935 4631 suut:
956 4577 1051 4646 TuscI,

308 4663 498 4735 AEmilienses,
518 4665 626 4735 PiceuI,
647 4664 789 4738 Campani,
810 4665 922 4737 Apulei,
936 4665 1053 4722 Lucani.

341 4755 474 4811 Afrorum
500 4759 598 4827 gentes
618 4759 647 4810 et
665 4755 883 4811 inhabitationes
908 4756 951 4810 hae
971 4761 1051 4810 snut:

306 4839 434 4914 Lepteni,
455 4839 550 4913 cynii,
568 4840 709 4909 Numidae,
728 4842 910 4897 Nasamones.

341 4927 443 4985 insulse
469 4934 561 4986 autem
585 4931 719 4985 habentes
744 4930 885 4985 ciritatem
904 4931 948 4987 hae
971 4935 1053 4986 sunt:

343 5073 415 5131 XIII.
435 5074 465 5128 ln
484 5075 551 5143 fine,
569 5071 650 5126 ’error
670 5073 730 5129 edd.
745 5073 867 5145 cangius
886 5090 959 5129 corr.
981 5080 1055 5128 reete

311 5163 413 5219 Ἐδιυιί.
421 5164 565 5237 Postquoe
574 5164 650 5218 addit
657 5165 816 5220 chronicon
823 5165 924 5220 Porcii.
932 5162 1057 5217 colonias

311 5256 510 5310 Germanorum
521 5261 549 5309 et
557 5257 758 5328 Sarmatarum,
766 5271 829 5326 quse
841 5255 911 5310 torte
922 5259 1056 5309 recentio-

1140 3767 1240 3824 Insulae
1260 3774 1350 3824 eutem
1377 3787 1438 3842 quaa
1457 3772 1600 3844 pertinent
1627 3773 1660 3827 ad
1687 3775 1849 3845 Hispaniam

1105 3860 1164 3914 tres
1176 3862 1254 3928 sunt,
1266 3875 1328 3930 quas
1341 3858 1519 3931 appellantur
1531 3860 1676 3918 BalearIae.
1689 3862 1793 3921 Herum
1806 3869 1850 3922 ei-

1106 3947 1205 4001 vitates
1221 3953 1287 4002 sunt
1301 3951 1436 4020 quinque:
1451 3949 1569 4019 Ebusus,
1581 3949 1697 4020 Palmae,
1711 3953 1849 4027 Polentia,

1106 4052 1167 4107 quse
1182 4039 1210 4089 et
1227 4035 1363 4108 Majorioa
1375 4043 1582 4110 nuncupatur...
1597 4040 1700 4096 Harum
1714 4042 1852 4098 inhabIts-

1105 4127 1196 4179 tiones
1214 4125 1257 4180 hae
1277 4126 1406 4182 fuerunt:
1430 4125 1559 4183 Canauaei
1584 4128 1726 4200 fugientes
1744 4149 1760 4185 a
1780 4133 1851 4190 faeie

1105 4216 1171 4269 Iesu
1185 4213 1237 4268 filii
1249 4217 1334 4270 Nare.
1351 4216 1421 4270 Nam
1441 4220 1470 4270 et
1484 4218 1586 4272 Sidona
1597 4221 1644 4290 qui
1659 4219 1852 4291 condiderunt,

1106 4304 1235 4360 Cauenaei
1250 4303 1372 4374 inerunt,
1385 4310 1414 4359 et
1426 4307 1473 4379 qui
1488 4305 1637 4362 Pananiam
1655 4311 1850 4382 condiderunt,

1106 4400 1134 4450 et
1153 4397 1207 4470 ipsi
1227 4395 1358 4451 similiter
1377 4396 1502 4469 profugi.

1143 4484 1285 4541 Gallorum
1304 4491 1396 4540 autem
1408 4487 1628 4543 Narbonensium
1648 4493 1746 4560 gentes
1760 4494 1788 4544 et
1806 4490 1853 4543 ln-

1107 4574 1308 4628 hebitatIones:
1328 4576 1485 4644 Amaxobii,
1506 4577 1767 4633 Graeco-Sarmata.

1142 4662 1218 4717 XIV.
1238 4662 1275 4717 Et
1292 4662 1343 4718 hoo
1363 4668 1454 4719 autem
1481 4665 1665 4720 necessarium
1686 4667 1741 4720 fult
1759 4665 1853 4721 derla-

1108 4769 1170 4807 rare
1180 4753 1243 4823 tibi,
1253 4770 1288 4807 ne
1301 4754 1458 4825 ignotarum
1473 4755 1596 4826 gentIum
1607 4753 1740 4810 vocabula
1752 4761 1781 4810 et
1793 4773 1854 4810 ma-

1109 4842 1212 4897 nifesta
1224 4843 1337 4898 flumina
1356 4845 1510 4915 ignorares.
1531 4844 1664 4916 incipiam
1678 4859 1745 4916 ergo
1761 4844 1854 4899 dicere

1108 4931 1141 4986 de
1163 4933 1292 5003 gentibus
1310 4935 1344 4986 ab
1365 4934 1488 4989 Oriente.

1110 5081 1215 5130 resunt
1225 5075 1420 5142 additamenta,
1432 5080 1463 5131 ut
1472 5075 1554 5148 plura
1561 5078 1690 5148 superius
1704 5078 1733 5131 iu
1742 5078 1856 5134 divisio·

1110 5164 1857 5236 nestrenuom-onnoiarum,qualeapossconstsnti·

1110 5271 1175 5308 num
1194 5257 1336 5323 exstitere,
1351 5271 1413 5325 quse
1425 5258 1562 5310 morosius
1580 5263 1676 5310 notare
1689 5273 1743 5311 non
1762 5263 1852 5314 renat.
1918 5295 1930 5306 .
