4044 6098
866 489 907 558 IN
930 491 1106 558 PSXLMOS
1699 493 1757 559 dd’l

207 645 272 712 libri
293 653 419 730 quatuor
439 643 581 729 quinque,
604 653 636 710 et
654 643 762 728 viginti
784 642 851 708 libri
873 643 903 708 in
917 643 1048 726 singulos
1062 645 1202 727 psalmos,
1218 653 1307 727 atque
1327 651 1445 709 cantum
1465 654 1496 708 et
1516 643 1685 727 quindecim
1698 645 1757 710 ho-

207 753 307 834 miliae,
329 763 360 820 et
381 753 493 819 scholia
514 753 641 837 denique
661 753 693 818 in
715 761 806 817 totum
826 752 999 818 Psalterinm
1015 752 1064 834 ll?

140 903 141 908 κ
246 861 375 926 Tantum
389 868 512 926 enatant
526 879 563 926 er
578 860 722 925 immenso
742 859 894 940 naulragio
915 877 1021 925 uorem
1037 858 1156 938 tabulae,
1173 858 1237 924 sire
1254 859 1392 940 homiliae,
1409 875 1484 942 quas
1506 859 1537 923 in
1560 869 1616 925 tres
1630 860 1759 943 psalmos

207 967 339 1050 digestas
360 967 485 1034 Rulinus
505 967 589 1033 Latio
610 966 735 1034 donarit
748 966 785 1045 ἵ).
809 966 907 1031 Pauca
928 974 960 1033 et
979 985 1070 1031 manu
1090 967 1163 1030 satis
1185 955 1301 1031 incauta
1326 966 1482 1032 Corderius
1507 985 1542 1032 ex
1569 987 1628 1032 una
1649 968 1758 1034 Catena

207 1077 344 1156 corrasit,
367 1093 435 1158 quae
456 1074 547 1142 nimio
568 1075 693 1140 tortasse
713 1094 779 1139 cum
801 1073 917 1139 fastidio
932 1075 1057 1142 Maurini
1073 1075 1114 1140 ita
1129 1084 1315 1158 respuerunt,
1332 1084 1363 1139 ut
1386 1076 1480 1140 loturo
1494 1075 1632 1157 Origenis
1653 1075 1756 1141 editori

121 1233 124 1240 ,
207 1200 266 1246 non
287 1182 452 1249 distulerim
474 1183 551 1248 inira
572 1181 691 1264 longam
705 1199 811 1266 parare
830 1183 936 1249 seriem
956 1183 1140 1262 scholiorum,
1164 1201 1231 1266 quae
1251 1200 1269 1246 a
1289 1181 1427 1248 corderio
1448 1201 1506 1247 non
1528 1183 1707 1249 transierunt
1726 1184 1758 1249 in

205 1288 363 1370 vulgatum
377 1290 546 1372 Origenem,
562 1289 651 1354 etiam
666 1289 777 1367 addito,
789 1306 855 1354 raro
867 1300 975 1368 tamen,
991 1287 1120 1353 indiculo
1133 1286 1265 1352 codicum
1283 1287 1500 1369 vaticanorum,
1516 1288 1567 1371 qui
1582 1289 1759 1354 Corderiana

208 1396 394 1462 confirmant.
413 1397 539 1465 hlanrini
554 1415 626 1463 vero
638 1395 738 1480 jejuna
754 1402 868 1461 tantum
882 1405 1018 1479 excerpta
1033 1403 1230 1474 corraserant,
1247 1393 1354 1478 partim
1367 1414 1402 1460 ex
1417 1393 1518 1460 Grahii
1542 1403 1573 1460 et
1591 1393 1758 1460 Combefiaii

207 1502 333 1584 schedis,
357 1503 465 1586 partim
486 1521 523 1569 ex
543 1503 658 1570 duobos
679 1511 795 1568 tantum
816 1502 966 1568 codicibus
987 1501 1157 1568 Colbertino
1176 1508 1209 1568 et
1228 1501 1419 1567 coisliniano.

247 1609 372 1691 Quibus,
392 1621 459 1694 post
479 1610 590 1676 obitum
611 1609 772 1688 Gallandii,
790 1620 939 1676 curatores
959 1608 1125 1693 posthumae
1144 1608 1275 1692 ejusdem
1296 1609 1484 1675 bibliothece
1506 1609 1586 1674 haud
1606 1627 1701 1692 pauca
1721 1629 1758 1675 er
1827 1593 1830 1600 ⁴
1881 1687 1897 1718 ·

206 1716 326 1785 Venetis
347 1719 467 1784 Catenis
488 1719 610 1785 leliciter
629 1718 817 1784 addiderunt.
835 1718 892 1782 Sed
907 1728 1012 1799 praeter
1025 1717 1163 1782 laciniam
1176 1716 1322 1801 duplicem
1344 1717 1433 1800 inps.
1449 1715 1550 1782 LXXX
1566 1726 1597 1781 et
1610 1716 1666 1796 Ch,
1680 1717 1756 1782 ultra

207 1824 500 1909 quinquagesimum,
523 1826 682 1909 multisque
702 1835 780 1891 retro
803 1823 936 1906 omissis,
952 1842 1011 1889 non
1033 1824 1278 1907 progrediuntur;
1302 1823 1408 1902 immo,
1430 1823 1677 1903 intereundum,
1701 1841 1760 1887 non

207 1949 300 2015 pauca
317 1933 378 2017 jam
398 1933 476 2017 opud
498 1931 668 1999 Corderium
691 1933 770 2014 trita,
793 1943 844 1997 aut
862 1932 920 1997 alio
940 1931 1060 1996 nomine
1079 1929 1170 2012 edita,
1194 1940 1385 2011 recorerunt,
1408 1947 1477 2014 que
1496 1930 1687 2012 Gallandius,
1710 1930 1759 1996 rir

207 2049 353 2105 emuncta
373 2041 464 2120 naris,
486 2041 628 2107 severiori
651 2039 759 2105 trutina
779 2039 967 2119 expendisset
979 2039 1016 2118 θ).

246 2146 391 2230 Agedum,
414 2166 503 2232 quum
525 2156 632 2232 praesto
653 2146 739 2214 nobis·
760 2149 829 2230 sint,
847 2149 955 2214 insola
975 2147 1032 2212 hac
1052 2145 1277 2230 opulentissima
1299 2145 1436 2214 Vaticani
1452 2145 1555 2229 palatii
1570 2144 1758 2223 bibliotheca,

208 2253 287 2321 haud
308 2255 406 2320 minus
426 2272 515 2340 quam
535 2275 586 2322 sex
607 2265 638 2320 et
658 2257 757 2321 decem
772 2255 877 2338 prisca
892 2257 1024 2336 Catenae,
1039 2253 1209 2339 locupletes,
1225 2262 1255 2320 et
1268 2251 1421 2333 hactenus,
1439 2253 1468 2318 in
1484 2251 1532 2318 his
1551 2237 1617 2334 quae
1638 2252 1677 2318 ad
1696 2252 1761 2318 Ori-

207 2380 315 2443 genem
329 2372 509 2447 spectante
530 2364 647 2431 nemine
667 2383 753 2448 quern
774 2365 864 2430 sciam
886 2365 916 2431 in
937 2382 1057 2429 censum
1071 2371 1210 2444 recepte,
1225 2360 1271 2426 nil
1285 2361 1400 2441 mirum,
1417 2361 1441 2425 si
1457 2360 1548 2426 multa
1568 2359 1663 2425 adhue
1682 2378 1760 2426 nova

209 2469 295 2534 nobis
315 2471 504 2536 occurrerint.
521 2471 651 2550 Quorum
666 2470 798 2536 codicum
816 2472 928 2537 nullum
949 2489 1020 2538 sane
1033 2489 1092 2537 uon
1105 2469 1236 2536 excussit
1250 2466 1380 2550 Angelus
1394 2468 1491 2533 Maius
1507 2466 1759 2550 frequentissime;

208 2577 277 2643 iude
296 2577 321 2642 si
343 2579 463 2662 quidem
484 2578 640 2661 extuderit,
658 2589 692 2644 ut
706 2579 767 2645 dixi
788 2581 933 2666 superius,
949 2577 1120 2663 llidyuaum,
1137 2576 1291 2662 cyrillum,
1308 2573 1478 2653 Eusebium,
1495 2573 1707 2657 Apollinarium
1721 2573 1758 2654 ⁴).

208 2683 267 2750 Cur
287 2704 360 2751 uero
379 2685 535 2769 Origenem
556 2686 603 2750 vir
626 2680 865 2782 πραγματώδης
889 2705 948 2752 non
969 2685 1063 2752 solum
1085 2680 1229 2766 respicere
1249 2682 1398 2759 omiserit,
1421 2680 1472 2747 sed
1494 2699 1530 2746 ne
1550 2699 1616 2745 sero
1642 2679 1761 2763 quidem

207 2792 375 2874 promiserit
388 2793 536 2859 editurum
549 2813 581 2860 se
594 2811 660 2859 esse
673 2795 810 2877 Origenis
821 2795 946 2880 aliquid,
959 2795 989 2859 in
1001 2792 1166 2859 ambitiosis
1176 2789 1454 2877 programmatihus,
1466 2805 1534 2871 que
1544 2788 1582 2853 ad
1595 2787 1760 2871 quindecim

207 2919 302 2983 usquc
311 2900 466 2966 volumina
477 2899 631 2982 anhelans,
648 2913 782 2987 prompta
796 2923 884 2969 manu
899 2901 1140 2984 circumscripsit,
1151 2909 1184 2966 ut
1198 2896 1324 2967 candide
1337 2897 1454 2980 loquar,
1469 2894 1594 2960 dicendo
1608 2911 1668 2959 non
1682 2911 1758 2958 sum.

209 3007 267 3074 Sed
288 3027 346 3072 non
367 3008 466 3074 omnia
486 3027 644 3093 possumus
664 3028 775 3076 omnes.
789 3009 958 3075 .Corderius
971 3010 1094 3075 fortasse
1108 3017 1140 3072 et
1153 3004 1329 3072 Gallandius
1345 3022 1412 3071 eum
1433 3003 1649 3083 deterruerunt,
1671 3019 1761 3084 quum

208 3113 466 3181 animadvertisset
486 3125 642 3199 utrumque
662 3126 783 3183 centena
799 3116 970 3200 etamplius
992 3117 1156 3197 fragmenta
1170 3111 1297 3194 dedisse,
1319 3128 1386 3196 quae
1404 3110 1485 3194 apud
1507 3108 1657 3174 llaurinos
1677 3107 1762 3174 desi-

209 3222 366 3316 derantur,
376 3223 449 3288 ldihi
466 3243 538 3290 vero
553 3234 619 3290 acta
635 3243 723 3304 agere
736 3225 835 3291 nullus
849 3225 964 3292 animus
978 3233 1034 3302 est,
1048 3223 1101 3290 sed
1111 3221 1178 3305 jure
1191 3238 1257 3285 meo
1271 3227 1350 3297 utar,
1368 3219 1393 3282 si
1408 3225 1514 3301 praeter
1528 3215 1622 3281 multa
1642 3215 1763 3280 omnino

207 3348 288 3396 nora
308 3340 338 3398 et
358 3332 511 3413 anecdota,
534 3333 669 3417 quadam
690 3343 758 3417 post
778 3333 853 3399 alios
873 3331 1034 3414 attigerim,
1057 3347 1125 3414 quae
1145 3337 1198 3395 aut
1218 3328 1335 3408 mutila,
1355 3335 1410 3392 aut
1424 3325 1499 3392 ledo
1513 3331 1649 3408 corrupta
1671 3342 1760 3408 quum

205 3437 346 3522 jacerent,
369 3457 431 3505 suae
453 3440 571 3506 tandem
592 3441 754 3525 integritati
775 3451 806 3508 et
825 3441 913 3507 nitori
935 3440 1140 3506 restituuntur.

248 3545 308 3612 Sed
328 3565 395 3630 qua
411 3548 528 3613 tandem
542 3547 720 3616 catenarum
735 3547 831 3614 bdes‘l
844 3547 886 3613 lla
901 3565 972 3614 sane
985 3565 1074 3630 quam
1088 3545 1226 3627 religiose
1242 3553 1400 3611 tenuerunt
1413 3561 1513 3610 omnes
1528 3544 1593 3611 sire
1606 3544 1760 3630 majorum,

210 3651 277 3719 sire
298 3654 444 3720 minorum
467 3655 587 3722 Petrum
607 3657 748 3735 editores,
763 3655 878 3721 etiamsi
901 3653 1006 3720 inuno
1027 3663 1141 3719 tantum
1156 3653 1255 3718 codice
1273 3651 1439 3737 hujusmodi
1461 3651 1640 3717 collectanea
1661 3668 1764 3735 reppe-

209 3758 327 3826 rissent.
350 3759 471 3841 Quanto
491 3781 526 3828 ea
548 3763 649 3848 majori
666 3763 777 3848 pollent
790 3765 974 3842 auctoritate,
990 3783 1080 3847 quum
1095 3763 1127 3827 in
1143 3771 1186 3828 tot
1205 3762 1356 3828 codicibus
1378 3769 1588 3844 congeruntur,
1610 3760 1763 3844 inquere

210 3867 295 3932 tustis
315 3871 494 3937 membranis
515 3873 690 3937 saeculorum
711 3871 747 3952 X,
769 3871 821 3952 Xl,
843 3859 1046 3954 Xll‘l'Neque
1066 3871 1274 3949 omittendum,
1288 3869 1402 3935 nullum
1422 3888 1458 3934 ex
1479 3868 1589 3934 nostris
1610 3865 1762 3934 codicibus

210 3975 248 4040 ab
269 3974 328 4040 alio
348 3993 413 4043 esse
433 3996 469 4044 er
490 3978 605 4062 integro
626 3979 810 4063 rescriptum,
833 3978 884 4045 sed
904 3978 1036 4062 singulos
1056 3979 1100 4043 sui
1119 3977 1194 4061 J'uris
1214 3996 1297 4058 esse;
1314 3977 1393 4042 unde
1414 3976 1463 4042 ubi
1484 3977 1618 4042 eumdem
1638 3975 1762 4060 scripto·

210 4101 286 4163 rem,
308 4084 468 4170 eademque
488 4086 551 4169 ejus
571 4087 733 4168 lragmenta
748 4088 888 4167 relerunt,
909 4104 995 4152 nemo
1009 4105 1067 4151 non
1082 4086 1234 4166 concedet,
1250 4103 1423 4151 consensum
1437 4083 1602 4168 hujusmodi
1622 4103 1762 4166 magnum
1854 4107 1856 4110 ·

210 4207 276 4256 esse
295 4189 475 4257 sinceritatis
494 4203 709 4275 argumentum.
733 4194 853 4261 decedit
865 4193 946 4260 aliud
965 4204 1013 4259 sat
1033 4193 1283 4278 inexspectatum:
1305 4193 1469 4275 fragmenta
1484 4193 1562 4258 inter
1582 4201 1625 4258 tot
1646 4191 1762 4259 codices

210 4294 330 4379 inserta,
346 4310 480 4382 respectu
494 4300 533 4366 ad
548 4302 717 4382 Origenem,
732 4310 912 4385 ceterosque
925 4300 1115 4384 antiquiores,
1132 4299 1212 4367 haud
1227 4301 1267 4366 ita
1283 4317 1389 4385 magna
1404 4299 1582 4366 varietatum
1596 4299 1680 4382 copia
1695 4298 1763 4364 dis-

209 4421 340 4486 crepare,
363 4404 416 4470 aed
437 4413 551 4472 tantum
573 4409 732 4488 prolixiora
752 4418 806 4476 aut
825 4409 961 4475 breuiora
982 4425 1056 4487 esse,
1080 4408 1118 4472 ab
1140 4408 1225 4473 initio
1245 4409 1295 4475 rel
1316 4409 1354 4474 ad
1375 4408 1486 4475 calcem
1507 4407 1655 4472 nonnullis
1676 4425 1763 4473 com-

209 4510 338 4576 matibus
359 4512 470 4579 additis
491 4526 543 4582 aut
563 4517 692 4584 resectis.
715 4517 798 4584 rude
817 4516 897 4601 qnod
911 4517 1009 4600 prisca
1031 4516 1081 4582 illa
1103 4517 1273 4600 apographa
1294 4515 1450 4582 redhibent
1469 4515 1527 4580 alia
1542 4514 1633 4580 molto
1655 4523 1763 4582 vetus-

210 4617 286 4682 tiora
306 4618 476 4703 archetypa,
492 4640 559 4704 quae
573 4624 611 4688 ad
625 4623 765 4689 seculum
782 4623 833 4692 vlt
848 4632 899 4690 aut
914 4623 951 4693 tt
966 4622 1142 4703 ascendunt,
1159 4643 1248 4708 quum
1263 4623 1439 4689 Cateumum
1457 4621 1623 4688 conditores
1644 4639 1763 4686 monum

209 4725 291 4809 operi
305 4725 507 4794 admoverent.
521 4729 594 4796 lnde
605 4740 651 4797 est
666 4731 744 4815 quod
755 4731 833 4816 apud
848 4731 912 4798 illos
926 4730 1085 4797 recentiora
1101 4731 1267 4797 testimonia
1283 4733 1342 4798 lere
1356 4731 1436 4796 nulla
1451 4739 1626 4815 suppetunt;
1642 4747 1678 4796 ac
1691 4749 1763 4797 sane

209 4852 269 4899 non
290 4833 347 4901 nisi
363 4854 430 4900 cum
445 4835 580 4902 archaioo
601 4838 718 4906 delectu
731 4848 760 4904 et
774 4838 900 4922 quodam
914 4854 1020 4923 sapore
1034 4839 1233 4924 antiquitatis,
1248 4859 1316 4906 suas
1336 4859 1444 4906 messes
1464 4839 1647 4922 collegerunt
1659 4839 1763 4922 Olym·

209 4943 359 5027 piodorus,
379 4947 562 5026 Ammonius,
579 4943 801 5032 Polychronius,
818 4947 1025 5015 OEcumenius.
1042 4947 1183 5014 Eandem
1197 4965 1356 5017 seruauere
1370 4953 1466 5030 legem
1480 4947 1533 5012 alii
1554 4949 1642 5032 paulo
1663 4964 1763 5013 reeen-

248 5157 271 5223 1l
292 5161 381 5230 Epist.
402 5162 441 5216 od
459 5161 542 5222 Porti,
558 5166 577 5219 l.
590 5178 629 5218 ru.
649 5161 747 5232 Spicil.
769 5163 825 5218 Sol.
847 5181 874 5234 p.
891 5160 955 5218 314.
981 5197 984 5201 -
1011 5163 1083 5230 -³)
1105 5163 1210 5220 Patrol.
1230 5179 1299 5220 xvtu
1321 5131 1494 5220 toarno-¹
1513 5165 1538 5228 ⁴)
1559 5163 1603 5217 Cf.
1626 5165 1700 5219 Bihl.
1721 5163 1759 5220 N.

211 5277 246 5291 -
259 5248 283 5315 ἵ)
304 5250 332 5303 ln
352 5269 393 5322 ps.
406 5267 485 5318 xxvr,
505 5266 593 5322 xxvrr,
607 5265 704 5304 xrvurr.
718 5251 773 5306 ΒΒ.
787 5269 813 5323 p.
825 5250 957 5306 655-700.
1013 5253 1047 5310 P.
1068 5260 1089 5308 t.
1109 5269 1157 5307 νη.
