4064 6108
285 464 345 530 sta
849 459 1018 527 SANCTUS
1038 459 1270 526 meruimus
1358 492 1360 498 .

286 628 407 718 κρίνειν,
421 625 440 698 ἢ
455 623 576 715 καθαρφί
590 613 702 714 καρδίᾳ
718 620 903 705 ἀναβλέπειν
918 625 959 698 είς
972 621 1027 686 riv
1082 625 1155 692 puro
1174 609 1261 678 corde
1273 609 1378 678 cretum
1392 610 1511 692 intueri,
1526 613 1576 697 qni
1594 612 1718 698 principi
1740 614 1827 698 horus

285 732 421 823 ούρανθν,
436 725 483 815 τῷ
506 728 633 821 ἄρχοντι
648 737 703 793 τοῦ
719 732 827 804 αἰῶνος
843 727 957 794 τούτου
981 717 1030 792 δε·
1081 716 1183 782 mlii
1205 716 1350 783 ῑθΙθΠίῐθ
1370 717 1487 783 solent?

286 828 489 924 δουλωμένοι;

330 941 379 1004 ΙΧ.
400 940 445 1003 lb.
461 961 488 1004 ο.
507 939 555 1002 rt.
572 940 633 1004 Καί
648 936 728 1014 ἦσαν
746 937 916 1028 ἀμφότεροι
932 961 1031 1002 κατα·
1123 938 1172 1003 IX.
1195 957 1227 1002 v.
1250 940 1299 1002 it).
1322 940 1470 1024 Erootpue
1490 942 1573 1032 οιιιθο
1586 943 1727 1008 outneroti
1744 963 1830 1026 super

285 1047 462 1139 νενυγμένοι
477 1047 547 1136 περί
562 1051 670 1122 αὐτῆς,
695 1045 749 1110 καί
766 1049 821 1109 οὑκ
837 1045 1029 1136 ἀνήγγειλαν
1083 1063 1157 1122 cnm,
1182 1066 1231 1110 nec
1251 1047 1444 1112 indicaverunt
1462 1049 1523 1113 ridi
1542 1051 1665 1115 οίσίίσίιιι
1684 1053 1829 1135 unusque

285 1153 433 1229 ἀλλήλοις
448 1151 507 1228 τὴν
530 1143 642 1225 ὁδύνην
659 1156 785 1215 ἑαυτῶν.
810 1149 868 1212 tat.
892 1149 981 1227 rann,
999 1149 1027 1212 3.
1083 1151 1217 1217 dotorcrn.

330 1259 408 1325 Ἱππ.
433 1259 494 1323 Καί
516 1258 576 1351 γὰρ
592 1259 676 1323 ἔστιν
694 1255 818 1332 ἀληθῶς
833 1249 1031 1321 καταλαύέσ-
1123 1258 1239 1323 Huron.
1255 1254 1372 1324 Etenim
1383 1278 1416 1326 re
1429 1260 1547 1344 quidem
1560 1280 1633 1330 nera
1646 1265 1691 1329 sic
1700 1264 1831 1348 accipere

286 1363 336 1431 θαι
358 1368 396 1432 τό
413 1367 581 1458 εἰρημένον,
599 1367 649 1430 ότι
668 1363 807 1429 πάντοτε
831 1369 859 1428 ot
882 1355 936 1428 δύο
959 1364 1031 1428 λαοί
1082 1379 1138 1446 par
1163 1374 1208 1430 est
1234 1366 1312 1448 quod
1340 1365 1448 1431 dictum
1476 1367 1547 1447 ruit,
1570 1378 1604 1432 ut
1630 1386 1744 1452 semper
1772 1369 1831 1434 duo

285 1472 550 1561 κατανυσσόμενοι
566 1473 626 1538 ύπό
641 1482 696 1537 τοῦ
709 1477 739 1539 ἐν
757 1476 860 1547 αὐτοῖς
877 1475 1031 1564 ἑνεργοῦν-
1083 1469 1202 1552 populi,
1224 1469 1328 1553 perciti
1349 1470 1468 1537 Satanae
1497 1472 1639 1539 instinctu
1659 1491 1711 1540 ens
1731 1473 1830 1539 inces-

285 1604 338 1657 τος
356 1587 494 1656 Σατανᾶ,
514 1577 716 1664 βουλεύονται
729 1569 882 1669 διωγμοὺς
898 1577 952 1641 καί
963 1577 1030 1642 θλί-
1083 1584 1175 1655 sonu,
1191 1577 1313 1642 consilia
1327 1588 1431 1658 agant,
1447 1586 1481 1643 ut
1502 1578 1532 1644 in
1551 1579 1713 1646 Ecclesiam
1732 1597 1830 1663 perce-

285 1682 350 1775 ψεις
360 1687 486 1777 ἐγείρειν
499 1681 583 1748 κατὰ
595 1694 653 1758 τῆς
669 1684 845 1758 ἐκκλησίας,
863 1676 1029 1761 ζητοῦντες
1082 1682 1215 1750 cptiones
1234 1693 1265 1748 et
1285 1685 1488 1768 oppressiones
1505 1685 1644 1767 excitent,
1663 1695 1830 1771 querentes

285 1794 367 1868 όπως
383 1783 605 1881 διαφθείρουσιν
622 1788 731 1867 αύτλν,
749 1789 839 1853 αύτοί
850 1793 971 1866 ἑαυτοῖς
984 1788 1026 1878 μὴ
1082 1792 1227 1875 quomodo
1241 1811 1306 1858 eam
1320 1803 1517 1878 corrumpant,
1530 1796 1583 1862 sed
1593 1795 1649 1879 ipsi
1660 1813 1758 1862 secum
1767 1813 1828 1860 non

285 1908 527 1990 συμφωνοῦντος.
1082 1899 1279 1965 consentiant.

328 2005 364 2069 X.
376 2005 419 2070 lb.
434 2025 462 2068 ο.
476 2006 525 2068 it.
538 2004 600 2069 Καί
614 2027 733 2094 παρετη
740 2013 847 2093 ροῦσαν
860 2005 1029 2094 φιλοτίμως
1121 2005 1158 2071 X.
1174 2025 1206 2072 v.
1222 2008 1272 2072 ii.
1289 2007 1331 2072 Et
1344 2008 1530 2076 obsecundant
1543 2010 1667 2094 quotidie
1679 2009 1831 2076 σοίίίσίίίασ

283 2113 351 2180 καθ’
375 2113 493 2204 ἡμέραν
517 2117 589 2203 ὁρᾶν
614 2112 721 2186 αὑτήν.
750 2109 813 2175 Vnt.
836 2109 878 2173 ib.
1081 2111 1177 2178 cidere
1197 2133 1271 2178 cum.

327 2221 406 2287 Ἱππ.
434 2221 585 2308 Σημαίνει
617 2210 650 2284 δὲ
680 2229 786 2298 τοῦτο,
816 2221 865 2285 ὅτι
893 2221 948 2297 ἕως
978 2232 1028 2286 νῦν
1122 2217 1226 2298 nunu.
1251 2221 1312 2286 Hoc
1330 2239 1403 2287 vero
1424 2221 1591 2306 significat,
1613 2223 1755 2290 hactenus
1775 2222 1831 2288 cir·

284 2336 538 2419 παρατηροῦνται
568 2324 621 2389 καί
647 2319 903 2417 περιεργάζονται
933 2326 975 2392 τὰ
998 2332 1028 2393 ἐν
1081 2328 1261 2422 cumspicere
1280 2338 1312 2394 et
1331 2330 1455 2396 sollicite
1474 2332 1621 2415 inquirere
1640 2349 1707 2417 quae
1724 2332 1755 2398 in
1776 2332 1831 2396 Ec-

284 2448 324 2524 τῇ
350 2436 502 2520 ἐκκλησίᾳ
532 2433 744 2525 πραττόμενα,
768 2434 802 2497 oi
820 2457 857 2499 τε
880 2427 912 2512 ἐξ
936 2433 1028 2500 ἐθνῶν
1082 2433 1173 2499 olesia
1192 2435 1276 2512 fiant,
1300 2442 1361 2498 tunr
1381 2435 1516 2518 gentiles,
1538 2445 1599 2500 tunr
1620 2455 1657 2501 ex
1676 2435 1828 2501 circumci-

285 2540 339 2606 καί
361 2545 390 2605 ot
412 2544 446 2605 ἑκ
470 2550 640 2631 περιτομῆς
663 2530 818 2616 Ἰουδαῖοι,
845 2540 1029 2630 βουλόμενοι
1082 2540 1166 2605 sione
1190 2540 1322 2619 iudaeos,
1344 2542 1496 2624 cupientes
1516 2541 1590 2607 falsa
1610 2544 1755 2610 adversus
1775 2560 1829 2608 noe

285 2640 405 2738 ψευδεῖς
434 2647 601 2738 μαρτυρίας
624 2647 809 2737 καταφέρειν
833 2645 905 2710 καθ’
928 2653 1027 2738 ημῶν,
1084 2646 1664 2732 testimoniaterro‚utnioirnpostorus:
1678 2651 1829 2734 «Propter

284 2765 324 2835 ὡς
348 2763 363 2822 ό
388 2757 560 2832 ἀπόστολος
579 2755 674 2847 λέγει·
691 2753 749 2820 Διόι
765 2746 799 2819 δὲ
814 2753 885 2831 τοὺς
901 2780 1030 2846 παρεισ-
1082 2763 1180 2820 auten
1194 2753 1428 2820 subintroductos
1439 2755 1542 2821 iratres
1553 2756 1652 2837 falsos,
1664 2756 1717 2841 qui
1731 2757 1830 2823 subin·

285 2861 438 2955 αχθέντας
470 2853 726 2952 ψευδσαδέλρσυς,
751 2862 861 2937 σίτινες
886 2860 1028 2936 εἰσῆλθον
1084 2861 1226 2925 troierunt
1240 2861 1393 2944 explorare
1403 2861 1569 2928 libertatem
1580 2873 1721 2945 nostran,
1735 2882 1827 2948 quem

283 2979 526 3045 κατασκοπῆσαι
556 2967 615 3043 τὴν
647 2965 819 3058 ἐλευθερίαν
851 2972 958 3056 ἡμῶν,
989 2969 1028 3044 ἢν
1082 2967 1221 3034 habemus
1243 2968 1272 3033 in
1294 2967 1541 3038 christotoco.»

282 3080 396 3171 ἔχομεν
420 3081 450 3143 ἑν
475 3083 597 3167 Χριστῷ
621 3074 730 3148 Ἰησοῦ.

326 3183 377 3248 XI.
399 3182 444 3246 lb.
467 3201 495 3246 ο.
519 3182 568 3245 13.
589 3180 663 3248 Ὀτι
690 3183 817 3272 ἀρίστου
841 3183 906 3273 ὥρα
934 3183 1027 3264 ἐστίν,
1122 3183 1172 3248 xl.
1188 3201 1220 3246 u.
1237 3184 1285 3247 13.
1303 3183 1460 3260 Quiadcra
1470 3185 1592 3268 prandii
1604 3190 1654 3248 cat.
1671 3183 1828 3268 Btepresri

282 3290 336 3356 καί
351 3283 528 3368 ἐξελθόντες
542 3280 784 3380 διεχωρίοθησαν
801 3288 853 3352 ἀπ’
871 3289 1027 3364 ἀλλήλων.
1081 3295 1254 3354 recesserunt
1271 3309 1291 3354 σ
1310 3309 1340 3353 sc
1359 3290 1489 3355 ιὀοίεσω.
1636 3287 1644 3300 ’

290 3397 351 3462 Vct.
374 3395 415 3460 ih.

327 3504 406 3570 Ἱππ.
425 3503 469 3568 Τό
493 3496 555 3566 σύν·
579 3499 829 3592 Διεχωρίσθησαν
854 3500 906 3566 ἀπ’
931 3502 1030 3577 ἀλλή-
1121 3504 1229 3588 Ejucd.
1245 3504 1331 3583 Quod
1344 3523 1414 3587 ergo
1433 3522 1497 3572 ase
1510 3515 1613 3570 mntuo
1632 3517 1826 3588 recesserunt,

283 3615 357 3690 λων,
373 3621 414 3696 τῇ
440 3610 504 3701 ὥρᾳ
526 3619 581 3673 τοῦ
602 3609 738 3698 ἀρίστου,
755 3617 849 3672 τοῦτο
873 3609 1028 3696 σημαίνει,
1082 3609 1152 3676 horn
1167 3609 1295 3695 prandii,
1314 3609 1370 3674 hoc
1390 3609 1551 3704 significat,
1567 3611 1597 3674 in
1612 3613 1735 3678 terrenis
1755 3613 1827 3710 quis

284 3719 334 3782 ὅτι
349 3720 379 3781 ἐν
397 3715 451 3806 μὲν
467 3725 531 3792 τοῖς
549 3713 691 3805 βρώμασι
706 3725 771 3790 τοῖς
786 3714 930 3806 ἐπιγείοις
951 3716 1029 3779 Ὶου-
1081 3717 1148 3782 dem
1167 3715 1243 3781 cibis
1262 3732 1322 3780 non
1341 3715 1506 3783 consentire
1525 3716 1645 3784 Jndaeos
1668 3737 1735 3784 cnm
1754 3737 1826 3802 gen·

285 3812 365 3888 δαῒοι
389 3820 552 3912 μετὰτῶν
576 3819 668 3886 ἐθνῶν
693 3825 727 3886 οὐ
751 3832 972 3913 συμφωνοῦσιν,
997 3827 1027 3888 ἐν
1081 3822 1175 3902 tibus;
1191 3819 1269 3905 quod
1283 3838 1354 3886 vero
1368 3823 1653 3903 speotntmentisad
1667 3833 1825 3906 conceptus

285 3919 319 3994 δὲ
333 3938 401 4005 ταῖς
417 3925 554 4020 θεωρίαις
574 3926 628 3992 καί
650 3928 746 3993 παντί
768 3928 931 4019 πράγματι
954 3953 1029 3994 κοσ-
1081 3938 1111 3995 et
1130 3946 1343 4013 quemcumque
1362 3929 1462 3995 saeonli
1481 3950 1577 4011 mum,
1592 3929 1732 3996 cumillis
1749 3930 1826 3996 coire

284 4046 364 4128 μικῷ
386 4034 508 4114 τούτοις
532 4035 750 4127 συνερχόμενοι
772 4046 974 4102 κοινωνοῦσιν.
1080 4045 1112 4103 et
1130 4035 1356 4102 communicare.

327 4141 392 4206 XII.
408 4142 453 4206 lb.
469 4162 498 4206 o.
515 4141 565 4205 lt.
578 4142 639 4207 Καί
651 4137 854 4223 ἀνετάζοντες
871 4145 1028 4226 ἀλλήλους
1120 4143 1185 4211 ΧΠ.
1208 4164 1240 4209 ν.
1264 4144 1314 4209 ii.
1337 4143 1380 4210 Et
1397 4147 1571 4209 sciscitantes
1591 4162 1621 4208 re
1640 4143 1760 4209 invicem
1774 4145 1828 4210 Ιισο

282 4245 343 4324 τὴν
364 4248 479 4340 αἰτίαν,
495 4245 703 4338 ὡμολόγησαν
719 4247 779 4318 riv
796 4247 958 4339 ἐπιθυμίαν
975 4255 1030 4314 αύ-
1081 4253 1116 4317 de
1128 4269 1228 4334 carna,
1244 4251 1367 4334 consesti
1377 4257 1444 4316 suut
1454 4268 1538 4318 tuam
1555 4250 1614 4333 ὅμοι’
1630 4254 1827 4334 concupiscat·

283 4367 355 4424 των.
384 4355 447 4422 Vnt.
470 4354 509 4418 ib.
1083 4362 1163 4425 ίίοοι.
1803 4437 1812 4452 .

328 4464 407 4530 Ἱππ.
432 4462 528 4527 Abroi
557 4466 678 4538 ἑαυτοῖς
705 4463 964 4554 προφητεύουσαι,
988 4470 1028 4543 ὡς
1122 4467 1229 4552 Ejued.
1251 4465 1311 4550 Ipsi
1332 4463 1386 4529 sibi
1409 4464 1559 4550 prophetat
1580 4465 1665 4546 fiunt,
1687 4465 1827 4534 uidelicet

285 4572 493 4664 μελλήσουσιν
509 4571 561 4634 ὑπ’
579 4569 720 4662 ἀγγέλων
736 4566 917 4662 ἐταζόμενοι
932 4573 1027 4666 λόγον
1081 4577 1211 4640 futurum
1230 4591 1294 4638 esse
1313 4580 1347 4636 ut
1371 4570 1409 4636 ab
1430 4570 1542 4653 angelis
1561 4569 1765 4637 examinentur
1788 4573 1826 4638 ad

285 4672 388 4745 δοῦναι
411 4687 458 4761 τῷ
491 4681 561 4761 Θεῷ
584 4676 658 4767 ὑπὲρ
688 4677 791 4755 πάσης
814 4681 968 4771 ἁμαρτίας
991 4677 1027 4758 ἧς
1081 4679 1223 4744 rationem
1250 4676 1312 4741 Deo
1333 4675 1509 4741 reddendam
1531 4694 1582 4760 pro
1603 4676 1739 4741 omnibus
1759 4677 1826 4760 duat

318 4855 363 4914 IX.
373 4855 630 4928 βούλονταιθιωγμοθς
641 4854 1027 4914 οάἀ.-ἰιιθοοαύτοίίίἀ.οοι.
1081 4863 1163 4930 etque
1175 4873 1238 4912 cum
1256 4854 1344 4910 altero
1359 4855 1388 4909 in
1407 4855 1561 4928 marginem
1580 4857 1683 4928 rejicit,
1697 4860 1728 4910 nt
1740 4855 1826 4908 ἐνεπί-

319 4941 355 4998 Χ.
375 4941 524 5012 cepsuerint
543 4945 569 4994 δέ
588 4942 650 4997 edd.
666 4942 809 5011 -ψιυδιῖς
829 4947 957 5015 μάρτυρας
977 4947 1027 5002 iid.
1080 4967 1186 5021 γραφον.

283 5033 337 5092 τούς
356 5033 536 5103 παρεισάκτους
557 5029 708 5087 1.-(θιι1.
728 5047 758 5098 11,
778 5031 806 5086 4.
821 5059 858 5074 ·-
876 5032 944 5089 Edd.
964 5041 1029 5106 post
1116 5033 1163 5090 XI.
1184 5037 1250 5105 μετὰ
1267 5032 1329 5088 edd.
1349 5049 1404 5088 om.
1426 5037 1490 5104 post
1503 5031 1625 5087 Ἰουδαῖοι.

283 5118 355 5172 hunc
367 5116 458 5173 iocum
471 5119 600 5174 subdunt:
618 5116 680 5181 ιῐδος
694 5123 818 5191 ἁμαρτίας
833 5123 860 5173 τό
875 5123 956 5183 ζητεῖν
969 5143 1028 5194 προ·
1114 5121 1175 5178 xri.
1186 5122 1332 5192 μελήσουσιν
1342 5120 1404 5178 edd.
1414 5122 1504 5174 -ύπὸ
1513 5124 1639 5194 λογισμῶν
1650 5121 1712 5176 edd.
1726 5125 1824 5178 eontra

283 5205 360 5274 οίχιιν
379 5208 499 5282 γυναιξίν,
519 5210 591 5282 quod
610 5211 676 5266 Vnt.
699 5207 709 5262 Ι
733 5215 808 5264 recte
826 5211 915 5282 γνώμη
936 5223 1026 5280 vocet,
1081 5209 1620 5279 duosrodd.-of.Rorn.u‚153i’rov.
1639 5209 1721 5278 Ι,3Ξ.
