3976 6078
890 499 1006 570 XXXI

175 648 294 714 nebant
314 651 375 714 XX
398 648 519 729 diebus,
545 648 604 711 alii
619 648 780 726 seravit,
798 647 926 712 allIXL
968 649 1143 714 lucianam:
1170 650 1276 714 «Cum
1307 665 1414 710 omnes
1451 644 1586 727 apostoli
1612 663 1652 707 cx
1674 643 1734 708 hoc

175 762 282 838 borae,
297 781 334 822 eo
349 763 428 840 quod
452 763 488 823 1).
515 763 554 824 Ν.
582 767 607 827 I.
635 766 671 826 C.
694 767 751 828 XL
767 764 876 826 diebus
892 763 925 823 et
968 762 1081 822 mundo
1093 763 1287 823 transissent
1301 761 1550 841 peruniversum
1563 749 1738 833 orbem,di·

175 873 321 935 uoctibus
341 874 517 954 jejunabat.
532 873 696 953 Dicebant,
721 875 752 936 16
768 877 826 936 hoc
843 873 927 952 jeju·
968 889 1060 934 versa
1074 872 1316 932 celebrabantur
1326 869 1462 950 jeJ'unia.
1480 869 1561 930 Nam
1583 870 1617 929 64
1630 883 1737 928 omnes

174 981 227 1044 alc
249 983 349 1062 posslt
374 983 933 1049 sufficere.Cumhaeetalisdiversa
973 983 1007 1042 in
1043 983 1193 1045 universa
1214 979 1322 1044 Gallia
1344 998 1406 1042 uno
1430 979 1481 1040 die
1512 975 1737 1038 anniversario

174 1094 259 1154 esset
280 1091 473 1170 observatio,
497 1093 612 1155 mirum
636 1093 677 1176 (l.
699 1097 838 1180 moeror)
863 1097 935 1156 erat
972 1094 1059 1156 VIII.
1084 1091 1159 1153 Kal.
1193 1089 1316 1170 Aprilis
1348 1089 1465 1170 pascha
1495 1086 1657 1161 tenebant,
1691 1083 1739 1145 di-

176 1203 372 1265 sacerdotam
395 1204 458 1265 ete.
970 1207 1092 1264 666466.Ι
1116 1200 1195 1266 Quid
1211 1199 1299 1260 nobis
1314 1200 1363 1260 est
1376 1217 1447 1259 aum
1461 1195 1580 1261 Iudaeis
1595 1195 1633 1256 64
1649 1194 1734 1256 lunae

255 1311 292 1372 In
316 1314 423 1372 vetere
449 1310 602 1372 Batavieo
638 1311 743 1374 codice
775 1311 940 1390 sequentia
980 1312 1161 1394 computum
1186 1307 1290 1372 facere
1313 1308 1432 1387 pascha
1456 1311 1518 1370 ete.

176 1417 318 1500 legebam
342 1438 420 1500 quae
450 1421 603 1482 accedunt
623 1423 661 1483 ad
684 1421 855 1484 editionem
878 1423 937 1482 Ba·
1297 1410 1300 1416 ’

255 1528 432 1606 1464666466.
1070 1529 1217 1591 Firamus
1243 1545 1301 1590 rex
1324 1529 1362 1589 ad
1393 1526 1567 1590 Adriannm
1600 1525 1739 1606 impera·

253 1637 344 1698 Euan
366 1637 501 1699 Arabiae
525 1655 583 1699 ren
604 1637 732 1700 Tiberio
763 1637 932 1718 imperato·
974 1641 1087 1712 torem,
1111 1659 1141 1718 p.
1164 1636 1235 1699 647.

176 1744 205 1806 ri
230 1747 255 1807 4.
280 1748 322 1808 II.
348 1764 378 1824 p.
402 1746 473 1809 642.
1053 1747 1231 1808 Parmoenis
1253 1744 1390 1828 epistola
1405 1747 1443 1807 ad
1457 1744 1628 1823 Trajannm
1643 1741 1740 1822 impe·

255 1857 439 1934 Anonymus
461 1857 498 1916 de
518 1855 695 1934 sculpturis,
719 1874 749 1934 p.
773 1855 843 1917 646.
971 1859 1122 1932 retorem,
1147 1875 1177 1936 p.
1201 1856 1271 1921 648.

252 1963 345 2028 Alias
371 1963 408 2025 de
428 1964 608 2044 lapidibus,
620 1985 651 2045 p.
677 1965 764 2028 647..

253 2076 323 2138 Μ66
346 2078 529 2138 Graecorum
554 2075 628 2152 suit,
655 2092 721 2155 pree
746 2072 956 2136 admiratione
980 2073 1090 2152 Magni
1122 2071 1300 2134 Alexandri
1324 2074 1357 2132 et
1379 2071 1413 2132 in
1446 2070 1632 2132 memoriam
1670 2072 1738 2131 stu·

176 2183 269 2264 pendi
294 2184 363 2263 ejus
395 2183 523 2246 itineris
547 2199 603 2263 per
638 2183 746 2246 Asiam
781 2200 877 2260 usque
908 2182 947 2242 ad
976 2181 1053 2242 finos
1088 2181 1247 2255 Indorum,
1282 2180 1356 2240 huic
1392 2178 1511 2240 nomini
1544 2176 1670 2239 dicandi
1703 2180 1737 2237 et

172 2291 376 2354 consecrandi
410 2309 621 2370 quaecumque
650 2293 688 2352 46
727 2290 935 2352 orientalium
971 2289 1169 2368 regionibus,
1204 2289 1364 2368 portentis
1411 2291 1444 2348 et
1468 2267 1621 2350 monstrIs
1657 2284 1736 2364 ilngi

172 2400 276 2480 potius
297 2403 330 2462 et
352 2400 528 2480 excogitari
550 2417 643 2480 quam
675 2400 759 2462 serio
784 2400 912 2462 narrari
937 2399 1093 2464 solebant.
1118 2399 1203 2460 Idem
1237 2417 1294 2461 usu
1329 2399 1418 2462 venit
1450 2400 1532 2478 apud
1564 2401 1734 2476 Romanos,

174 2525 234 2585 quo
255 2507 356 2587 magis
379 2512 522 2570 veterum
547 2507 773 2588 imperatorum
798 2509 894 2584 16666,
921 2526 1064 2571 66666666
1088 2509 1189 2569 eundo
1214 2525 1269 2586 per
1293 2508 1423 2584 saecula,
1459 2507 1664 2586 vulgabatur,
1703 2507 1736 2568 in

173 2633 241 2674 earo
266 2617 442 2693 prasertim
465 2617 662 2694 Flauiorum,
691 2619 828 2680 maxime
851 2619 890 2680 ob
912 2619 1095 2698 Trajanum,
1120 2619 1307 2682 curiositate
1331 2637 1436 2680 rernm
1466 2617 1663 2680 mirabilium
1702 2624 1735 2683 et

172 2721 268 2783 ctiam
292 2723 406 2784 ittnere
430 2724 583 2787 orientali
606 2726 774 2805 Insignem.
799 2727 939 2788 Graeculi
964 2726 1053 2788 luere
1079 2727 1230 2806 praecipui
1253 2716 1458 2812 repurole'yor,
1488 2745 1544 2786 nec
1578 2725 1641 2788 nisi
1664 2737 1736 2787 sero

182 2830 330 2892 videntur
353 2833 384 2892 id
406 2851 505 2913 genus
530 2825 693 2914 παράδοξα
718 2834 789 2896 rudi
811 2835 928 2896 donata
959 2834 1134 2912 latinitate,
1159 2853 1237 2914 quae
1253 2835 1399 2897 africana
1412 2835 1572 2915 obstrepit
1586 2833 1734 2897 barbaric

173 2942 207 2997 et
229 2938 384 2999 Macrobii
408 2939 551 3000 scholam
574 2941 687 3020 661664.
712 2942 761 3002 lix
783 2957 844 3023 qua
867 2942 1002 3003 fortasse
1025 2943 1148 3004 officina
1171 2944 1267 3004 etiam
1292 2944 1411 3004 exierit
1443 2943 1635 3022 Damigeron
1660 2933 1737 3004 lati-

177 3060 247 3106 nus.
274 3047 371 3113 Quem
395 3049 467 3109 dum
497 3050 653 3111 nonnullo
692 3069 762 3112 eum
800 3051 903 3113 studio
940 3051 1024 3112 inter
1062 3052 1186 3131 pluteos
1220 3052 1496 3131 bibliothecarum,
1517 3070 1734 3134 persequerer,

173 3151 274 3212 multa
294 3157 481 3234 respuendo,
520 3157 674 3219 nonnulla
698 3159 811 3239 selegI,
838 3159 886 3220 ati
918 3159 1081 3220 breviores
1114 3152 1339 3249 λιθογνῶμονας
1364 3164 1398 3223 64
1431 3160 1484 3239 qui
1517 3179 1620 3240 graece
1655 3160 1738 3222 olfa-

170 3267 289 3339 cerent,
314 3265 466 3326 6646466
491 3267 707 3346 perfunctorie
740 3271 775 3328 ut
798 3267 938 3328 codicum
964 3267 1174 3347 loca,.sIgna,
1211 3269 1331 3330 saecula
1357 3288 1419 3329 non
1454 3288 1577 3349 semper
1610 3272 1741 3332 notave·

173 3378 245 3438 rim.
262 3375 360 3436 Nemo
384 3393 459 3435 sane
483 3374 577 3455 plura
599 3392 618 3434 e
643 3393 692 3436 me
714 3379 892 3454 exspectat,
921 3394 1019 3454 neque
1043 3375 1129 3438 fusos
1156 3378 1297 3456 requiret
1318 3384 1351 3441 et
1372 3378 1533 3440 absolutos
1550 3380 1608 3439 hac
1629 3379 1667 3438 de
1691 3394 1740 3438 re·

175 3489 250 3550 cula
274 3487 528 3551 commentarios.
857 3459 861 3474 Ι

743 3803 959 3866 SAECULUM
988 3804 1174 3867 TERTIUM

244 4122 394 4173 SANCTUS
416 4121 637 4172 HlPPOLY'l'US.

253 4220 382 4282 Codices
406 4219 547 4280 vaticani
571 4223 596 4280 4.
620 4220 662 4282 11.
689 4239 717 4298 6.
739 4218 901 4283 ala-225.
1056 4223 1094 4281 16
1116 4223 1285 4294 Danielem,
1311 4244 1341 4302 p.
1366 4224 1435 4287 245.

235 4331 271 4390 16
286 4331 479 4406 6666661166
496 4327 625 4387 Ioannis
649 4328 808 4389 armenica
823 4347 863 4389 ex
883 4349 933 4390 co·
1055 4333 1094 4391 16
1118 4333 1306 4412 8666666466,
1331 4356 1361 4414 6.
1388 4337 1459 4397 253.

174 4439 242 4500 4466
265 4439 386 4499 Veneto
409 4434 702 4497 Mechitaristarum
729 4457 760 4516 p.
785 4437 856 4499 226.
1057 4441 1175 4502 Contra
1198 4445 1373 4518 Platonem,
1400 4465 1430 4524 p.
1456 4445 1524 4508 269.
1550 4444 1599 4507 04.
1613 4444 1664 4507 Fl.
1687 4447 1740 4507 Jo-

255 4546 292 4608 16
315 4545 478 4606 Canticum
500 4544 704 4615 canticorum,
722 4543 880 4606 armeniae
895 4562 936 4606 ex
978 4553 1054 4630 seph
1077 4571 1106 4632 p.
1131 4553 1251 4614 XXIIl.

174 4653 241 4716 eod.
264 4654 332 4717 cod.
360 4673 391 4734 p.
417 4653 488 4716 232.
759 4699 762 4705 ,
1056 4661 1102 4721 Da
1123 4659 1325 4737 Antichristo,
1350 4664 1519 4739 armeniae,
1546 4683 1576 4742 p.
1593 4664 1664 4727 270.

255 4765 292 4827 16
326 4766 472 4826 visionem
504 4765 664 4844 Danielis,
705 4763 863 4854 armeniae
896 4784 937 4826 en
1062 4769 1329 4851 Chronoprapbue
1350 4789 1430 4834 eaeo.
1456 4775 1514 4850 III,
1540 4793 1569 4852 p.
1592 4774 1663 4836 274.

174 4873 243 4934 664.
268 4873 337 4936 664.
363 4892 393 4953 p.
418 4874 491 4935 234.
1058 4877 1100 4938 Dn
1121 4879 1351 4940 Rasumactione
1372 4882 1501 4960 Lazari,
1518 4905 1548 4964 p.
1565 4883 1637 4946 282.

254 4982 292 5043 16
313 4984 463 5061 Genesim,
490 5003 523 5064 6.
546 4984 616 5046 240.
1059 4987 1098 5048 16
1123 4987 1287 5048 Canticum
1311 4989 1514 5062 canticorum,
1548 4989 1671 5070 syriace
1705 4996 1738 5053 et

254 5090 292 5150 In
312 5091 496 5170 proverbia,
520 5115 552 5174 p.
576 5093 647 5172 243,
676 5095 747 5160 244.
771 5097 849 5160 tom.
872 5098 931 5171 III,
974 5097 1133 5156 armeniae
1155 5098 1179 5156 t.
1203 5096 1248 5158 IV
1258 5117 1288 5176 p.
1303 5095 1353 5172 36,
1376 5098 1427 5175 40,
1449 5099 1520 5160 306.

174 5217 206 5277 6.
231 5197 303 5274 527,
326 5197 396 5259 523.
1060 5207 1136 5269 Item
1158 5205 1311 5268 armeniae
1332 5207 1384 5283 40,
1400 5226 1429 5286 6.
1447 5207 1514 5268 ’“10.

259 5307 297 5373 16
320 5309 495 5388 Ierenaiam,
519 5314 542 5373 t.
571 5312 613 5373 ΙΙ.
640 5329 669 5394 6.
696 5311 767 5376 245.
1062 5313 1102 5378 In
1126 5315 1330 5394 Ezechielem,
1356 5336 1385 5398 p.
1409 5317 1459 5392 44,
1482 5315 1555 5378 311.
