4064 6108
795 479 956 546 CODICES
978 478 1156 547 VrlTleNl
1611 493 1615 504 '
1696 483 1753 548 :tta

195 633 295 700 dinem
306 649 424 698 oausam
436 639 637 715 esseoportet,
650 638 684 696 ut
695 631 715 695 ii
729 632 943 711 obmutescant,
998 632 1077 714 quod
1101 631 1167 695 tulto
1181 631 1340 715 significat,
1358 632 1496 715 quoniam
1511 630 1643 695 sublimis
1664 633 1695 696 iu
1713 633 1756 697 al·

192 742 244 822 qui
266 739 340 805 nibil
360 739 533 824 preclarum
553 739 672 805 silentio
697 739 839 823 preteriri
861 755 946 821 opor·
999 751 1061 804 tum
1082 741 1183 805 fertur.
1206 742 1326 825 Aquam
1346 749 1443 805 autam
1465 740 1537 805 torte
1564 734 1753 824 Ποσειδῶνα,

193 857 254 914 tere
274 857 405 913 censent.
998 865 1017 911 a
1038 848 1130 914 verbu
1151 849 1253 929 Πὸσις,
1274 847 1354 932 quod
1375 856 1421 914 est
1443 848 1531 930 potio,
1555 847 1692 931 quoniam
1714 837 1755 916 sit

232 955 320 1038 Quod
339 964 437 1021 autem
451 955 491 1020 sit
505 953 744 1038 pbilosophorum
764 953 944 1031 institutum,
998 952 1149 1032 potabilis.
1170 954 1290 1020 Terram
1310 963 1409 1021 autem
1430 957 1595 1049 Δήμητρα,
1611 957 1694 1039 quasi
1709 957 1752 1022 di·

194 1064 257 1148 ipsa
270 1065 370 1130 statim
383 1063 511 1130 nominis
525 1061 684 1148 appellatio
699 1062 822 1128 iudicat.
843 1061 946 1126 Graeoe
997 1073 1048 1122 cas
1069 1063 1176 1124 mrum
1195 1069 1325 1140 matrerm
1340 1061 1418 1144 quud
1438 1061 1569 1128 omnium
1589 1071 1620 1128 et
1639 1063 1753 1129 anima·

192 1173 271 1239 enim
285 1172 487 1266 depromserit,
511 1162 729 1264 θεραπευτίδες
743 1185 816 1234 uere
835 1176 866 1233 et
878 1184 946 1251 pro·
998 1163 1069 1230 lium
1090 1176 1121 1232 et
1141 1169 1278 1234 arborum
1303 1170 1346 1249 [et
1359 1178 1530 1236 ceterorum
1550 1188 1617 1254 quae
1637 1189 1655 1237 e
1675 1181 1754 1237 terra

193 1282 256 1365 prie
270 1281 468 1360 nominantur,
480 1276 530 1344 uel
541 1278 620 1361 quod
633 1277 822 1357 medicinam,
834 1295 869 1341 ea
879 1293 946 1360 quaa
997 1280 1170 1358 nascuntur]
1193 1287 1288 1343 mater
1301 1295 1367 1345 esse
1381 1277 1511 1344 uidetur.
1528 1278 1588 1344 Sed
1605 1286 1677 1345 sunt
1689 1279 1755 1363 qui-

194 1390 225 1454 in
236 1389 359 1455 urbibus
370 1397 518 1467 versatur,
531 1385 619 1467 longe
629 1384 866 1470 prestantiorem
880 1401 946 1468 pro
998 1382 1066 1450 dem
1093 1385 1212 1450 nomina
1240 1385 1406 1470 sapientum
1432 1386 1579 1467 inuenta3
1609 1388 1754 1454 elementa

194 1499 342 1563 litaantur.
368 1496 440 1560 Hac
458 1494 536 1560 enim
557 1491 727 1575 corporibus
748 1499 863 1557 tantum
884 1509 946 1556 me·
999 1509 1081 1572 vero,
1103 1495 1233 1559 inanima
1254 1495 1390 1570 materia,
1412 1503 1443 1559 et
1463 1513 1499 1560 ex
1526 1514 1558 1561 se
1583 1493 1752 1574 immobilis,

194 1608 290 1686 detur,
313 1603 364 1669 illa
375 1621 449 1670 vero
462 1603 553 1667 etiam
566 1601 687 1680 animis,
707 1602 755 1683 qui
771 1617 789 1664 a
803 1600 947 1683 grauibus
998 1599 1036 1663 ad
1048 1617 1150 1665 omnes
1161 1599 1320 1683 figurarum
1333 1610 1364 1667 et
1374 1600 1550 1684 qualitatum
1560 1602 1672 1685 speeies
1683 1601 1754 1666 sub·

194 1720 225 1777 et
251 1719 355 1775 curatu
374 1706 543 1773 difficilibus
569 1705 679 1772 morbis
704 1706 836 1790 oppressi
863 1716 945 1786 sunt,
996 1708 1087 1790 jecta,
1107 1718 1137 1774 et
1157 1708 1305 1773 substrata
1326 1707 1443 1774 artifici.
1459 1712 1504 1773 ltn
1525 1727 1574 1773 eos
1599 1707 1709 1790 [dicent
1731 1710 1751 1773 l.
1820 1693 1826 1708 ’

194 1837 269 1899 quos
285 1816 466 1901 uoluptates,
482 1824 513 1881 et
526 1814 714 1899 cupiditates,
730 1814 902 1895 etdolures,
917 1822 948 1880 et
999 1812 1083 1894 adde]
1105 1812 1155 1895 qui
1177 1812 1341 1878 ordinatum
1362 1813 1428 1878 ooeli
1449 1814 1554 1892 situm,
1576 1814 1677 1892 solem,
1698 1813 1751 1877 lu-

195 1937 291 1992 metus
310 1925 492 2001 invaserunt,
504 1933 535 1988 et
555 1922 679 1987 aliarum
694 1922 947 2006 perturbationum
1000 1936 1079 2000 nam,
1095 1929 1125 1984 et
1137 1918 1195 1984 alia
1216 1920 1345 1986 errantia
1365 1929 1396 1986 et
1417 1919 1575 1985 inerrantia
1597 1928 1687 2000 astro,
1704 1920 1753 1985 uel

194 2041 226 2100 et
250 2033 388 2100 vitiorum
413 2031 672 2096 immedicabilium
699 2028 875 2109 multitud03
898 2031 947 2096 vel
1000 2025 1172 2090 uniuersum
1193 2026 1298 2091 ooelum
1322 2035 1352 2093 et
1379 2026 1520 2092 mundum
1546 2027 1753 2094 uenerantur?

196 2136 948 2224 quodanaturaetsaerislegibus‚—idquodllst,
1000 2129 1058 2196 Sed
1078 2130 1143 2196 baec
1169 2149 1286 2216 quoque
1306 2151 1366 2197 non
1386 2150 1421 2198 ex
1442 2152 1490 2208 se,
1512 2132 1565 2198 sed
1591 2134 1629 2198 ab
1654 2132 1753 2216 aliquo

195 2245 274 2328 quod
294 2244 412 2327 quidem
425 2252 472 2311 est
486 2252 516 2308 et
529 2242 606 2306 bono
620 2240 819 2324 praestantius,
836 2251 867 2306 et
887 2258 947 2305 uno
1000 2238 1122 2306 scientia
1137 2241 1347 2324 perfectissimo
1365 2241 1480 2307 artifice
1501 2241 1577 2307 lacta
1597 2250 1678 2306 sunt.
1694 2241 1752 2307 He-

198 2352 308 2433 purius,
331 2361 362 2416 et
388 2349 513 2415 monade
540 2349 709 2433 antiquius,
736 2347 831 2416 colere
851 2348 947 2414 edocti
999 2363 1105 2412 roasne
1125 2367 1160 2412 ac
1180 2347 1348 2414 semideos?
1368 2349 1414 2412 ln
1433 2365 1494 2412 non
1514 2357 1560 2412 est
1586 2346 1641 2412 boc
1660 2347 1752 2413 etiam

196 2466 277 2523 sunt.
306 2457 520 2551 [Θεραπευτὴς
540 2457 619 2522 enim
639 2476 705 2522 eum
729 2456 779 2541 qui
802 2456 946 2537 medetur,
1000 2452 1179 2519 ridiculum?
1200 2455 1258 2534 Qui
1272 2455 1351 2520 enim
1365 2454 1425 2521 lieri
1442 2463 1550 2539 potest,
1565 2464 1599 2520 ut
1615 2454 1692 2520 idem
1714 2454 1754 2518 sit

199 2576 312 2631 etcum
331 2567 382 2650 qui
403 2566 472 2630 colit
491 2564 653 2648 significat,
668 2581 770 2647 praem
787 2563 889 2628 demut
905 2565 949 2627 in-
1001 2561 1130 2625 mortalis
1150 2567 1182 2627 et
1208 2561 1402 2626 immortalis?
1424 2571 1456 2626 ut
1476 2561 1646 2626 omittamus
1673 2559 1753 2644 quod

196 2672 288 2752 eluso]
317 2672 370 2737 His
390 2672 510 2756 quinam
537 2690 640 2738 eorum
667 2670 718 2756 qui
747 2670 889 2755 pietatem
913 2688 949 2735 ac
1000 2685 1100 2734 eorum
1111 2668 1309 2751 generationis
1317 2669 1493 2753 principium
1504 2677 1534 2734 et
1544 2667 1754 2752 vituperabile,

118 2833 127 2840 .
196 2779 368 2863 religionem
383 2782 569 2865 profitentur,
590 2780 756 2846 conserendi
777 2780 864 2845 sunt‘l
886 2779 949 2847 line
1000 2784 1032 2841 et
1050 2775 1192 2860 juvenilis
1220 2776 1259 2840 sit
1279 2775 1429 2858 libidinis,
1452 2795 1488 2840 ac
1515 2776 1753 2861 intemperantiae

196 2887 247 2968 qui
268 2888 412 2955 elementa
433 2889 588 2968 honorant,
615 2896 735 2965 terram,
757 2904 875 2971 equam,
899 2904 947 2952 ae-
1001 2883 1131 2967 planum,
1153 2902 1242 2967 quem
1263 2883 1356 2950 beatis
1377 2883 1547 2967 divinisque
1562 2883 1754 2949 facultatibus

195 3014 268 3077 rem,
284 2997 408 3080 ignem?
431 2996 547 3078 Quibus
567 2996 658 3061 etiam
679 2995 729 3060 alii
750 2994 809 3060 alia
830 2996 948 3079 nomina
1001 2991 1149 3054 nonsatis
1164 2991 1594 3075 pietribuerenonucrentur,
1610 2989 1634 3054 si
1649 2987 1753 3054 insano

196 3105 408 3189 imposuerunt,
417 3103 649 3188 ignem-quidem
660 3103 947 3196 Graecifflpeaewo,
1000 3096 1157 3162 mulierum
1178 3115 1277 3163 amore
1297 3097 1386 3181 capti,
1400 3098 1449 3180 qui
1464 3096 1501 3160 ab
1521 3096 1601 3160 omni
1621 3103 1691 3160 sunt
1703 3113 1754 3177 pe-

195 3212 326 3278 nverbo
346 3211 465 3305 ἔφαψις,
487 3213 566 3296 quud
586 3213 775 3278 oceauiooem
787 3211 947 3294 signifieat,
1001 3203 1082 3268 nitus
1092 3204 1314 3288 perturbatione
1325 3202 1413 3268 alieni
1425 3213 1456 3268 et
1464 3201 1639 3282 beatissimi,
1649 3219 1753 3267 earum

195 3320 389 3403 appellantes,
405 3323 508 3387 Aerem
523 3319 712 3412 vero‘npuv,
727 3338 744 3386 a
758 3319 850 3386 uerbo
862 3321 947 3411 αἴρω,
1001 3310 1212 3376 consuetudine
1232 3309 1278 3376 usi
1299 3318 1377 3376 suut.
1400 3310 1458 3375 Sed
1479 3307 1614 3391 uunquid
1631 3325 1681 3374 eos
1702 3307 1752 3389 qui

197 3623 205 3638 .
227 3622 235 3638 .
258 3622 264 3638 .
287 3624 294 3637 .
315 3579 386 3636 illud
405 3580 499 3637 colere
517 3581 590 3654 quod
608 3581 669 3649 Est,
682 3581 755 3653 quod
774 3581 858 3636 etiam
876 3583 949 3640 bono
1001 3581 1127 3652 subjecta
1145 3580 1178 3634 ad
1191 3597 1286 3635 omnes
1299 3581 1453 3651 figurarum
1467 3583 1496 3635 et
1508 3579 1675 3652 qualitatum
1688 3598 1753 3653 spe·

196 3672 298 3728 melius
317 3677 362 3727 ast
376 3669 403 3746 ι)
418 3677 447 3726 at
458 3689 513 3727 uno
532 3671 684 3738 sincerius,
698 3675 727 3726 et
745 3673 829 3726 unius
843 3674 949 3743 presci-
1001 3673 1070 3728 cies.
1090 3670 1188 3727 Altera
1205 3688 1279 3742 varo,
1298 3688 1361 3743 qum
1380 3671 1583 3743 apostolemata
1595 3669 1620 3737 ⁸)
1641 3678 1754 3750 vocant,

196 3779 251 3834 pua
270 3762 348 3818 frons
367 3767 410 3817 est
422 3761 461 3832 2).
481 3762 538 3818 Hos
563 3763 637 3816 enim
660 3760 861 3834 comparandos
886 3761 948 3832 quis
1001 3761 1090 3818 solem
1103 3765 1130 3816 et
1143 3759 1236 3816 lunam
1250 3760 1374 3834 aliasque
1389 3759 1498 3817 stellas.
1513 3760 1752 3829 Planetaeautem,

194 3854 409 3924 superstitiosus
427 3850 552 3907 asseratl
568 3855 617 3906 aut
635 3868 734 3922 nempe
753 3867 802 3906 eos
821 3852 868 3923 qui
888 3847 944 3904 ele·
1002 3854 1076 3907 intes·
1094 3848 1197 3905 eoelum
1209 3855 1238 3904 at
1249 3849 1392 3919 mundum,
1406 3865 1440 3904 ne
1460 3851 1529 3922 ipsas
1543 3850 1655 3922 quidem
1675 3852 1709 3904 ab
1722 3867 1752 3904 se

194 3948 288 4000 menta
309 3943 333 4009 ³)
357 3943 561 4013 honorificant,
579 3947 685 3998 terram
705 3944 742 4012 ⁴),
765 3959 881 4014 aquam,
902 3959 948 3994 ae-
1002 3939 1228 4006 facteesunt,sad
1241 3938 1385 4010 aquodam
1396 3938 1750 4011 Creatoreperiactissimae

194 4052 265 4103 rem,
285 4036 391 4107 ignem.
412 4035 517 4100 Quibus
536 4033 620 4088 etiam
639 4033 752 4088 nomina
769 4049 890 4105 posuere
903 4029 947 4084 al·
1001 4029 1168 4103 disciplina.
1188 4031 1269 4087 Certe
1287 4028 1424 4084 semideos
1442 4027 1493 4082 alii
1511 4028 1645 4100 colentes,
1664 4030 1749 4100 igno-

194 4130 273 4180 tera:
287 4125 381 4194 ignem
396 4123 506 4196 quidem
519 4121 685 4192 Vulcanum,
697 4137 749 4192 pno
762 4120 948 4188 accendendo,
1001 4122 1088 4174 minist
1105 4120 1183 4190 digni
1209 4123 1283 4174 suut.
1304 4118 1363 4183 Quo
1382 4119 1456 4172 enim
1475 4118 1603 4175 modoet
1623 4118 1751 4174 mortalia

194 4219 273 4287 puto,
293 4218 436 4282 vocantes,
455 4213 592 4268 lunonem
606 4210 630 4276 ⁵)
644 4228 747 4279 aerem,
761 4227 812 4283 pro
831 4208 948 4265 levando
1001 4209 1075 4263 idem
1093 4209 1132 4263 sit
1143 4213 1172 4261 et
1183 4204 1366 4261 immortalis?
1379 4206 1503 4278 Denique
1517 4207 1599 4278 hujus
1611 4207 1749 4277 originem

196 4302 239 4359 vel
259 4302 463 4376 suspendand03
483 4318 583 4375 squam
602 4319 678 4370 vero,
697 4303 868 4372 Neptunum,
889 4297 948 4352 for·
1001 4299 1106 4353 erroris
1130 4294 1249 4368 puerilis
1274 4295 1468 4350 inconstantia
1493 4294 1604 4369 plenam
1629 4313 1684 4368 qua
1707 4299 1751 4351 usi

195 4395 269 4447 sitan
288 4410 339 4464 pro
358 4391 477 4464 potando
491 4389 533 4462 ⁶)3
547 4395 651 4446 terrem
670 4405 748 4456 varo,
761 4387 947 4453 Demetorem,
1002 4390 1067 4441 sunt
1080 4384 1117 4452 9),
1137 4402 1193 4440 non
1212 4387 1278 4439 sunt
1295 4384 1416 4455 pernitie
1428 4399 1479 4438 sua
1490 4384 1613 4456 obJ‘ieerc
1627 4383 1662 4458 (l.
1679 4385 1751 4456 depe:

196 4485 245 4536 eut
262 4486 395 4553 quantum
414 4488 503 4534 mater
514 4480 637 4534 omnium
650 4493 713 4531 esse
727 4478 851 4548 putatur,
865 4471 948 4547 plan·
1001 4474 1119 4548 puerilis
1138 4474 1334 4530 inconstantiae
1353 4472 1473 4544 plenem,
1492 4489 1573 4545 quam
1592 4474 1654 4528 ausi
1672 4477 1748 4544 sunt,

197 4575 289 4625 tarum
311 4567 335 4635 7)
365 4574 448 4641 atque
475 4566 649 4622 animalium.
674 4564 809 4637 Equidem
835 4562 948 4618 nomina
1002 4581 1057 4621 non
1075 4566 1136 4619 sine
1155 4564 1297 4636 impietate
1318 4561 1500 4634 [odaria-poich
1514 4563 1647 4634 objicere)
1661 4563 1751 4617 beatis

197 4659 387 4731 sophistarum
415 4661 482 4712 sunt
506 4653 696 4723 inventioula3
720 4651 859 4707 elementa
883 4667 948 4706 vare
1000 4655 1156 4728 divinisque
1174 4653 1335 4720 virtutibus,
1355 4657 1452 4725 utpote
1465 4651 1637 4721 mortalibus,
1652 4653 1750 4708 uxori-

196 4749 328 4802 materies
346 4748 407 4801 sine
426 4747 536 4814 anima,
554 4745 588 4798 ab
607 4761 638 4798 sa
656 4741 824 4810 immobilia,
843 4741 948 4795 artifici
999 4746 1051 4800 bus
1069 4746 1247 4800 immorantes
1265 4747 1453 4800 convenerunt
1464 4741 1513 4810 1⁰),
1526 4742 1613 4799 totius
1625 4743 1688 4796 vitii
1706 4742 1751 4796 in·
1869 4781 1871 4784 .
1889 4741 1895 4754 ‘

231 4981 253 5047 1)
273 4983 407 5039 melior...
425 4985 565 5037 sincerior
580 4977 645 5047 1,2.
659 4978 732 5044 Α)
752 4976 886 5050 Lepidum
905 4981 950 5032 est
1000 4987 1118 5034 tutorem
1138 4975 1164 5045 l,
1182 4973 1210 5030 2.
1224 5004 1259 5017 -
1272 4973 1296 5041 8)
1316 4975 1573 5045 apostoliamamata
1591 4972 1618 5046 l,
1627 4976 1749 5046 paselea-
1815 5041 1819 5046 Δ

197 5072 250 5127 boc
267 5077 358 5128 unius
379 5076 537 5142 praecipua
562 5072 643 5142 {aona
665 5067 696 5138 l,
715 5067 749 5139 2,
766 5084 818 5139 pro
842 5069 947 5138 μονάδος
1001 5067 1160 5123 tismamota
1178 5071 1243 5136 post
1260 5081 1333 5120 corr.
1347 5062 1381 5121 2)
1396 5051 1469 5136 49)
1482 5063 1597 5120 Tetrum
1614 5063 1749 5119 ulcusest

198 5163 406 5236 ἀρχιγονώτιρον.
418 5191 455 5204 -
468 5163 492 5226 8)
511 5162 647 5216 alimenta
670 5157 741 5217 1.-
755 5161 779 5224 ⁴)
799 5163 908 5214 arreni
918 5156 946 5212 2.
1000 5156 1030 5209 in
1049 5159 1167 5225 utroque
1186 5153 1295 5209 codiee:
1315 5171 1375 5210 non
1393 5163 1462 5209 sunt
1472 5157 1600 5225 pernicie
1612 5171 1665 5210 sua
1684 5156 1746 5210 odi·

197 5281 232 5294 -
246 5250 270 5323 5)
290 5256 428 5309 unionem
444 5249 473 5307 2.
486 5279 521 5292 -
535 5252 559 5321 θ)
574 5249 713 5320 protendo
730 5245 759 5302 2.
774 5277 806 5287 -
820 5245 846 5312 7)
861 5248 947 5317 ptan-
1000 5263 1062 5302 ecre
1077 5242 1222 5314 1,2.-1⁰t
1234 5256 1424 5302 convenerant
1437 5242 1461 5302 l.
