3976 6078
916 448 1002 519 XIX

784 663 899 736 PARS
934 663 1134 736 SECUNDA

677 925 721 976 bil
745 922 1003 976 Auruulcnsuls
1027 923 1229 974 aunbncnls.

266 1277 353 1346 Post
389 1275 544 1363 plurima
569 1274 794 1344 saeculorum
818 1272 936 1340 lustra
958 1269 1002 1340 ad
1036 1271 1151 1340 lucem
1184 1271 1239 1340 tot
1260 1273 1424 1340 veterum
1450 1274 1595 1343 Patrum
1627 1276 1737 1345 'testi-

173 1396 297 1468 monia
318 1395 481 1465 revocari
506 1397 702 1482 nequeunt,
721 1393 806 1480 quin
831 1393 988 1479 diligens
1013 1395 1050 1461 et
1072 1391 1235 1460 curiosus
1255 1391 1369 1460 lector
1392 1391 1546 1479 primum
1572 1394 1731 1462 omnium

175 1519 284 1589 anxie
308 1518 345 1586 et
367 1515 521 1586 sollicite
545 1517 706 1601 quaerat,
733 1514 861 1600 quibus
881 1531 924 1582 ex
948 1512 1105 1580 lontibus
1128 1512 1256 1578 cuncta
1279 1514 1462 1606 eruantur,
1489 1531 1535 1580 an
1569 1511 1735 1598 legitima

175 1636 405 1726 proterantur
423 1635 565 1722 scripta,
591 1637 628 1702 et
650 1651 719 1720 quo
737 1635 821 1724 jure
841 1631 951 1700 nobili
970 1632 1153 1700 vetustate
1177 1630 1397 1717 superbiant,
1417 1647 1488 1718 qua
1504 1632 1648 1702 demum
1667 1648 1736 1700 au·

175 1755 355 1833 ctoritate,
380 1753 591 1839 integritate
615 1755 652 1821 et
674 1751 882 1820 sinceritate
906 1751 1212 1819 commendentur.

265 1871 403 1952 Graeci,
430 1870 624 1940 orientales
650 1870 687 1938 et
703 1869 807 1938 latini
831 1869 980 1947 codices,
1008 1870 1099 1936 bona
1116 1886 1224 1935 mauu
1249 1868 1401 1949 exarati,
1423 1869 1566 1956 copiosi,
1589 1871 1729 1951 annosi,

174 1992 353 2078 insignes,
379 1989 482 2058 nobis
518 1989 631 2077 primo
656 1988 894 2075 respondendi
933 1989 1147 2072 argumento
1171 1987 1267 2055 sunt.
1296 1986 1452 2064 Quorum
1492 1987 1522 2057 si
1548 1987 1629 2075 quis
1655 1989 1741 2057 dili-

174 2111 306 2196 genter
340 2105 623 2176 consideraverit
645 2104 723 2174 sive
757 2103 932 2173 tabellam
956 2105 1000 2172 ad
1036 2103 1168 2172 calcem
1194 2104 1368 2191 cujusque
1402 2105 1489 2174 tomi
1526 2123 1732 2193 appensam,

174 2227 254 2295 sive
278 2227 441 2313 apposita
465 2227 662 2312 opportune
687 2223 843 2309 singulis
867 2220 1051 2309 opusculis
1074 2223 1138 2289 aut
1160 2221 1306 2290 scholiis
1330 2221 1425 2308 sigla
1448 2224 1486 2292 el
1509 2223 1640 2310 elogia,
1668 2243 1735 2293 no-

176 2343 314 2411 biscum
349 2340 558 2411 suadebitur
581 2341 675 2410 haud
711 2341 829 2408 levem
855 2358 934 2409 esse
959 2338 1086 2407 horum
1111 2338 1258 2407 testium
1288 2357 1515 2410 consensum.
1542 2340 1614 2409 Alii
1640 2341 1737 2410 onim

176 2447 340 2529 referunt
364 2459 646 2546 spectatissimos
669 2459 830 2528 unciales
865 2460 969 2545 typos
992 2457 1120 2544 primae
1144 2459 1207 2526 aut
1229 2458 1396 2527 secundae
1420 2459 1549 2539 aetatis,
1574 2459 1654 2528 sive
1677 2463 1740 2529 te·

176 2581 276 2648 retes
300 2580 338 2647 et
376 2578 563 2658 rotundos,
589 2577 667 2647 sive
691 2579 815 2646 acutos
839 2579 877 2645 ct
913 2574 1089 2662 obliquos
1115 2575 1177 2643 alii
1201 2576 1309 2644 cerlis
1332 2575 1510 2662 vestigiis
1536 2577 1645 2645 etiam
1671 2565 1739 2664 op·

176 2696 342 2782 portunis
384 2697 576 2775 erroribus,
602 2695 812 2764 affluitatem
849 2693 1004 2784 vicinam
1030 2694 1185 2780 produnt
1219 2711 1297 2762 curn
1335 2692 1539 2780 archetypis
1574 2697 1637 2762 aut
1669 2695 1738 2780 pri·

101 2797 106 2804 ’
177 2812 246 2880 mis
269 2813 499 2900 apographis,
525 2812 650 2900 quales
674 2814 759 2880 sunt
782 2812 1080 2880 Claromontanus
1104 2810 1148 2879 ad
1174 2809 1317 2879 Clavem
1349 2809 1636 2890 Melitonianam,
1661 2812 1739 2879 Va-

177 2931 318 2998 ticanus
342 2928 505 3016 capitalis
541 2930 585 2998 ad
609 2928 775 3014 Origenis
800 2929 836 2996 in
869 2929 935 2996 Job
966 2927 1115 3007 scholia,
1141 2929 1179 2996 et
1212 2926 1458 2996 bucherianus
1492 2928 1605 2996 codex
1642 2945 1735 2997 saec.

176 3047 240 3126 Vl,
267 3046 392 3134 quales
415 3047 485 3115 duo
519 3046 748 3115 Oltobouiaui
788 3045 822 3114 in
855 3023 1098 3114 minutissima
1132 3045 1310 3133 scriptura
1333 3062 1415 3113 saec.
1442 3045 1475 3110 X
1499 3045 1543 3112 ad
1578 3044 1737 3132 psalmos

180 3166 220 3232 et
240 3163 448 3252 prophetas.

266 3283 353 3349 Tum
378 3286 474 3351 recte
505 3283 646 3351 notavit
680 3282 880 3361 Cramerus,
916 3280 1206 3350 accuratissimus
1241 3283 1448 3352 catenarum
1485 3279 1737 3352 oxoniensium

177 3399 303 3478 editor,
328 3417 429 3468 raros
452 3417 494 3468 ac
511 3399 640 3468 breves
664 3399 776 3486 recipi
800 3399 897 3468 locos
922 3400 1067 3467 Patrum
1091 3398 1300 3484 priscorum,
1323 3397 1455 3468 actare
1479 3415 1621 3486 semper
1654 3398 1734 3470 sine

177 3515 355 3584 varietate
395 3515 566 3602 religiose
590 3515 753 3584 rescribi.
780 3517 890 3604 quue
925 3513 1154 3584 verissimum
1181 3519 1246 3601 est,
1271 3516 1341 3585 nisi
1367 3517 1461 3602 quod
1485 3515 1660 3602 Origenes
1697 3518 1741 3585 ob

177 3631 449 3720 amplitudinem
474 3613 810 3702 commentariorum
837 3633 978 3702 caeteris
1002 3632 1224 3720 frequentius
1242 3636 1279 3702 et
1301 3634 1540 3703 abundantius
1565 3633 1734 3714 occurrit,

178 3748 239 3836 qui
263 3752 383 3818 tamen
418 3768 482 3835 pro
516 3767 582 3818 sua
605 3750 861 3837 perspicuitate
898 3753 935 3818 et
958 3750 1219 3835 singularitate,
1257 3750 1345 3820 satis
1371 3751 1574 3836 integeret
1605 3750 1734 3820 obvius

165 3875 242 3955 ‘per
275 3865 396 3934 varios
419 3866 558 3936 codices
584 3867 832 3936 transmeavit.
857 3867 1123 3954 Praeterquam
1149 3869 1242 3954 quod
1266 3868 1406 3937 colicos
1431 3859 1545 3936 nostri
1578 3871 1642 3937 aut
1666 3887 1736 3937 ve-

178 3982 266 4053 tusti
290 3985 375 4051 sunt
397 3985 460 4051 aut
482 3983 596 4053 multo
622 3985 838 4053 vetustiores
866 3983 1039 4065 referunt,
1066 3983 1163 4054 aliud
1188 3987 1348 4072 praestat:
1382 3985 1598 4054 Graecarum
1635 3987 1742 4054 cate-

178 4117 305 4170 narum
342 4099 418 4166 noti
455 4099 611 4185 opificae,
649 4101 855 4188 Procopius,
893 4101 1162 4187 Polychronius,
1199 4101 1483 4190 OlympiodoruS,
1520 4103 1735 4174 Ammonius

178 4216 224 4286 ad
258 4214 430 4284 saeculum
465 4215 610 4284 circiter
632 4221 773 4285 sextum
798 4217 992 4303 pertinent,
1019 4217 1114 4286 unde
1137 4237 1213 4306 prae
1238 4219 1402 4288 manibus
1427 4219 1584 4290 habuere
1608 4239 1736 4290 exem·

177 4333 293 4421 plaria
316 4333 480 4402 omnibus
504 4352 596 4421 quae
621 4334 786 4403 novimus
810 4335 924 4403 multo
948 4336 1131 4404 anteriora
1155 4339 1192 4404 et
1215 4336 1259 4405 ab
1293 4336 1380 4423 ipsis
1404 4335 1607 4424 archetypis
1633 4337 1735 4408 brevi

182 4449 375 4520 intervallo
399 4453 553 4519 remota.

269 4565 337 4636 Sed
361 4585 442 4636 ecce
460 4567 496 4634 in
524 4570 731 4638 catenarum
756 4571 905 4657 sylvam,
927 4571 1096 4658 periculis
1121 4578 1158 4642 et
1172 4575 1312 4661 probris
1332 4575 1564 4658 diffamatam,
1584 4578 1741 4664 ingredi·

178 4704 269 4755 mur.
296 4684 374 4754 Soio
392 4702 414 4753 a
433 4685 556 4754 multis
581 4685 672 4756 hauc
696 4686 868 4757 invidiam
894 4689 1083 4772 recautari,
1110 4693 1173 4760 sed
1197 4692 1377 4762 neminem
1410 4694 1625 4781 neglexisse,
1652 4697 1737 4768 data

180 4803 364 4872 occasione
400 4805 609 4890 opportuna,
642 4804 745 4891 larga
782 4825 889 4876 manu
914 4824 959 4875 ex
995 4807 1061 4876 hac
1095 4809 1201 4895 sylva
1234 4810 1376 4881 nefasta
1411 4811 1563 4897 liguum,
1590 4814 1737 4885 tabulas

175 4921 299 4988 'trabes
321 4918 417 4988 ultro
441 4922 603 4990 caedere.
630 4922 768 5004 Hercle,
788 4925 940 4994 nammis
966 4926 1176 4997 devovenda
1200 4929 1270 4998 erit
1294 4948 1376 5016 pars
1400 4930 1475 5000 lere
1500 4933 1649 5004 dimidia
1669 4951 1736 5001 ve-

179 5038 295 5107 terum
330 5038 484 5124 patrum,
511 5039 659 5108 succisis
695 5041 899 5112 catenaram
923 5043 1104 5113 subsidiis.
1141 5047 1250 5116 Totus
1275 5047 1446 5117 irenaeus
1471 5068 1612 5134 graece,
1637 5051 1733 5135 syri-

181 5173 254 5240 ace,
279 5155 459 5226 armenice
484 5157 520 5225 in
545 5175 651 5228 auras
676 5164 886 5243 evanescet,·
913 5163 982 5232 duo
1005 5163 1189 5251 Hippolyti
1213 5165 1300 5233 tomi
1330 5165 1464 5235 trustra
1488 5166 1587 5235 suere
1618 5186 1640 5236 a
1666 5169 1736 5236 Fa-

181 5271 290 5344 bricio
321 5276 530 5362 coustructi;
556 5277 664 5350 etiam
701 5280 903 5353 severiores
934 5281 1088 5354 Maurini
1113 5281 1239 5355 harum
1271 5283 1483 5355 laciniarum
1514 5288 1650 5374 spissos
1683 5284 1738 5356 ia-
