4064 6108
243 392 302 459 328

244 552 388 626 petentes,
411 559 480 608 rere
500 541 619 625 quidem
640 541 747 607 bonnm
765 557 802 605 ac
820 556 991 624 prosperum

244 652 334 730 diem,
356 659 391 715 ut
406 650 516 714 coelesti
533 649 644 714 scilicet
658 649 767 714 lumine
788 665 872 712 mens
892 663 991 712 eorum

244 754 415 839 impleatur:
428 754 578 819 occidente
591 764 701 832 aulem,
714 763 748 819 ut
758 771 839 818 mens
852 769 991 817 sensnum

242 871 273 924 et
286 859 437 925 sensilium
457 858 541 924 turbs
555 859 673 925 omnino
687 859 797 937 levata,
812 859 843 922 in
857 875 910 922 eun
924 875 992 922 con·

241 985 321 1033 maen
333 967 487 1049 etproprio
498 966 611 1031 consilii
622 966 938 1032 domicilioreritatem
949 964 993 1029 in·

241 1072 381 1154 vestiget.
398 1071 472 1137 Tota
486 1083 584 1137 antem
598 1089 615 1136 a
630 1090 717 1138 mane
730 1091 822 1155 usqne
835 1071 872 1135 ad
888 1089 993 1152 respe-

243 1197 306 1246 ram
329 1179 516 1262 intercapedo
531 1179 562 1244 in
574 1180 784 1245 exercitatione
799 1180 989 1246 consumitur.

280 1287 315 1352 ln
336 1287 426 1352 sacris
446 1287 524 1352 eninr
548 1287 653 1353 litteris
678 1299 843 1367 versantes,
868 1287 992 1370 patrium

242 1389 455 1475 philosophiam
477 1391 634 1470 allegorice
654 1393 809 1474 explicant
825 1393 900 1473 Quas
913 1392 991 1458 cuim

224 1497 362 1580 ¹scriptis
384 1499 492 1563 tradita
511 1508 595 1578 sunt,
618 1498 749 1584 symbola
770 1508 802 1564 et
820 1499 906 1580 signa
926 1515 993 1564 esse

244 1604 411 1668 existimant
423 1604 603 1669 rhemnona
613 1615 738 1683 naturas,
750 1623 816 1689 quae
831 1606 861 1670 in
876 1605 912 1669 iis
926 1621 993 1688 quae

243 1711 368 1778 subsunt
388 1711 590 1793 intelligentiis
609 1710 782 1777 declaratur.
799 1712 874 1778 Sunt
895 1723 992 1779 annm

243 1818 287 1882 eis
306 1817 395 1883 etiam
416 1817 613 1900 antiquiorum
627 1819 759 1886 virorum
777 1820 904 1903 scripta3
928 1822 990 1905 qui,

244 1943 310 1990 cum
321 1923 991 2010 hujusseotaeprincipesauctoresqueluissent,

243 2030 331 2114 hujus
345 2031 549 2114 allegoriarum
564 2034 681 2115 generis
694 2036 788 2100 multa
806 2045 992 2100 monumenta

243 2139 396 2223 reliquere.
412 2138 527 2219 Quibus
547 2141 640 2206 veluti
662 2143 838 2226 quibusdam
858 2141 993 2228 archety-

242 2249 289 2333 pis
298 2257 426 2326 ntentes,
439 2247 564 2314 instituti
576 2267 685 2315 morem
696 2259 870 2333 sequuntur.
883 2249 992 2328 Quam·

171 2381 174 2388 ¹
242 2356 340 2421 obrem
361 2375 420 2420 non
434 2357 529 2420 solum
548 2357 796 2439 contemplantur,
811 2358 862 2423 sed
880 2367 911 2423 et
924 2374 993 2421 ‹an-

243 2465 301 2528 tica
321 2471 351 2529 ct
371 2462 495 2546 hymnos
509 2464 640 2528 omnium
655 2465 806 2531 modorum
824 2474 994 2530 metrorum-

244 2588 302 2654 que
314 2570 343 2633 in
358 2569 451 2634 Deum
468 2569 585 2635 iaciunt.
601 2571 682 2650 Quos
697 2572 826 2637 numeris
839 2572 994 2656 splendide

244 2695 279 2742 ac
298 2677 453 2759 magnilica
475 2677 654 2759 imprimunt

286 2785 341 2852 Sex
362 2803 432 2864 ergo
447 2785 561 2866 diebus,
577 2803 707 2852 seorsum
727 2788 928 2871 unusquisqne
948 2807 994 2854 se-

245 3023 353 3074 oriente
366 3019 477 3092 quidem
486 3019 561 3088 veole,
571 3035 631 3074 eam
643 3020 697 3074 sibi
709 3019 896 3092 placationem
908 3040 926 3078 e
937 3024 994 3080 Deo

245 3109 305 3164 dari
324 3114 483 3182 precantur,
502 3124 567 3180 quse
585 3109 676 3180 possit
688 3113 794 3164 mentes
806 3127 902 3167 eorum
919 3111 996 3166 eele-

245 3198 298 3252 stie
311 3196 426 3252 luminis
439 3195 572 3267 largitate
586 3199 727 3268 saginare:
739 3198 791 3252 hoc
805 3201 994 3271 auspicantes,

246 3292 278 3343 nt
289 3289 382 3342 anima
394 3287 484 3342 tocius
497 3285 690 3342 sensualitatis
703 3288 787 3360 hujus
800 3289 896 3344 mundi
907 3290 996 3345 libera

246 3379 276 3433 in
295 3394 347 3433 sua
364 3375 430 3432 sede
447 3381 530 3448 etque
549 3375 612 3432 elbo
627 3375 653 3450 ι)
674 3376 799 3432 stabilita
817 3379 927 3434 veritati
945 3397 993 3434 eo-

245 3465 368 3540 puletur.
383 3467 457 3520 lnter
467 3466 634 3520 matutinum
647 3470 676 3520 et
686 3467 874 3538 vespertinum
886 3472 995 3540 tempus

244 3557 359 3628 proprio
369 3559 468 3610 ament
479 3555 734 3623 exercitio,divinis
744 3556 956 3628 interpellantes
970 3559 993 3624 ²)

245 3645 402 3716 scripturis,
411 3647 571 3699 scrutantes
580 3645 727 3715 sapientire
738 3643 836 3701 titulos
850 3644 886 3714 ³),
896 3651 924 3702 et
936 3647 996 3702 dis·

249 3738 385 3803 serentes,
398 3735 518 3788 scientes
528 3749 627 3787 nomen
640 3737 770 3790 cretone
784 3735 995 3808 interpretatio·

926 386 1105 458 Pultonts
1185 383 1190 390 ’

1045 535 1152 618 parati,
1172 547 1204 603 et
1217 537 1270 602 soli
1285 539 1363 621 apud
1379 556 1422 616 se,
1438 540 1467 603 in
1483 537 1520 603 iis
1541 555 1608 622 qun
1628 538 1705 605 dicta
1728 552 1799 607 snut

1045 644 1229 709 monasteriis
1250 644 1507 729 philosophantur,
1530 645 1715 712 vestibulum
1737 665 1796 712 non

1047 751 1296 840 transcendentes,
1311 752 1361 817 sed
1378 769 1432 816 nec
1444 770 1480 816 er
1497 751 1656 834 improviso
1676 752 1794 836 quidem

1045 865 1223 938 spectantes.
1253 857 1502 940 septimoautem
1522 858 1571 922 dic
1599 857 1790 934 conueniunt,

1046 971 1184 1044 nuquam
1200 962 1230 1025 in
1245 961 1574 1042 communemncilium,
1588 970 1618 1028 et
1628 981 1680 1044 pro
1697 963 1793 1029 etatis

1045 1067 1159 1133 ratione
1172 1084 1225 1151 per
1239 1067 1354 1148 seriem,
1369 1076 1399 1132 et
1412 1067 1546 1135 ordinate
1558 1068 1671 1145 sedent,
1687 1069 1791 1135 decora

1045 1190 1081 1237 ao
1093 1175 1288 1240 conveniente
1301 1175 1395 1256 ligura
1409 1185 1439 1241 et
1459 1174 1573 1254 habitu,
1589 1186 1672 1242 extra
1686 1195 1795 1241 *manus

1046 1278 1199 1358 habentes,
1218 1290 1250 1345 et
1269 1281 1400 1346 dextram
1416 1283 1533 1364 quidem
1549 1282 1624 1346 inter
1643 1291 1747 1366 pectus
1767 1294 1796 1347 ot

1045 1398 1187 1467 mentum,
1203 1389 1353 1454 sinistrum
1363 1407 1436 1454 vero
1446 1389 1601 1454 demissam
1616 1389 1654 1454 ad
1667 1389 1727 1455 ilia.
1742 1391 1797 1454 lle-

1046 1493 1152 1558 cedens
1174 1504 1272 1559 eutem
1293 1494 1405 1574 senior,
1427 1504 1457 1560 ct
1476 1495 1658 1561 decretorum
1681 1493 1796 1576 peritis·

1046 1601 1148 1680 simus,
1171 1601 1303 1679 disserit,
1323 1611 1476 1667 conmenta
1495 1601 1583 1667 rnltn
1598 1611 1629 1667 ct
1641 1621 1714 1668 soce
1729 1620 1797 1666 con-

1046 1717 1139 1789 tenta,
1155 1728 1220 1774 cum
1241 1708 1356 1775 ratione
1375 1719 1406 1774 et
1423 1709 1592 1794 prudentia,
1606 1727 1665 1774 non
1679 1707 1796 1774 dicendi

1046 1818 1161 1901 copiam
1181 1828 1212 1884 et
1231 1818 1468 1900 vehementiam,
1490 1828 1523 1884 ut
1543 1818 1674 1884 rhetores
1697 1825 1727 1881 et
1747 1817 1795 1900 qui

1046 1943 1125 1990 nuuc
1145 1935 1214 1990 sunt
1233 1926 1382 2010 sophistae,
1402 1935 1567 2005 ostentans,
1582 1924 1737 2007 amquam
1750 1933 1797 1989 est

1046 2039 1265 2112 perscrutatus,
1297 2029 1556 2113 intelligentiarum
1588 2029 1794 2113 perlectionem

1046 2137 1213 2218 explicans,
1239 2157 1308 2221 quae
1335 2157 1393 2202 non
1420 2138 1541 2203 summis
1567 2137 1688 2202 auribus
1718 2136 1797 2200 insi-

1046 2242 1107 2322 det,
1131 2243 1183 2310 sed
1203 2261 1255 2327 per
1273 2244 1408 2310 auditum
1431 2248 1470 2308 erl
1494 2243 1623 2309 animam
1647 2234 1797 2327 pervenit,

1046 2361 1077 2416 et
1092 2351 1178 2418 lirmc
1191 2371 1225 2416 ec
1238 2351 1385 2417 stabiliter
1398 2361 1559 2440 permanet.
1574 2352 1683 2416 Omnes
1697 2359 1796 2416 entem

1047 2459 1098 2525 elii
1114 2459 1232 2526 silentio
1247 2461 1380 2538 audiunt,
1393 2461 1541 2526 oculorum
1554 2461 1602 2526 rel
1618 2459 1723 2543 eapitis
1734 2478 1798 2524 mu-

1048 2568 1129 2633 tibus
1143 2570 1170 2634 ei
1185 2578 1300 2635 tantum
1313 2569 1428 2635 laudem
1441 2569 1651 2651 significantes.

1087 2677 1148 2742 Hoc
1163 2685 1258 2741 autem
1280 2693 1433 2741 commune
1446 2688 1597 2768 aspector,
1612 2675 1643 2740 in
1661 2674 1740 2759 qnod
1753 2693 1799 2740 sc·

1047 2786 1138 2870 ptimo
1151 2804 1267 2870 quoque
1280 2786 1328 2852 die
1341 2785 1537 2864 conveniunt,
1550 2793 1596 2850 eet
1615 2784 1722 2868 duplex
1735 2799 1796 2846 am-

1046 3022 1289 3096 philosophantnr,
1309 3039 1359 3077 nec
1377 3020 1462 3076 limen
1481 3019 1591 3077 cellulae
1606 3023 1795 3087 transeuntes,

1048 3130 1137 3184 neque
1150 3131 1165 3166 e
1178 3113 1330 3184 longinquo
1342 3111 1536 3182 respicientes,
1550 3109 1711 3182 perdurent.
1726 3111 1794 3180 Sep-

1049 3201 1117 3256 timo
1136 3205 1229 3256 autem
1248 3201 1291 3255 his
1306 3201 1335 3254 in
1353 3200 1451 3255 diebus
1468 3200 1647 3265 conveniunt,
1668 3199 1715 3270 pia
1728 3214 1796 3252 con·

1048 3289 1108 3344 cilii
1132 3289 1389 3345 communicatione.
1414 3288 1570 3345 Secundum
1593 3287 1798 3342 ordinationem

1049 3381 1236 3448 considentes,
1255 3397 1321 3435 eum
1339 3379 1511 3450 comparenti
1530 3378 1629 3433 habitu
1643 3375 1684 3454 l),
1704 3376 1799 3432 dexte·

1049 3486 1109 3524 rem
1132 3468 1254 3524 celantes
1279 3486 1363 3539 supra
1387 3472 1487 3540 pectus
1510 3471 1538 3521 et
1562 3467 1690 3536 germina
1714 3463 1800 3532 colli,

1049 3559 1193 3613 sinistram
1211 3575 1277 3614 vero
1290 3557 1392 3612 leniter
1405 3555 1506 3612 lumbis
1519 3555 1675 3610 remissam.
1693 3555 1740 3611 Sic
1754 3570 1799 3609 rs-

1049 3647 1203 3702 sidentibus
1222 3645 1293 3717 iltis,
1311 3661 1383 3701 unus
1402 3647 1506 3716 senior,
1525 3651 1664 3700 sectarum
1684 3644 1800 3717 peritis-

1048 3738 1147 3806 simus,
1160 3737 1265 3791 mitiori
1279 3739 1403 3808 aspectu,
1416 3752 1483 3792 voce
1497 3735 1727 3790 constantissima
1739 3750 1797 3788 ser·

248 3823 292 3877 nis
301 3839 351 3894 pro
358 3822 564 3877 existimatione
574 3823 716 3878 absconse
724 3828 831 3880 naturae
841 3823 994 3882 declarare.
1049 3827 1216 3894 runcinatur,
1235 3842 1298 3880 cum
1316 3823 1536 3880 rationabilitate
1548 3829 1632 3896 etque
1648 3823 1798 3896 sapientia,

249 3913 358 3967 Habent
371 3913 454 3966 etiem
468 3915 602 3965 tractatus
615 3912 737 3967 virorum
750 3915 995 3989 antiquorum,qui
1050 3931 1104 3969 non
1123 3915 1300 3970 tortuositate
1323 3915 1485 3980 verberum,
1504 3917 1536 3969 ut
1552 3913 1645 3968 solent
1661 3912 1800 3967 causidici

249 4001 333 4073 hujus
357 3998 470 4055 concilii
495 3999 638 4070 principes
663 4000 746 4068 fecti,
770 4019 852 4074 quam
876 4002 997 4074 plurime
1049 4009 1098 4058 eut
1115 4005 1304 4076 sophistarum
1325 4002 1435 4059 fellatia
1457 4004 1610 4076 disputare.
1636 4002 1689 4060 Sed
1708 4003 1798 4074 ipsius

251 4087 489 4143 dilucidendernm
503 4087 653 4144 lectionum
665 4090 807 4160 dimisere,
820 4109 890 4164 quos
902 4098 997 4166 utpote
1050 4091 1245 4164 intelligentiae
1264 4093 1479 4163 investigantem
1492 4093 1649 4158 veritatem,
1663 4107 1725 4163 quae
1739 4106 1796 4145 non

249 4179 402 4249 magistros
415 4181 439 4242 ⁴)
460 4179 608 4247 imitantes,
622 4179 729 4234 hisdem
741 4182 864 4236 moribus
876 4183 999 4254 gaudem
1050 4183 1144 4254 pinnis
1162 4183 1271 4236 aurium
1289 4181 1314 4248 ὅ)
1334 4181 1458 4249 resiliet,
1477 4180 1526 4235 sed
1548 4197 1600 4253 per
1624 4180 1749 4236 auditum
1769 4180 1799 4233 in

250 4267 405 4323 veluntatis
423 4284 474 4323 nec
497 4271 605 4323 tantum
627 4271 754 4326 veritatis
773 4271 878 4343 figurae
898 4272 996 4347 explo—
1049 4271 1141 4326 anima
1150 4272 1259 4326 cautius
1268 4274 1431 4343 penetrante
1440 4274 1585 4342 permanet
1593 4269 1718 4324 silentio.
1726 4269 1799 4325 Tan·

250 4361 316 4412 rant
333 4355 471 4427 legentes,
490 4357 538 4411 aad
557 4359 644 4413 eciam
662 4360 773 4415 cantica
790 4366 818 4415 et
837 4361 955 4436 hymnos
967 4365 996 4418 in
1050 4359 1112 4414 dem
1123 4359 1289 4416 alterutrum
1302 4376 1399 4415 omnes
1411 4356 1580 4427 osculantes,
1592 4358 1728 4430 suffragia
1741 4374 1796 4412 non

250 4448 335 4501 Deum
354 4445 526 4501 multimodis
539 4451 620 4503 metri
636 4447 829 4504 etharmoniae
848 4455 925 4507 sonis
937 4469 997 4507 me·
1049 4450 1152 4516 verbis,
1169 4450 1216 4503 sed
1235 4465 1372 4504 consensu
1390 4449 1493 4502 mantis
1512 4452 1560 4503 ant
1579 4447 1672 4504 vultus
1685 4451 1733 4502 aut
1751 4463 1801 4502 ce·

248 4551 372 4606 gnopers
391 4534 562 4592 describunt.
1049 4539 1117 4610 pitia
1135 4543 1211 4594 motu
1231 4537 1364 4594 referunt

283 4622 339 4678 Sex
356 4622 468 4694 quidem
486 4623 589 4680 ‘diebus
614 4628 714 4682 semoti
737 4626 843 4699 singuli
868 4630 941 4702 apud
966 4648 997 4686 ss
1088 4629 1144 4685 Hoc
1157 4645 1301 4684 commune
1315 4629 1569 4683 estmonasterium
1590 4631 1731 4700 [mposiesb
1746 4643 1800 4699 qno

280 4849 303 4916 1)
323 4853 390 4908 etha
407 4851 436 4907 2.
462 4883 498 4896 -
519 4853 545 4920 ²)
564 4857 776 4927 interpellantes
799 4854 823 4910 l.
849 4887 884 4900 -
905 4856 929 4925 ³)
950 4859 995 4917 rto
1047 4866 1180 4935 protetio,
1198 4877 1260 4934 qnae
1278 4878 1349 4933 pene
1366 4861 1486 4917 dixerim
1505 4861 1656 4918 solemnem
1675 4862 1800 4936 ejusdem

245 4944 349 5012 πάτριον
362 4944 508 5017 φιλοσοφίαν
522 4947 724 5018 &hierophanta
739 4947 822 5005 teartl
836 4945 951 5020 σύμῧολα
964 4955 996 5001 τὰ
1049 4955 1185 5006 tesseram
1198 4949 1227 5004 in
1241 4950 1330 5004 tribus
1343 4952 1457 5023 seriptis
1470 4953 1504 5005 ab
1516 4970 1548 5006 so
1560 4953 1661 5007 versia.
1672 4981 1708 4994 -
1721 4953 1746 5022 4)
1761 4953 1802 5006 υἰ-

248 5033 293 5090 rire
312 5031 388 5101 ῥητῆς
406 5033 544 5102 Ιρμηνεὶας.
564 5036 644 5106 Saepe
663 5037 691 5089 in
712 5036 762 5090 hoc
780 5038 930 5110 interprete
948 5055 997 5098 σε,
1048 5054 1096 5094 ros
1107 5035 1135 5093 2.
1148 5067 1184 5079 -
1197 5036 1221 5104 ⁵)
1234 5043 1391 5110 comparati
1408 5042 1506 5098 babitu
1523 5037 1552 5095 2.
1567 5070 1601 5082 -
1614 5039 1642 5117 ⁶)
1663 5057 1722 5096 non
1740 5044 1800 5096 tira-

249 5117 365 5190 ligiaem
379 5119 513 5175 inducunt
532 5123 616 5177 rerba
634 5125 710 5180 titali
722 5133 750 5177 et
762 5129 887 5182 oratoria
905 5132 995 5183 inur-
1048 5130 1127 5184 nitus
1147 5131 1265 5183 carium
1283 5127 1312 5182 2.
