4044 6098
279 498 338 563 300
881 493 1073 564 omonuns
1091 493 1134 562 IN
1156 493 1223 562 JOB

278 641 389 728 ἔζησεν
412 647 504 739 ἕτερα
529 646 595 739 ρνς’·
617 655 681 711 τῶν
704 645 765 739 γὰρ
794 657 852 723 τῆς
876 647 1026 740 προτέρας
1084 643 1180 710 initio.
1203 642 1273 710 Post
1297 661 1369 727 ergo
1389 653 1517 730 quatuor
1540 654 1572 713 et
1590 646 1692 713 decern
1719 664 1829 725 annos,

278 757 441 846 εὐημερίας
459 753 507 827 οη’
523 757 601 819 ἐτῶν
617 753 850 846 τυγχανόντων,
866 745 1027 834 όθιπλοῦς
1080 751 1157 837 quod
1185 760 1300 835 tempus
1328 751 1385 817 tuit
1410 752 1616 835 egritudinis,
1636 753 1714 820 vixit
1738 770 1833 822 onnon

277 861 388 952 χρόνος
403 871 462 938 τῆς
477 861 606 952 ὕστερον
623 861 789 953 εὐπραγίας
815 869 871 950 ρνς’
888 861 945 936 ἐτη
971 885 1026 925 συ-
1080 866 1200 923 oentum
1221 857 1440 942 quinquaginta
1458 875 1520 923 sex.
1536 857 1647 924 Prioris
1668 859 1748 925 enim
1766 859 1831 924 teti-

278 965 376 1059 νάγει·
399 966 629 1058 προτιθεμένων
659 958 854 1032 δίπαλτον
888 959 926 1034 ιδ’
948 972 1025 1034 ἐτῶν
1080 965 1179 1030 citetis
1198 984 1288 1046 quum
1310 966 1454 1030 transacti
1469 965 1579 1031 inerint
1598 966 1788 1049 septuaginta
1801 976 1832 1032 et

277 1084 338 1150 τῆς
355 1076 493 1167 πληγῆς,
510 1073 772 1166 recuperentur
792 1073 843 1165 ροί,
860 1075 914 1140 καί
930 1076 1027 1153 οὕτως
1079 1079 1145 1136 octo
1159 1071 1240 1152 anni,
1257 1071 1367 1154 duplex
1382 1079 1497 1154 tenpus
1510 1070 1682 1154 posterioris
1697 1071 1830 1138 uerutu-

277 1180 452 1270 εὑρίσκεται
475 1172 582 1259 ζήσας,
608 1177 691 1268 μετὰ
714 1177 773 1253 τλν
797 1179 937 1272 πληγὴν,
957 1203 1029 1245 του-
1080 1177 1158 1243 dinis
1182 1176 1383 1259 complectitur
1403 1186 1521 1242 eentum
1542 1177 1757 1262 quinquaginu
1780 1196 1832 1244 sex

276 1283 382 1349 τέστιν
407 1283 457 1375 ἀρ’
483 1279 518 1350 οὗ
540 1289 561 1360 rt
579 1282 689 1378 πληγὴ
708 1284 882 1366 ἐνήνεκται,
903 1285 960 1359 ἔτη
989 1280 1027 1377 ροἸ
1081 1301 1186 1349 annos.
1202 1282 1418 1350 incedentibus
1431 1293 1530 1349 autem
1544 1284 1766 1367 quatuordecim
1779 1304 1831 1350 an·

276 1388 361 1455 κατὰ
383 1390 443 1465 τὴν
466 1391 600 1483 γραφήν.
619 1384 761 1469 Σώζεται
778 1381 812 1456 bi
832 1391 914 1456 οὕτω
936 1389 1025 1466 uuirt
1081 1389 1128 1454 nis
1142 1389 1284 1470 ulcerum,
1301 1389 1468 1456 conflantur
1482 1389 1553 1454 anni
1574 1399 1690 1455 eentum
1704 1400 1832 1473 septua-

277 1489 447 1564 διπλασίων
471 1508 530 1574 τῆς
559 1496 701 1574 εὐθηνίας
725 1491 942 1576 ἀνταπόθοσις.
967 1506 1028 1564 Συ-
1081 1496 1185 1579 ginta3
1208 1506 1240 1562 et
1259 1516 1291 1563 re
1311 1496 1430 1581 quidem
1450 1515 1523 1564 vera
1545 1498 1698 1564 invenitur
1718 1499 1832 1566 risisse

276 1604 372 1671 νελών
395 1606 510 1684 τοίνυν,
533 1603 712 1696 άριθμήσεις
736 1606 843 1684 οὕτως·
866 1601 979 1688 ἔζησεν
995 1609 1027 1671 ἐν
1081 1605 1268 1688 postuteeru,
1290 1605 1429 1671 nimirum
1447 1623 1466 1670 n
1487 1615 1617 1688 ternpore
1630 1623 1722 1689 quum
1742 1607 1831 1690 pinge

275 1713 403 1798 πλούτῳ
427 1712 481 1777 καί
497 1703 643 1797 εὐπαιδίᾳ
665 1713 721 1787 ἔτη
747 1713 805 1787 οη’·
828 1716 859 1779 εν
882 1725 923 1802 τῇ
947 1713 1028 1779 πάν·
1082 1711 1250 1796 inceperit,
1273 1729 1366 1778 annos
1386 1721 1505 1778 eentum
1523 1711 1727 1796 septuaginta,
1747 1711 1831 1794 justa

276 1845 339 1885 των
364 1813 505 1905 ἀπούολῇ
531 1819 585 1884 καί
606 1831 647 1906 τῇ
673 1822 769 1906 κακίᾳ
795 1831 850 1887 τοῦ
882 1821 1027 1912 σώματος
1081 1820 1273 1903 Scriptorum.
1290 1819 1340 1884 Sic
1353 1819 1510 1887 incolumis
1529 1829 1577 1885 est
1596 1818 1750 1886 retributio
1770 1818 1832 1883 dn-

277 1928 335 2001 ἔτη
364 1918 411 1992 ιδ’·
428 1931 459 1993 ἐν
482 1939 523 2014 τῇ
550 1920 680 2019 θευτέρρι
702 1930 855 2023 εὐπραγίᾳ
876 1929 932 2004 ἐτη
957 1925 1026 2021 ρνζ’,
1082 1927 1199 2013 piicetae
1219 1928 1377 2018 felicitatis.
1400 1928 1551 1994 Summum
1578 1927 1688 1995 interes
1708 1945 1832 2010 segeno,

275 2043 315 2114 ὡς
340 2031 418 2102 εἶναι
439 2038 494 2103 τόν
517 2037 623 2104 πάντα·
644 2049 702 2115 τός
725 2033 808 2118 ζωῆς
835 2044 929 2104 αὐτοῦ
952 2039 1028 2130 χρό-
1082 2033 1266 2119 computabis
1284 2033 1317 2098 in
1331 2033 1410 2100 hunc
1423 2035 1559 2100 modum:
1575 2033 1655 2100 vixit
1668 2035 1746 2098 inter
1760 2051 1831 2118 opes

41 2230 49 2244 ι
275 2165 343 2222 νον,
367 2142 426 2218 ἐτη
454 2144 538 2234 σμη’,
564 2143 646 2210 καθά
669 2151 804 2234 φησινή
838 2145 909 2211 κατ’
934 2147 1027 2210 αύτθν
1082 2150 1113 2205 et
1132 2140 1231 2206 laetam
1256 2139 1397 2205 inmitium
1418 2157 1511 2206 annos
1531 2138 1720 2223 septuaginta
1745 2150 1830 2222 octo;

278 2249 343 2340 ίερόι
368 2245 482 2336 βίύλος.

1082 2247 1114 2314 in
1132 2266 1230 2314 rerum
1249 2249 1380 2334 onrniunr¹
1400 2247 1485 2314 ruina
1506 2255 1536 2314 et
1555 2248 1686 2332 corporis
1706 2249 1833 2314 eateni-

1082 2364 1142 2421 tete
1169 2374 1259 2422 annos
1286 2354 1527 2439 quatuordeeim
1555 2355 1586 2420 in
1613 2355 1706 2421 altera
1733 2366 1830 2423 auten

1081 2463 1277 2548 prosperitate
1287 2481 1380 2529 annos
1390 2471 1506 2530 tenum
1516 2471 1546 2529 et
1559 2463 1773 2548 qninquaginta
1787 2484 1833 2532 se-

1081 2579 1171 2654 pten,
1191 2581 1225 2636 ut
1247 2580 1340 2637 totum
1359 2572 1433 2638 vitae
1446 2589 1508 2637 sue
1521 2588 1618 2638 aerum
1635 2572 1675 2636 sit
1688 2590 1832 2642 annorum

1081 2676 1271 2744 ducentorum
1286 2679 1480 2762 quadraginti
1493 2686 1572 2757 octo,
1584 2688 1672 2764 prout
1686 2678 1776 2746 hebet
1795 2679 1833 2746 de

1080 2785 1132 2850 iiio
1152 2794 1286 2850 sacratus
1307 2784 1391 2851 tiber.

323 2889 368 2974 ιζ’.
392 2893 454 2958 Καί
482 2892 689 2966 ἐτελεύτησεν
721 2886 790 2958 'tot
821 2887 1027 2985 πρεσύύτερος

275 3003 329 3066 καί
351 2999 474 3092 πληρὴς
497 3006 631 3091 ἡμερῶν.
655 2999 835 3094 Γέγραπται
860 2993 907 3079 bi,
932 3001 1025 3066 αὐτόν

275 3109 370 3174 πάλιν
394 3105 627 3192 ἀναστήσεσθαι
651 3106 718 3198 μεθ’
737 3102 778 3172 ὧν
804 3112 819 3172 ό
840 3107 948 3199 Κύριος
965 3110 1027 3173 ἀνί-

259 3240 399 3290 Ιστησιν.
430 3212 492 3279 Vnt.
516 3213 587 3288 808,
611 3215 640 3278 2.
751 3247 755 3254 ·

318 3324 452 3400 Ἀκύλας
475 3324 529 3388 καί
553 3323 723 3414 Σύμμαχος
740 3323 882 3403 ἐλθόντες
903 3325 1028 3390 συνεπέ-

275 3457 367 3523 ραναν
391 3433 429 3496 τό
454 3424 584 3516 βιόλίον,
602 3437 642 3507 ὡς
666 3423 704 3506 iri
729 3442 775 3516 τῷ
798 3426 930 3524 ἐύραίκῷ
955 3436 1028 3496 ἀκο-

272 3537 494 3614 λουθοῦντες·ό
512 3527 546 3601 be
559 3529 734 3603 Θεοθοτίων
747 3540 946 3629 συμπεραίνει
961 3549 1026 3615 τοῖς

274 3642 318 3721 0',
336 3634 422 3708 οὐθέν
440 3642 523 3732 ἔχων
542 3645 695 3721 ἐλλεῖπον,
713 3647 747 3708 ού
762 3645 884 3735 χρόνον,
899 3649 932 3710 οὐ
951 3646 1025 3729 βίον.

274 3750 454 3842 Γέγραπται
480 3739 514 3814 bi
538 3748 632 3813 πάλιν
662 3750 894 3823 ἀναστήσεσθαι
916 3751 1025 3837 αὐτὸν,

276 3855 342 3944 μεθ’
358 3849 400 3920 ὧν
414 3859 429 3919 ό
443 3855 552 3946 Κύριος
568 3856 739 3933 ἀνίστησιν,
753 3865 816 3920 τῶν
833 3847 991 3921 θικαίωνθ
1014 3895 1029 3907 -

274 3961 389 4027 λονότι·
399 3967 428 4026 οἱ
439 3961 499 4055 γόιρ
513 3953 644 4038 ἁσεύεῖς,
655 3960 757 4051 φησίν,
768 3966 823 4027 ούκ
836 3964 1028 4039 ἀναστήσον-

274 4094 328 4135 ται
350 4072 381 4135 ἐν
405 4070 512 4159 κρίσει,
537 4059 608 4133 ούθὲ
631 4073 659 4132 ot
682 4069 864 4158 ἁμαρτωλοί
878 4072 909 4135 ἐν
928 4074 1025 4158 βουλῇ

274 4170 408 4244 δικαίων.
426 4177 488 4240 Καὶ
499 4185 603 4240 ταῦτα
619 4165 653 4240 δὲ
669 4175 798 4266 ῥήματα
814 4167 982 4268 δεχόμεθα,
1000 4186 1027 4246 εί

274 4286 327 4350 καί
344 4284 385 4372 μη
404 4290 444 4360 ὡς
467 4293 524 4350 τοῦ
539 4285 657 4362 παντὸς
672 4285 765 4374 ὕφους
781 4285 868 4364 ὄντα,
885 4286 969 4351 ἀλλά
988 4313 1027 4379 γε

274 4395 314 4472 ὥς
337 4417 419 4470 τινος
435 4403 498 4458 τῶν
516 4396 612 4487 ἁγίων
633 4394 715 4460 αὐτὰ
731 4396 960 4486 συνυρήναντος
982 4408 1024 4483 τῇ

275 4494 384 4586 βίύλιρ·
404 4499 488 4576 πλὴν
513 4501 595 4590 ὅμως
618 4500 724 4568 πάντα
745 4492 913 4593 δεχόμεθα,
930 4503 1026 4582 οὕτως

273 4613 308 4676 ἐκ
330 4617 394 4674 τῶν
417 4607 560 4699 πατέρων
580 4611 618 4677 τό
644 4605 763 4695 βιύλίον
786 4612 1025 4703 παρειληφότες.

319 4717 368 4791 ιη’.
392 4710 491 4791 Οθτος
515 4715 720 4807 ἑρμηνεύεται
743 4721 777 4782 ἐκ
797 4728 855 4794 τῆς
879 4731 1026 4808 συριακης

275 4816 393 4909 otiien.
424 4821 485 4886 Vct.
509 4820 582 4887 ibid.

318 4929 474 5022 Συριακὴν
488 4939 539 4995 νῦν
552 4929 611 5005 τλν
626 4931 774 5022 Ἑβραίων
789 4921 955 4998 διάλεκτον
972 4957 1028 4998 κα-

308 5092 336 5129 ο.
359 5072 402 5127 17.
422 5075 488 5131 Vnt.
507 5090 535 5128 νι
555 5072 577 5128 f.
599 5071 646 5128 161
668 5073 716 5130 Ps.
735 5091 756 5141 ι,
776 5073 809 5142 5.Ι

309 5183 335 5219 ο.
351 5162 632 5221 18.1b.ef.Herodot.
644 5179 676 5232 ιι,
689 5161 733 5234 34,
743 5162 789 5232 37,
804 5163 864 5236 rot,
875 5166 923 5238 qui
934 5169 1025 5221 tsmen

274 5256 432 5325 Aethiopes,
442 5271 496 5309 non
507 5255 612 5308 Arabes
622 5254 697 5308 inter·
706 5258 839 5309 recutitus
850 5260 1040 5341 bonomensis

1120 2889 1196 2956 ibid.
1219 2908 1250 2954 ν.
1274 2891 1323 2955 17.
1347 2890 1388 2956 nt
1405 2897 1535 2956 mortuus
1559 2899 1603 2957 est
1624 2892 1680 2959 rot
1699 2913 1786 2958 sarrs
1805 2903 1835 2958 et

1079 2995 1180 3079 purus
1194 2995 1314 3060 όιιιιιω.
1332 2995 1479 3082 Scriptum
1492 3004 1641 3064 ertantur
1658 3001 1753 3084 iprum
1767 3021 1830 3065 rur-

1080 3122 1130 3166 sus
1139 3107 1334 3167 συνσεσίυιυιη
1347 3121 1405 3170 esse
1417 3123 1480 3170 ιυω
1493 3105 1549 3170 ittae
1560 3125 1629 3189 quos
1642 3109 1762 3173 coutet
1770 3107 1831 3173 Do·

1081 3212 1187 3275 ιιιέιιιιι.

1121 3318 1243 3404 Aquites
1255 3330 1285 3386 et
1299 3319 1491 3406 Symmachus
1504 3321 1569 3406 pari
1581 3339 1728 3389 consensu
1743 3324 1831 3390 finem

1082 3425 1157 3492 libro
1173 3427 1336 3512 imponunt,
1351 3438 1454 3512 utpote
1469 3429 1604 3496 tenuior
1617 3432 1723 3497 secuti.
1739 3432 1831 3498 'iheu-

1082 3533 1185 3599 dotion
1199 3535 1423 3601 versennsentit
1433 3553 1498 3602 eum
1506 3536 1732 3617 LXX,eumdem
1744 3539 1830 3604 finem

1081 3641 1205 3721 babens,
1227 3642 1339 3707 nuttam
1359 3643 1489 3708 retinens
1509 3645 1661 3724 isunnam,
1684 3663 1780 3728 neque
1801 3647 1831 3712 in

1083 3757 1224 3833 tempore,
1232 3768 1328 3833 neque
1337 3751 1367 3814 in
1379 3751 1452 3816 vita.
1465 3751 1613 3836 Scriptum
1621 3758 1764 3818 autemut
1776 3754 1832 3823 its-

1082 3875 1145 3921 rum
1165 3862 1357 3922 surrecturum
1384 3877 1442 3924 este
1461 3879 1526 3925 eum
1550 3861 1593 3924 Ιιέι
1618 3880 1688 3945 pons
1712 3869 1833 3930 enatat

1082 3963 1233 4045 Dominus,
1249 3985 1315 4031 cunr
1326 3966 1416 4049 justis
1434 3968 1583 4035 videlieet.
1605 3971 1718 4055 «lnpii
1739 3973 1829 4055 eninr,

1081 4071 1188 4154 inquit,
1205 4091 1262 4139 non
1277 4082 1432 4153 resurgent
1442 4074 1471 4139 in
1482 4074 1608 4159 Indicio,
1624 4095 1719 4162 neque
1731 4095 1830 4163 penca

1083 4185 1161 4244 tores
1183 4180 1213 4244 in
1234 4179 1356 4245 consitio
1366 4179 1523 4264 justorum.
1537 4204 1552 4242 r
1568 4186 1663 4266 itque
1682 4183 1746 4248 haee
1766 4185 1830 4268 ipsa

1082 4286 1174 4352 rerba
1185 4287 1356 4370 recipimus,
1367 4306 1429 4353 non
1439 4288 1516 4373 quud
1527 4289 1587 4353 sint
1597 4289 1687 4355 totius
1698 4291 1828 4376 ejusden

1082 4402 1254 4478 contextus;
1277 4393 1329 4460 sed
1354 4413 1422 4478 que
1446 4394 1521 4461 libro
1545 4395 1697 4465 subtexuit
1721 4399 1828 4484 aliquis

1082 4513 1261 4570 sanctorum.
1284 4502 1391 4570 Verum
1411 4506 1564 4573 enimvero
1577 4509 1675 4572 omnin
1694 4507 1738 4573 sic
1758 4509 1830 4576 reci·

1082 4611 1188 4695 pimus,
1200 4621 1288 4695 prout
1301 4629 1319 4676 a
1333 4615 1468 4696 patribus
1480 4613 1554 4679 tiber
1569 4615 1759 4681 transmissus
1772 4625 1828 4683 est.

1120 4717 1196 4784 ibid.
1211 4738 1244 4783 ν.
1267 4720 1317 4784 18.
1340 4719 1420 4783 Haec
1440 4721 1634 4804 ι’πίετμτσίαίίο
1653 4721 1781 4787 renunt·
1794 4743 1830 4788 eu

1081 4825 1154 4891 libro
1173 4826 1297 4909 suriaco.

1120 4932 1272 5014 Syriacum
1283 4933 1338 4998 hoc
1349 4932 1411 4998 ioco
1425 4933 1582 5000 diaierturn
1592 4946 1679 5003 rorat
1692 4939 1829 5004 Hebraeo·

1081 5077 1134 5132 nisi
1146 5077 1226 5149 Orig.
1238 5077 1321 5133 eiitsr
1334 5081 1362 5132 in
1374 5096 1424 5133 sno
1435 5080 1585 5152 exemplari
1597 5081 1708 5152 legerit.
1718 5083 1789 5137 Fuse
1799 5087 1829 5135 st

1081 5168 1188 5222 erudite
1207 5168 1320 5224 disserit
1339 5169 1454 5224 Hostius
1473 5171 1507 5224 de
1525 5172 1738 5227 circumcisione
1755 5173 1827 5244 sputi

1082 5256 1184 5310 Gentes
1195 5257 1314 5328 edOrig.
1324 5258 1351 5310 in
1361 5257 1624 5330 Hierem.esp.1n‚t.
1634 5276 1700 5332 n,p.
1713 5258 1826 5320 159BB.
