4038 6088
272 457 328 520 dli
790 444 1098 514 lNSTRUCTIOllUll
1119 443 1299 508 EUCHllllll

309 614 411 684 Amos,
434 607 544 688 pomus,
559 605 606 669 vel
629 603 723 681 tortis,
741 611 792 666 aut
807 600 946 684 populum
968 598 1017 664 de·
1112 601 1287 673 deocarus,
1307 596 1481 679 possidens,
1503 596 1568 660 siue
1594 595 1754 679 possessio,
1777 596 1821 660 ita

268 706 402 772 vellens.¹
1071 712 1169 770 antem
1183 703 1278 769 dictus
1292 703 1392 769 Simon
1406 720 1423 766 a
1438 701 1506 769 uico
1521 701 1634 782 Gbana;
1651 705 1716 786 ipse
1729 712 1776 768 cst
1789 712 1822 767 et

307 814 431 886 Abdico,
454 823 559 872 servus
578 805 706 870 Domini.
1071 811 1197 878 Zelotes.

1112 925 1287 998 Scariothes,
1308 918 1446 984 memoria
1461 918 1590 997 Domini,
1610 917 1660 982 rel
1680 919 1819 982 memoria

210 919 213 927 '
309 923 399 995 Joao,
422 915 566 995 columba,
589 916 636 980 vel
657 914 770 979 dolens.

309 1032 453 1104 Mioloeos,
475 1025 542 1107 quis
562 1023 640 1090 istc‘i

309 1138 421 1210 Nouos,
443 1152 575 1214 germen,
598 1132 663 1198 sive
684 1131 854 1196 consolatio.

307 1247 481 1330 Ambacum,
503 1240 686 1324 amplexans.

309 1356 458 1430 Sofoaios,
478 1348 663 1415 abscondens
682 1367 757 1415 eam.

308 1466 437 1540 Appios,
460 1457 639 1535 fastradae
659 1454 816 1521 sollemnis.

308 1572 490 1645 Malachiae,
512 1566 636 1645 angelus
656 1583 750 1630 mens.

307 1679 414 1752 Esaia,
436 1672 519 1739 salus
541 1672 669 1739 Domini.

309 1789 473 1860 Hieremia,
495 1782 626 1848 excelsus
648 1781 775 1846 Domini.

309 1896 484 1969 Hieeeeibel,
506 1890 646 1954 lortitudo
668 1889 796 1954 Domini.

308 2005 451 2078 Danihel,
471 1998 614 2082 judicium
633 1997 761 2063 Domini.
793 1985 798 1998 ’

309 2111 427 2184 deditio,
449 2105 586 2184 laudans,
608 2115 661 2169 aut
681 2103 785 2169 Judea.
882 2151 885 2158 .

308 2219 429 2292 Joseptc,
450 2217 604 2291 auctus1).
805 2217 808 2224 ’

1071 1029 1183 1108 mortis,
1200 1026 1256 1093 boc
1270 1045 1341 1093 uero
1355 1027 1473 1093 nomine
1486 1027 1650 1112 appellatus
1668 1037 1713 1092 est
1728 1027 1819 1093 ludas

1070 1151 1086 1197 a
1108 1136 1176 1200 vico
1198 1135 1227 1199 in
1249 1153 1307 1217 qno
1328 1141 1492 1200 natusest.

1110 1249 1246 1322 Morcus,
1267 1242 1383 1308 excelso
1404 1243 1553 1307 mandato.

1111 1357 1221 1430 Locos,
1243 1351 1308 1435 ipsc
1332 1369 1524 1432 consurgens,
1540 1351 1605 1417 sire
1619 1351 1681 1432 ipse
1702 1347 1818 1414 leuans.

1112 1465 1262 1538 Stefooog
1284 1476 1383 1523 norma
1405 1467 1518 1538 vestra3
1535 1475 1622 1540 greco
1643 1467 1740 1523 autem
1760 1475 1822 1521 scr·

1072 1583 1170 1644 mone,
1193 1573 1358 1630 coronatus.

1112 1679 1248 1749 Pontius,
1264 1673 1423 1769 declinans
1443 1674 1607 1756 consilium.

1090 1791 1091 1796 ’
1111 1786 1241 1861 Pilatus,
1259 1801 1292 1847 os
1313 1784 1501 1849 malleatoris.

1110 1896 1282 1967 Borobbes,
1305 1891 1384 1955 lilius
1409 1891 1541 1974 magistri
1569 1909 1686 1966 eorum,
1707 1890 1820 1974 absque

1070 1998 1160 2062 dubio
1169 1999 1337 2090 Judeorum
1360 2000 1513 2078 magister,
1530 2000 1580 2083 qui
1597 1982 1643 2064 est
1660 1997 1814 2064 Diabolus.

1110 2111 1229 2180 AEdem,
1251 2109 1281 2170 in
1301 2105 1410 2170 Genesi
1432 2106 1562 2170 delicias.

1111 2217 1324 2291 Hierusolimo,
1346 2211 1424 2276 visio
1446 2209 1539 2296 pa'cis.

307 2329 426 2402 Morio,
442 2323 655 2400 inluminata,
672 2323 736 2386 sive
751 2321 837 2388 stella
852 2323 950 2400 maris,
965 2324 1016 2387 sed
1112 2327 1194 2399 Sion,
1210 2321 1341 2405 specula,
1356 2331 1388 2386 et
1402 2331 1490 2402 recte,
1506 2337 1572 2385 nam
1587 2333 1616 2386 et
1635 2320 1742 2386 ciuitas
1762 2320 1819 2384 Da-

269 2447 403 2496 sermcne
423 2432 494 2509 siro,
516 2431 651 2496 Domina.
1071 2430 1122 2496 vid
1145 2431 1173 2494 in
1195 2441 1293 2494 monte
1313 2430 1472 2495 constituta
1495 2436 1550 2496 est.

310 2545 423 2614 Sioua,
443 2556 520 2620 pone
541 2557 703 2619 merorem,
726 2540 776 2604 vel
796 2540 945 2605 obediens.
1110 2545 1248 2604 Bobitoo.
1269 2539 1411 2616 conlusio,
1435 2537 1500 2603 siue
1522 2536 1682 2601 translatio.

310 2653 427 2726 Peiros,
448 2664 621 2729 agnoscens.
1111 2654 1282 2727 Hetiiooio,
1306 2647 1443 2711 tenebrae.

307 2761 456 2834 Boviano,
476 2753 553 2820 lilius
573 2755 726 2836 columban,
742 2756 833 2821 sirum
855 2754 967 2838 pariter
987 2766 1017 2819 ct
1110 2762 1263 2837 AEgipttrs,
1285 2753 1444 2833 tribulatio,
1465 2754 1529 2818 sire
1551 2753 1689 2818 tenelerae.

268 2863 417 2930 bebrenm.
1112 2872 1212 2941 Tirue,
1233 2863 1384 2947 angustia.

310 2975 425 3049 Oiassoo,
447 2970 560 3046 Petrus,
583 2971 673 3036 sirum
694 2980 753 3035 est.
1110 2978 1252 3049 Romani,
1274 2969 1425 3048 sublimes,
1448 2968 1497 3033 vel
1521 2975 1665 3032 tonantes.

307 3079 433 3152 Pontos,
449 3074 605 3140 mirabilis.
1110 3085 1216 3155 Romo,
1238 3079 1345 3159 virtus,
1368 3094 1486 3158 grecum
1507 3085 1563 3139 est.

308 3189 428 3263 Soroba,
451 3183 614 3267 temptatio,
636 3185 684 3249 vel
706 3184 858 3249 securitas.
1112 3183 1652 3265 Sino,mensuramsivemandatum,
1666 3181 1731 3247 sire
1744 3192 1816 3247 tem-

307 3295 457 3368 Aodreos,
480 3290 587 3369 virilis,
609 3309 727 3372 grecum
748 3300 803 3355 est.
1071 3295 1205 3376 ptatio...

308 3404 445 3475 Jocobos,
466 3397 679 3482 subplantator.
1115 3449 1254 3462 .....
1280 3400 1338 3480 [vel
1354 3405 1393 3482 8)]
1417 3398 1558 3482 ampbora
1580 3416 1656 3463 mea.

307 3511 471 3582 Joboaoes,
494 3505 610 3571 Domini
632 3505 739 3587 gratia.
1111 3513 1245 3587 Germia,
1260 3507 1348 3572 uallis
1359 3507 1499 3589 gratuita.
1515 3505 1642 3584 Quidam
1658 3505 1817 3584 aestimant,

307 3620 477 3691 Phiiippus,
498 3629 531 3675 cs
551 3611 763 3694 lampadarum.
1070 3615 1250 3698 appellatam
1280 3615 1356 3680 banc
1376 3632 1394 3678 a
1414 3614 1494 3681 ualle
1522 3612 1685 3679 Gebennon
1711 3614 1742 3691 [l.
1767 3614 1816 3695 66]

307 3724 540 3796 Bartholomeos,
564 3718 639 3782 lilius
660 3718 869 3802 suspendentis
890 3737 993 3804 aquas.
1069 3740 1136 3805 quae
1157 3732 1202 3787 est
1219 3723 1303 3806 juxta
1326 3741 1438 3788 murum
1461 3721 1654 3787 Hierusalem.

309 3833 450 3906 tarmes,
473 3826 615 3909 abyssus,
637 3826 685 3891 vel
707 3826 860 3908 geminus,
881 3829 960 3895 unde
987 3841 1015 3896 et
1108 3839 1227 3908 Hobrei,
1251 3843 1491 3912 transgressores.

266 3934 402 3999 Didimns
423 3951 519 4017 graece
539 3934 659 4000 dicitur.
1110 3944 1266 4016 Soddroei,
1286 3936 1450 4021 justificati.

305 4049 471 4123 Mattheus,
502 4042 644 4124 donatus;
669 4043 744 4110 idem
773 4044 938 4129 appellatus
969 4057 1015 4112 est
1109 4053 1281 4128 Pharisaei,
1303 4046 1404 4112 dirisi.

267 4153 349 4217 leri.
1110 4160 1229 4234 Golilei,
1251 4154 1410 4221 volubiles.

305 4267 449 4339 Lebdeus,
465 4259 590 4324 circulus
606 4261 641 4342 ι),
659 4259 688 4326 id
702 4271 777 4326 esta
799 4264 886 4328 corde
903 4265 933 4343 [t.
952 4265 1012 4345 65].
1109 4267 1307 4342 Somoritooi,
1322 4261 1470 4339 custodes;
1483 4277 1517 4324 eo
1530 4249 1608 4342 pund
1623 4275 1642 4323 a
1658 4257 1819 4322 Dabiloniis

266 4369 327 4453 ipse
347 4378 392 4434 est
412 4377 442 4431 et
465 4374 612 4445 Toddeus,
634 4367 695 4451 ipse
715 4368 807 4432 indas
828 4369 939 4433 iacobi.
1070 4368 1129 4433 illic
1149 4369 1187 4434 ad
1207 4367 1371 4433 custodiam
1392 4365 1536 4432 conlocati
1557 4375 1625 4429 saint
1644 4364 1815 4429 ludentum.

304 4529 378 4593 Cum
401 4528 432 4592 in
453 4531 570 4604 celcris,
594 4537 654 4591 tum
674 4537 706 4592 et
726 4528 757 4591 in
780 4526 843 4608 boc,
874 4530 1058 4607 abundanter
1079 4533 1181 4614 liquet,
1205 4531 1355 4612 Scriptura
1376 4529 1471 4592 omnis
1492 4546 1575 4592 sacru
1597 4546 1684 4609 quam
1707 4545 1778 4592 uere
1791 4535 1814 4605 *ι

263 4636 368 4702 divina
394 4637 434 4700 sit
458 4653 494 4700 ao
513 4636 599 4718 plena
625 4635 774 4714 misteriis,
800 4635 920 4718 quando
941 4637 983 4701 ita
1004 4648 1168 4720 congruant
1190 4637 1278 4703 rebus
1298 4635 1428 4714 nomina,
1451 4633 1665 4717 effectibusque
1689 4649 1818 4715 respon-

264 4743 365 4809 deant.
397 4779 436 4790 -
453 4741 535 4806 Sient
552 4748 656 4808 Deo-id
676 4742 727 4822 qni
747 4742 919 4824 exprimitur
940 4743 969 4807 in
993 4743 1117 4808 latinum
1136 4751 1224 4822 fortis
1244 4767 1346 4821 ιιιαιιιι,
1371 4743 1472 4825 ulique
1489 4741 1665 4806 fortissimus
1687 4741 1815 4805 omnium

263 4849 322 4914 tere
344 4849 426 4914 bellis
447 4849 557 4915 extitit.
579 4887 618 4898 -
641 4853 790 4930 Solanon,
807 4857 954 4930 pacificos
972 4849 1071 4932 utique
1092 4850 1123 4913 in
1145 4867 1216 4933 pace
1235 4869 1359 4934 regnum
1384 4849 1619 4915 administravit.
1639 4885 1676 4895 -
1692 4853 1818 4924 Doreiel,

306 5027 330 5101 Ι)
342 5043 437 5086 cutus.
449 5075 455 5086 .
466 5031 544 5086 stillo
555 5030 583 5086 0.
595 5060 631 5071 -
646 5037 668 5095 ²)
679 5030 723 5084 Al.
734 5033 872 5087 corculus.
886 5061 921 5072 —
936 5035 958 5095 8)
969 5031 1013 5086 osi
1067 5030 1167 5084 Postea
1186 5029 1277 5098 prima
1295 5044 1377 5082 manu
1404 5028 1541 5082 Gelestae
1560 5029 1659 5093 bullis,
1679 5031 1708 5080 et
1734 5028 1816 5082 bulla.

265 5133 347 5170 manu
366 5125 539 5189 praepostero
558 5119 719 5185 intruditur,
738 5117 829 5173 deleto
849 5118 979 5172 vocabulo
998 5137 1012 5170 a
1067 5147 1103 5158 -
1116 5125 1139 5182 ⁴)
1166 5117 1282 5173 Vero...
1302 5121 1398 5195 bap...
1419 5121 1603 5187 expromitur.
1615 5154 1640 5170 ..
1660 5117 1815 5184 praesbite-

265 5209 386 5276 ragione.
401 5207 516 5278 litymon
530 5209 655 5277 ineptum
668 5207 701 5259 ad
716 5207 787 5262 Sina
801 5207 860 5260 edd.
876 5205 1011 5259 referunt.
1069 5223 1182 5262 rorum.
1193 5246 1217 5260 ..
1241 5208 1270 5262 0.
