4064 6108
294 441 353 506 sse
552 407 556 414 ’
966 439 1158 506 omususs

295 593 349 648 Sed
368 592 470 648 mirum
488 595 532 646 est
551 597 607 647 tam
623 595 738 664 jejunos
755 590 801 644 hic
821 606 882 645 esse
900 589 1048 647 Meurinos
1103 590 1261 664 tegmslibi
1272 591 1570 662 reperitur,acinedits
1580 593 1847 664 maneretnisims·

298 697 381 754 quam
395 683 538 754 copiosum
549 679 737 750 Gallsndium,
746 682 798 735 etsi
811 678 870 735 iere
879 681 905 734 is
915 679 994 736 nulls
1004 698 1048 735 re·
1103 697 1159 751 gns
1169 697 1205 736 ex
1213 685 1291 752 perte
1302 680 1482 750 migravisset
1493 696 1528 734 ex
1541 680 1635 735 codice
1644 680 1807 752 Augustnno
1816 683 1846 736 in

294 773 385 826 tinent
394 789 428 826 ex
438 772 483 826 bis
493 788 556 843 quae
566 770 664 826 attunt
674 771 777 826 Calena
786 770 953 843 Lipsiensis,
963 769 1048 842 longe
1102 769 1232 824 catenen
1250 766 1435 840 Lipsiensem.
1448 767 1643 824 Minoraltsra
1655 774 1698 824 est
1715 770 1845 842 Procopii

294 859 438 932 opulenta,
451 858 583 915 videlicet
595 858 704 915 scholis
718 875 818 914 novem
830 860 859 913 in
871 860 974 913 librum
986 861 1048 930 pri·
1101 858 1130 911 in
1142 859 1271 913 Genesim
1281 857 1487 926 commentatio,
1499 857 1546 912 ubi
1558 859 1653 913 tacitis
1663 861 1845 930 interpretum

293 965 380 1018 mum,
399 953 463 1005 octo
485 949 515 1002 in
533 949 696 1018 secundum,
709 948 804 1004 decem
817 949 846 1002 in
860 950 984 1016 tertium,
997 964 1047 1002 sex
1101 947 1269 1016 nominibus,
1283 948 1397 1018 proprio
1409 951 1498 1001 marte
1511 946 1583 1000 idem
1596 947 1727 1018 disputat.
1740 947 1782 1000 lix
1793 946 1846 999 tri·

296 1039 325 1092 in
349 1043 490 1109 quartum.
510 1037 586 1092 Inter
604 1036 787 1092 Gallsndisns
805 1036 927 1107 sobolis,
948 1053 1047 1091 nume·
1100 1035 1152 1090 bus
1170 1033 1249 1092 codd.
1264 1035 1430 1106 nocentibus,
1444 1051 1524 1107 aeque
1535 1033 1655 1103 mutilis,
1669 1050 1759 1105 neque
1771 1032 1846 1088 ultre.

267 1189 272 1200 ι
295 1143 327 1181 ro
345 1127 437 1193 XXV,
452 1144 538 1182 unum
556 1131 601 1182 est
611 1128 742 1198 Procopii
761 1132 790 1181 et
807 1128 917 1182 auctius
936 1129 965 1180 in
984 1129 1045 1184 Cnt.
1101 1124 1167 1195 csp.
1187 1121 1276 1180 xvln
1292 1123 1431 1178 Geneseos
1449 1124 1669 1190 excurrentibus,
1682 1139 1742 1176 enm
1755 1123 1847 1176 Maius

294 1214 358 1284 454,
380 1219 498 1288 quatuor
515 1215 617 1272 saltem
636 1216 803 1272 Theodoreti
822 1215 1046 1287 iudinassu,
1100 1213 1188 1267 edidit
1196 1213 1225 1266 in
1236 1211 1369 1267 Classicis
1378 1214 1539 1269 auctoribt.
1548 1213 1596 1280 vl,
1606 1231 1634 1285 p.
1647 1209 1740 1280 1-347,
1753 1229 1845 1283 graece

293 1302 362 1358 751.
374 1304 510 1360 Caeterum
523 1305 557 1358 ab
569 1304 646 1359 hisce
659 1305 780 1372 Catenis,
794 1321 862 1376 ques
874 1305 981 1374 dicunt,
991 1321 1045 1359 non
1098 1306 1223 1372 tentum,
1234 1317 1327 1373 grmce
1340 1306 1432 1356 auten
1445 1307 1475 1357 et
1486 1301 1584 1368 latine,
1596 1303 1749 1373 interprete
1762 1299 1846 1354 Cluu-

296 1395 448 1462 discodsm,
470 1395 537 1465 quin
558 1393 647 1448 insius
664 1409 816 1449 memorem
834 1394 1011 1466 Procopium,
1030 1411 1046 1448 a
1097 1391 1143 1447 dio
1154 1390 1284 1446 clausero
1293 1389 1576 1462 (euctshreeinulot
1587 1391 1692 1465 prodiit
1701 1393 1729 1445 in
1737 1391 1845 1447 Patrol.

294 1499 350 1553 quo
368 1483 462 1536 omnis
480 1481 651 1552 derivantur,
664 1486 696 1537 nt
707 1485 755 1553 qni
774 1481 914 1554 duplicem
933 1499 1044 1554 compe·
1095 1499 1141 1552 pr.
1161 1487 1182 1537 t.
1202 1481 1368 1553 Lxxxvn,
1390 1501 1419 1555 p.
1432 1484 1453 1552 l,
1466 1503 1495 1556 p.
1509 1481 1544 1538 20
1556 1499 1620 1538 cnm
1635 1483 1731 1538 multis
1748 1487 1844 1537 sucta·

293 1570 368 1641 gerit
377 1568 537 1640 hujusmodi
548 1567 691 1640 syllogen,
701 1585 784 1624 nnsm
794 1574 939 1643 majorem,
951 1571 979 1625 in
990 1587 1045 1642 quo
1074 1617 1077 1630 .
1097 1574 1148 1627 riis
1164 1576 1192 1627 et
1203 1573 1278 1626 notis
1289 1559 1404 1626 minime
1419 1572 1585 1628 temnendis.
1599 1573 1638 1626 De
1656 1569 1744 1624 latine
1762 1567 1844 1623 editis

291 1663 411 1714 testatur
424 1676 453 1713 se
466 1657 593 1721 circuitui
609 1658 770 1716 recitavisse
782 1658 979 1716 locaretorum
997 1661 1043 1713 in·
1096 1660 1171 1716 conf.
1183 1661 1293 1716 Fabric.
1312 1661 1388 1718 nect
1406 1679 1448 1733 pr.
1468 1664 1491 1716 i.
1510 1659 1581 1730 vlu,
1599 1658 1662 1730 545,
1683 1656 1787 1713 aliosve
1798 1657 1844 1710 bi·

293 1753 458 1821 ter-prelum.
473 1748 540 1813 Ques
553 1749 631 1803 deest
644 1750 673 1802 in
685 1749 829 1806 Vaticanis
842 1749 921 1807 codd.
935 1765 986 1804 nec
998 1751 1044 1804 in·
1096 1748 1287 1821 bliogrnphos.

1056 1981 1083 2053 Ι.

947 2161 995 2234 In
1024 2159 1193 2234 Genesim.

334 2319 406 2403 Cap.
427 2320 453 2399 I,
472 2321 522 2385 26.
537 2323 721 2410 Ποιήσωμεν
738 2319 897 2413 ἄνθρωπον
913 2321 983 2388 κατ’
1002 2327 1042 2388 εί-
1135 2321 1208 2404 Cap.
1231 2321 1257 2400 l,
1279 2321 1329 2386 id.
1352 2319 1510 2388 Faciamus
1523 2323 1664 2388 inmittam
1685 2323 1725 2388 cd
1738 2325 1843 2406 irrupi·

291 2429 369 2495 κόνα
391 2428 549 2520 ἡμετέραν
572 2427 626 2494 καί
649 2427 718 2494 καθ’
743 2430 896 2517 ὁμοίωσιν.
1094 2445 1159 2491 uem
1178 2433 1308 2492 ousiam
1327 2432 1355 2492 ci
1373 2427 1597 2494 similibtdiacm.

334 2527 591 2628 Προῦιαληπτέον
613 2536 763 2627 πρότερον
782 2547 842 2602 τοῦ
858 2537 1041 2602 συνίσταται
1135 2532 1221 2599 Prius
1239 2533 1459 2602 discutiendum
1472 2547 1519 2606 cst
1532 2537 1581 2603 ubi
1595 2536 1736 2604 consistat
1749 2534 1841 2602 illud:

289 2645 328 2711 τὸ
351 2644 422 2711 κατ’
444 2646 559 2723 εἰκόνα,
575 2647 606 2709 ἐν
624 2644 747 2733 σώματι
762 2641 782 2718 ἢ
799 2647 830 2708 ἐν
846 2640 942 2734 ψυχῇ.
953 2635 1041 2708 'liu-
1093 2641 1133 2708 sd
1153 2643 1323 2724 imaginem,
1338 2643 1368 2709 in
1383 2663 1504 2728 corpore
1520 2663 1559 2711 ue
1579 2661 1619 2710 sn
1632 2645 1663 2710 iu
1679 2644 1789 2710 animo.
1805 2645 1844 2710 Et

290 2774 347 2841 μεν
371 2742 405 2817 δὲ
427 2751 576 2842 πρότερον
601 2747 643 2828 οἷς
666 2761 804 2842 χρῶνται
820 2757 849 2816 oi
863 2753 901 2816 rb
917 2761 1039 2840 πρῶτον
1095 2750 1124 2814 in
1138 2749 1241 2834 primis
1255 2750 1418 2833 rideamne,
1435 2753 1543 2836 quibus
1557 2763 1676 2820 utantur
1688 2753 1737 2837 qui
1759 2752 1842 2836 prins

289 2859 447 2953 λέγοντες·
471 2855 512 2924 ὧν
537 2864 604 2924 ἐστι
627 2859 680 2924 καί
703 2861 855 2942 uertens,
879 2860 1040 2954 συγγράμ-
1094 2867 1243 2925 asserunt:
1266 2875 1284 2923 c
1304 2876 1428 2941 quorum
1447 2878 1568 2926 numero
1588 2869 1635 2926 est
1654 2859 1770 2940 lteiito,
1791 2859 1843 2945 qui

290 2991 379 3059 ματα
409 2966 647 3044 καταλελοιπὼς
675 2966 745 3057 περί
772 2977 829 3033 τοῦ
860 2967 1039 3058 ἑνσώματον
1094 2965 1205 3050 scripta
1224 2965 1351 3050 reliquit,
1372 2966 1482 3050 quibus
1501 2968 1607 3033 asserit
1626 2967 1720 3034 Deum
1741 2986 1843 3052 sarpa·

289 3073 368 3142 circu
389 3076 445 3140 τὸν
469 3075 559 3142 Θεόν·
582 3075 668 3148 ntur
693 3074 753 3168 γάρ
784 3081 866 3144 Θεοῦ
889 3072 1042 3168 ὀνομαζό·
1094 3091 1175 3140 raum
1197 3092 1274 3140 assa.
1291 3074 1422 3142 Membra
1438 3074 1518 3142 anim
1538 3074 1594 3141 nei
1614 3076 1756 3161 appellari
1776 3094 1844 3142 aum

288 3207 368 3272 μενα
392 3183 593 3272 εὑρίσκοντες,
617 3178 793 3272 ὀφθαλμοὺς
817 3188 897 3249 Θεοῦ
920 3177 1041 3250 ἑπιίλί-
1093 3182 1255 3267 reperiunt,
1276 3181 1443 3250 ntulusllsi
1464 3181 1655 3266 respicientes
1675 3193 1793 3267 terrum,
1810 3193 1843 3250 st

288 3315 405 3368 ποντας
417 3289 477 3365 τὴν
490 3289 683 3379 οἰκουμένην,
699 3289 754 3354 καί
770 3285 838 3355 ὦτα
854 3295 950 3358 αὑτοῦ
964 3288 1040 3359 εἶναι
1094 3309 1180 3357 aures
1200 3308 1264 3374 ejus
1285 3291 1415 3356 intentas
1435 3291 1473 3357 ad
1494 3309 1596 3375 pratus
1613 3292 1769 3376 justorum,
1791 3301 1840 3360 et:

288 3403 331 3474 εἱς
355 3389 460 3471 δέησιν
484 3388 610 3462 δικαίων
634 3397 861 3476 ἑτινενευκότα,
886 3401 948 3464 καί·
969 3399 1041 3466 Ὠσ-
1097 3397 1235 3466 «Olfecit
1257 3398 1401 3464 Dominus
1420 3399 1539 3467 odorem
1559 3401 1766 3480 suavitatiS,n
1793 3413 1841 3469 et:

291 3503 408 3596 ρράνθη
422 3505 531 3596 Κύριος
544 3502 644 3593 ὀσμὴν
658 3495 794 3583 εὐωδίας,
803 3508 865 3571 καί·
880 3508 923 3573 Τὸ
936 3507 1040 3596 στόμα
1096 3533 1111 3570 ιι
1126 3508 1168 3573 Os
1181 3505 1299 3574 Domini
1315 3506 1445 3573 locurum
1457 3519 1503 3574 est
1523 3507 1618 3585 istan
1640 3517 1671 3576 at
1690 3507 1841 3576 brachium

288 3613 400 3699 Κυρίου
424 3611 561 3684 ildinus
576 3621 691 3690 ταῦτα,
708 3613 762 3678 καί
779 3614 929 3704 βραχίονα
948 3621 1040 3686 Θεοῦ,
1095 3613 1160 3697 uei,
1183 3624 1212 3682 sl
1231 3633 1347 3698 munuS,
1368 3625 1399 3682 et
1418 3616 1524 3701 pedes,
1545 3625 1575 3683 at
1593 3617 1721 3700 digitos,
1743 3619 1842 3684 statim

290 3717 344 3784 καί
366 3727 485 3807 χεῖρας,
506 3717 560 3782 καί
577 3709 686 3798 πόδας,
709 3719 763 3784 καί
787 3712 969 3801 δακτύλους,
986 3728 1040 3789 άν-
1094 3724 1223 3790 inierunt
1243 3722 1298 3789 huc
1317 3723 1391 3789 nihil
1418 3724 1503 3791 aliud
1528 3725 1643 3808 doure,
1668 3744 1758 3809 qnam
1779 3727 1843 3792 ior-

289 3823 394 3913 τικρὺς
417 3824 567 3915 φάσκουσι
590 3835 694 3891 ταῦτα
724 3831 783 3917 οὺχ
811 3829 914 3921 ἕτερόν
938 3855 971 3896 τι
994 3823 1041 3897 δι·
1094 3848 1170 3896 mam
1181 3832 1407 3913 lleiQuomodo
1418 3835 1600 3915 strunium,
1611 3835 1751 3903 visussst
1761 3835 1840 3904 Deus

291 3923 417 3998 δάσκειν
441 3929 462 4005 ii
482 3930 542 4006 riu
566 3931 686 4024 μορρὴν
709 3943 767 3998 τοῦ
790 3940 879 4002 Θεοῦ.
904 3943 972 4015 Πῶς
996 3929 1040 4016 δὲ,
1094 3940 1252 4018 Abrabam,
1273 3941 1347 4010 uest
1368 3943 1541 4025 essentiis,
1562 3943 1762 4010 lormsmnon
1784 3945 1843 4010 irn-

290 4037 376 4128 ρασί,
394 4037 448 4101 καί
463 4036 549 4129 aeas
568 4043 585 4102 ὁ
601 4039 678 4120 Θεὸς
698 4049 745 4124 τῷ
762 4035 904 4134 Ἀίραάμ
926 4043 1040 4130 καὶτῷ
1094 4046 1192 4114 beus‘l
1205 4050 1292 4131 Quod
1314 4051 1341 4116 si
1359 4051 1479 4117 sormam
1501 4050 1626 4133 hebens,
1642 4053 1758 4136 qualem
1778 4053 1841 4117 ior-

292 4150 401 4230 Moql,
427 4143 480 4209 καί
502 4154 567 4221 τοῖς
592 4147 688 4238 ἁγίοις
716 4147 760 4238 μὴ
786 4153 1040 4242 μεμορρωμένος;
1094 4174 1184 4238 mam,
1201 4157 1226 4222 si
1240 4175 1301 4224 nnn
1315 4157 1496 4224 humanam?
1515 4159 1554 4223 nt
1573 4169 1749 4224 coacervant
1763 4157 1842 4224 mille

296 4251 535 4341 μεμαργωμένοι
553 4243 595 4329 δὲ,
612 4252 696 4318 κατὰ
714 4265 800 4321 ποῖον
816 4257 1038 4350 χαρακτῆρσιν
1095 4267 1158 4333 loca
1178 4267 1286 4351 quibus
1299 4266 1496 4334 membranei
1517 4266 1713 4352 appellentur.
1729 4266 1840 4333 Adver-

291 4357 348 4423 τὸν
375 4357 577 4449 ὰνθρώπινον;
601 4361 655 4426 καί
670 4363 835 4458 συνάγουσι
851 4366 943 4458 μύρια
960 4367 1041 4459 ῥητὰ
1093 4391 1145 4438 sus
1166 4391 1238 4457 quos
1258 4372 1428 4440 erundum
1441 4382 1496 4455 ast,
1511 4373 1637 4457 primum
1657 4391 1694 4438 ex
1712 4373 1776 4458 ipsa
1796 4373 1842 4440 di·

288 4463 374 4554 μέλη
390 4461 586 4556 ὀνομάζοντα
599 4474 687 4534 Θεοῦ.
697 4472 775 4563 Πρὸς
784 4471 832 4550 οῦς
842 4473 1038 4566 ἀγωνιστέον,
1094 4481 1193 4549 ctione
1207 4482 1365 4567 Scripturas
1385 4493 1442 4550 etc.

287 4583 419 4664 πρῶτον
444 4576 505 4641 ἀπὸ
529 4587 587 4654 τῆς
609 4571 748 4657 λέξεως...

327 4736 352 4791 1.
366 4735 433 4808 Cap.
447 4751 468 4806 1,
480 4734 525 4794 26.
537 4737 580 4791 lix
591 4736 655 4794 Vei.
668 4741 693 4795 A
706 4759 735 4812 p.
753 4739 796 4810 18,
809 4741 829 4794 Β
845 4741 866 4796 t.
880 4741 907 4814 6,
923 4744 944 4800 0
958 4743 978 4798 l.
992 4743 1038 4822 40,
1099 4750 1179 4806 Clari
1189 4749 1361 4819 etdoctrins,
1372 4767 1435 4821 quse
1444 4748 1606 4824 petulanter
1616 4755 1768 4808 insectetur
1778 4747 1842 4807 Ori·

290 4827 311 4881 F
331 4825 353 4882 f.
378 4822 428 4895 19,
447 4831 506 4881 tum
525 4829 607 4882 etism
626 4831 650 4884 D
670 4827 692 4884 i.
712 4829 759 4900 28,
778 4833 824 4886 nbi
851 4831 929 4887 locus
953 4834 1040 4890 multo
1097 4855 1192 4909 genes,
1212 4843 1243 4893 ut
1256 4843 1317 4910 jam
1336 4840 1468 4910 diximus,
1487 4845 1516 4895 et
1534 4840 1667 4896 disertius
1685 4840 1718 4895 sd
1734 4839 1839 4896 calcem

293 4915 394 4985 fusior,
406 4920 438 4971 nt
450 4916 523 4988 apud
533 4917 578 4972 BB
587 4936 617 4990 p.
625 4915 669 4990 25,
680 4919 738 4976 cit.
752 4919 829 4993 Lips.
839 4921 886 4977 49.
896 4923 1038 4997 Ignoscat,
1095 4926 1180 4998 hujus
1190 4927 1258 4982 tomi
1267 4943 1474 5000 persequemur.
1486 4927 1573 5000 cujus
1584 4929 1782 5001 disputationis
1793 4929 1839 4983 bic

290 5006 315 5060 si
333 5022 424 5078 psncu
442 5022 477 5060 ex
496 5005 581 5064 editis
598 5007 652 5065 buc
670 5010 847 5080 reduxerim,
865 5016 943 5068 ratus
968 5011 1040 5068 band
1095 5013 1173 5070 locus
1190 5012 1338 5070 classicum
1358 5017 1417 5071 fere
1435 5023 1479 5073 est
1495 5021 1661 5090 prooemium
1686 5022 1714 5073 et
1738 5018 1839 5073 funda-

287 5095 415 5166 ineptum
428 5111 500 5166 esse,
514 5097 690 5154 concordiem
703 5099 828 5155 codicum
841 5101 1040 5158 vaticanorum
1094 5108 1228 5158 mentum.
1237 5135 1272 5147 --
1285 5105 1356 5176 ῦφνη
1370 5107 1381 5157 ὁ
1394 5107 1481 5179 Κύριος
1492 5108 1523 5164 Β.
1537 5111 1616 5178 -τῦ
1628 5124 1684 5165 οιιι.
1698 5107 1760 5163 edd.
1775 5112 1839 5162 snts

287 5190 385 5240 noter-e
405 5186 433 5238 in
448 5185 613 5256 gravissimo
625 5195 790 5258 argumento
802 5187 836 5245 dc
848 5191 877 5245 S.
892 5189 1039 5246 Melitonis
1094 5193 1184 5264 Μωσῇ.
1197 5223 1230 5234 -
1245 5197 1368 5266 nurerum
1382 5197 1412 5251 B.
1426 5225 1458 5238 -
1474 5199 1542 5252 Gen.
1557 5211 1618 5266 rur,
1629 5195 1682 5265 at,
1700 5197 1734 5253 ls.
1751 5213 1773 5265 ν,
1791 5194 1838 5251 20.
