3978 6086
705 514 873 587 SANCTUS
893 513 1129 589 dispositus
1634 520 1693 592 tls

143 673 241 744 adhue
260 686 362 742 sancto
376 670 506 759 ejusdem
521 675 639 742 nomine
653 675 793 760 iuscripta
807 685 905 742 essent
917 676 949 742 in
961 677 1111 743 Lacareno
1125 677 1281 744 tabulario.
1297 674 1433 745 Eventus
1446 690 1517 747 rota
1531 695 1596 746 msa
1609 678 1696 763 louge

144 785 377 871 praetervolavit.
400 783 574 850 narseum
596 782 629 847 P.
652 782 761 848 Paulus
785 783 923 866 Garekin,
949 784 1025 852 idem
1046 785 1188 870 quidum
1209 786 1507 872 tirociniumageret,
1529 789 1599 855 olim
1623 769 1695 855 mibi

145 893 341 977 descripserat
361 909 552 977 quascumque
573 890 611 957 ad
631 909 680 958 me
700 890 847 958 &ramos
867 911 960 977 usque
979 912 1007 958 a.
1030 893 1109 958 taso
1130 893 1222 958 missa
1243 893 1378 976 buerunt,
1401 895 1478 960 idem
1498 914 1595 976 nunc,
1618 896 1696 962 inter

147 1021 246 1071 rerum
268 1011 298 1068 et
312 1001 499 1084 nautiorum
513 999 655 1084 pondera,
669 1009 795 1066 maturae
807 1019 869 1065 suar
882 999 1037 1067 commissa
1049 1002 1145 1082 atati,
1161 1018 1250 1065 manu
1264 1020 1317 1067 suu
1332 1003 1453 1085 perfecit
1466 1022 1540 1087 opus
1555 1019 1573 1067 a
1586 1004 1697 1086 jurene

151 1113 321 1196 incaeptum,
343 1109 440 1194 arnpla
462 1109 611 1192 congessit
625 1107 703 1190 lolia,
719 1108 847 1190 eleganti
868 1107 1038 1174 charactere
1057 1108 1165 1192 pinxit,
1184 1117 1215 1174 et
1233 1108 1315 1191 mibi,
1332 1109 1373 1174 nil
1388 1110 1486 1176 simile
1498 1091 1694 1193 suspectanti,

147 1217 302 1302 sequentia
325 1216 463 1282 tradidit:
1225 1219 1231 1230 '

188 1326 234 1388 1.⁰
256 1324 345 1390 Beati
363 1321 530 1406 Hippolyti,
553 1321 725 1386 Horlrcrum
736 1321 878 1416 episcopi,
895 1340 931 1384 ec
944 1323 1143 1386 cocauerlcrio
1162 1323 1301 1406 waopclii
1316 1322 1351 1388 S.
1367 1323 1498 1406 loconis,
1515 1324 1584 1390 stab
1603 1343 1698 1389 resur-

147 1433 295 1496 rectionem
317 1429 436 1496 Lazari.

190 1539 305 1606 Noram
325 1545 409 1604 eram
429 1536 498 1602 lolia
518 1537 683 1618 armenica,
706 1555 872 1621 nouemque
898 1538 1004 1621 gallice
1024 1539 1152 1622 scripta,
1179 1539 1368 1630 ἑορταστικά
1388 1539 1486 1604 omnia
1512 1548 1542 1604 at
1563 1538 1698 1622 paschali

150 1647 238 1732 plana
261 1646 399 1731 tripudio.
421 1646 499 1726 lam,
521 1653 555 1710 ut
574 1645 645 1710 olim
664 1645 820 1727 Origenes,
836 1647 937 1710 llcmae
957 1645 1096 1711 aderam:
1118 1646 1156 1710 ab
1176 1664 1228 1710 ore
1247 1644 1379 1728 magistri
1401 1645 1543 1730 pendeus,
1559 1653 1700 1729 sausque

156 1755 188 1820 in
209 1771 292 1820 sacra
313 1751 419 1838 synaxi
433 1751 626 1837 paschalium,
643 1753 672 1816 in
687 1751 787 1835 aliquo
801 1751 889 1816 Urbis
901 1751 1005 1830 titulo;
1021 1750 1124 1835 quidni
1139 1751 1266 1818 solemni
1281 1751 1312 1816 in
1332 1750 1382 1816 illa
1397 1750 1478 1830 bora,
1491 1771 1582 1836 quum
1596 1750 1699 1830 lector,

151 1860 274 1926 recitata
294 1858 417 1926 loannis
436 1859 602 1924 delacero
621 1860 857 1952 παλιγγενεσίᾳ,
882 1857 989 1923 librum
1010 1858 1157 1939 claudere,
1179 1868 1210 1926 et
1229 1858 1325 1925 locum
1345 1860 1461 1926 docenti
1482 1860 1555 1927 dare
1573 1858 1702 1925 soleret‘l

151 1970 190 2035 ltt
208 1968 281 2034 mibi
302 1986 398 2053 preco
418 1968 603 2052 loquebatur,
625 1985 705 2032 nunc
725 1983 808 2031 sacra
823 1965 913 2031 rerba
928 1983 1030 2049 presse
1043 1965 1204 2048 stringens,
1226 1985 1306 2034 nunc
1326 1968 1453 2034 liberiori
1471 1967 1606 2051 pandens
1625 1985 1702 2032 ecn-

152 2078 247 2156 cione,
268 2094 349 2143 nunc
368 2077 454 2143 suari
476 2076 596 2142 indatus
621 2084 695 2140 astu
719 2084 750 2139 et
773 2074 887 2140 canbca
912 2074 973 2140 lere
996 2073 1173 2154 modulatus,
1197 2075 1314 2140 sublimi
1335 2093 1386 2141 ore
1406 2075 1554 2142 clamans:
1580 2076 1699 2154 lazare,

152 2183 223 2249 veni
242 2183 336 2248 lmasl
360 2183 418 2249 Sed
440 2192 471 2248 tu
491 2200 606 2248 naccum
625 2191 688 2248 estc
707 2181 839 2260 auditor,
860 2181 940 2262 tolle,
964 2182 1046 2264 lege3
1069 2199 1105 2246 ac
1124 2182 1211 2247 simul
1231 2181 1304 2248 mihi
1325 2180 1488 2262 considera,
1510 2181 1584 2265 quid
1605 2181 1703 2247 obstet

152 2307 205 2354 carr
218 2289 267 2356 bie
281 2309 340 2356 non
356 2299 518 2371 tenesmos,
534 2289 615 2374 quod
628 2290 825 2375 Hieronymus
837 2289 910 2373 legit
924 2289 1002 2374 apud
1016 2288 1163 2373 Solymos,
1179 2299 1209 2355 et
1222 2288 1388 2374 inscripsit:
1403 2288 1448 2353 Hc
1461 2289 1703 2354 Hesanectsbrre?

152 2395 232 2478 quod
246 2397 334 2461 ctiam
348 2415 428 2462 nunc
442 2397 472 2462 in
486 2414 650 2463 marmorea
671 2397 860 2463 Lataranensi
875 2396 1013 2463 cathedra
1034 2397 1193 2481 sculpitur:
1216 2398 1291 2491 ssepi
1306 2405 1386 2466 Θεοῦ
1402 2399 1456 2464 καὶ
1478 2398 1590 2490 σαρκὸς
1611 2402 1704 2464 ἀνασ-

34 2553 39 2557 -
154 2507 297 2584 τάσεωςὲ
321 2503 433 2572 Concio
452 2505 531 2572 enim
551 2506 637 2573 simul
659 2523 695 2572 ac
713 2506 830 2573 libellus
843 2507 939 2592 potius
953 2515 1009 2590 est,
1026 2524 1114 2591 quum
1128 2507 1159 2572 in
1173 2508 1314 2574 loannem
1335 2505 1572 2588 commentarius,
1588 2504 1625 2570 de
1644 2522 1704 2588 quo

156 2623 217 2678 tcta
238 2611 307 2678 silet
325 2611 498 2696 antiquitas.
1479 2667 1481 2674 ,

195 2722 230 2786 2⁰
252 2719 343 2786 Beati
362 2719 534 2804 Hippolyti,
556 2720 727 2788 Boslrcsusa
746 2727 882 2808 episcopi,
902 2745 938 2788 eu
958 2724 1161 2790 commetario
1179 2723 1210 2787 io
1231 2721 1354 2788 Caralim
1372 2723 1558 2788 casmenas.

198 2827 292 2907 Quem
311 2829 554 2894 commentarium
573 2838 705 2896 recenset
725 2831 881 2912 Eusebius,
904 2832 1099 2917 Hieronymus
1119 2833 1203 2915 legit,
1224 2831 1317 2914 digito
1339 2830 1469 2896 ostendit
1489 2828 1704 2910 Theodorctus,

158 2937 252 3003 acuit
261 2937 292 3002 in
304 2937 357 3006 tn
370 2935 468 3002 adbuc
480 2936 588 3004 saeclo
602 2939 786 3022 Anastasius,
802 2958 838 3005 er
851 2941 995 3026 particula
1007 2941 1129 3007 corrasit
1141 2940 1178 3005 de
1192 2937 1344 3022 blagistris
1357 2936 1388 3002 in
1401 2937 1552 3007 Vaticanis
1564 2936 1706 3024 Syrorum

159 3043 320 3124 codicibus,
330 3043 464 3110 eumdem
474 3045 548 3110 nulli
559 3045 681 3112 uberius
691 3063 779 3131 quarn
791 3047 907 3112 Armeni
920 3057 1085 3114 servarunt.
1102 3047 1124 3130 ¹)
1137 3049 1209 3114 Tres
1219 3056 1334 3112 tuntum
1343 3055 1396 3113 aut
1405 3055 1530 3130 quatuor
1541 3045 1705 3111 versiculos

157 3167 214 3233 ago
234 3149 304 3216 olim
317 3153 349 3216 in
362 3148 487 3216 schedas
502 3148 631 3231 inscrui;
647 3151 699 3217 sed
713 3153 820 3220 iterum
834 3153 935 3219 decem
950 3155 1065 3238 pagina
1080 3155 1302 3237 grandescunt,
1318 3154 1374 3220 urei
1386 3153 1460 3238 juris
1476 3153 1578 3232 iactae;
1594 3152 1699 3217 iterum

158 3256 322 3340 paschalia;
345 3276 400 3324 nec
419 3257 520 3323 concio
542 3265 666 3339 tantum
684 3260 740 3325 sad
761 3260 866 3326 chorus
886 3261 1004 3327 ducitur
1023 3269 1190 3326 sanctarum
1210 3261 1364 3327 mulierum
1384 3261 1423 3326 ad
1443 3259 1614 3326 redivivum
1637 3256 1701 3322 Sal·

157 3374 303 3444 satorem,
324 3364 363 3430 ad
383 3366 539 3449 apostotos,
561 3367 668 3450 angelo
688 3367 763 3433 duce
784 3377 816 3433 et
835 3368 1045 3454 paranympho.
1062 3369 1148 3434 Nunc
1168 3378 1197 3434 te
1216 3389 1318 3449 unum,
1335 3387 1414 3434 nunc
1434 3367 1532 3450 plures
1553 3384 1607 3432 nos
1627 3380 1703 3449 prae·

159 3483 260 3538 centor
280 3471 449 3556 alloquitur,
471 3473 632 3540 dramatico
651 3485 787 3542 ratarum
807 3494 899 3558 more,
921 3477 1029 3561 quibus
1046 3478 1106 3561 jam
1127 3477 1277 3560 placuerat
1296 3495 1407 3543 norum
1427 3492 1522 3558 geum
1536 3471 1707 3539 christianas

157 3578 343 3664 eloquentia,
359 3581 506 3647 instruere
526 3581 665 3648 videlicet
685 3584 765 3666 pium
787 3583 943 3666 theatrum,
959 3603 1100 3670 personas
1120 3585 1278 3666 adducere,
1294 3583 1437 3669 colloquia
1451 3582 1583 3663 miscere,
1599 3580 1705 3646 choros

159 3707 351 3775 componere,
372 3698 405 3755 ut
424 3690 475 3773 qui
496 3709 603 3774 mtrem
622 3690 718 3758 adbuc
737 3699 771 3758 at
795 3693 940 3760 circenses
961 3691 1126 3775 inhiarent,
1155 3692 1241 3778 epulo
1268 3709 1360 3759 sacra
1379 3690 1523 3757 doctrinae
1542 3698 1572 3756 et
1596 3686 1707 3753 divina

160 3796 337 3863 oeconomia
358 3797 532 3882 spectaculis
552 3798 751 3865 reficerentur.
775 3800 835 3867 Nec
854 3801 927 3867 satis
948 3809 1058 3868 amen.

200 3904 244 3968 3.⁰
264 3901 422 3988 Hippolplr'
438 3923 474 3968 ec
494 3905 693 3971 commetario
713 3908 743 3972 io
763 3905 895 3973 Danielis
915 3908 1051 3973 wicram
1070 3908 1104 3972 de
1124 3908 1307 3974 Acdclrictc.

201 4011 325 4078 breuior
344 4011 463 4097 quidem
483 4012 628 4098 particula
648 4016 803 4100 example
822 4026 853 4081 et
873 4015 1001 4099 genuino
1021 4017 1174 4102 Hippolyti
1205 4015 1357 4082 uolumine
1377 4013 1423 4080 He
1443 4011 1574 4081 Durate
1594 4011 1710 4076 micui

159 4121 291 4201 boacca
304 4121 413 4204 pagina
430 4121 548 4204 garis,
564 4122 702 4189 omnibus
722 4123 837 4190 ceteris
850 4123 935 4190 facile
955 4123 1109 4207 insignior,
1131 4141 1222 4207 quum
1244 4123 1275 4187 in
1296 4139 1415 4187 scenam
1427 4120 1592 4187 adducatur
1605 4124 1709 4201 quarta

159 4229 290 4297 Danielis
303 4229 414 4311 bellua,
429 4249 525 4315 amris
539 4239 684 4310 tuueatm,
695 4231 726 4296 iu
737 4230 825 4314 plena
836 4231 901 4296 luce
912 4247 1042 4313 romana,
1055 4231 1228 4319 mysterium
1241 4230 1336 4296 ultimi
1348 4228 1477 4313 imperii,
1487 4243 1583 4310 neque
1592 4225 1711 4308 signum

162 4335 348 4419 bnticbristi,
369 4355 466 4422 neque
485 4337 607 4405 demum
627 4348 757 4406 aeternus
776 4339 885 4405 Christi
906 4338 1081 4421 triumphus.
1560 4417 1564 4420 ,

202 4445 248 4512 i.⁰
270 4445 437 4511 Beatissimi
454 4445 611 4529 Hippolpti
629 4448 756 4532 episcopi
775 4454 803 4510 cl
820 4448 958 4530 mortprie
978 4450 1072 4513 oratio
1085 4447 1119 4512 ele
1132 4444 1383 4514 commmunione
1395 4440 1515 4522 saccali,
1537 4457 1573 4506 ac
1593 4439 1627 4503 de
1646 4439 1712 4504 Aa·

161 4555 299 4635 abac,
321 4561 350 4618 st
367 4558 403 4619 de
421 4555 542 4620 recedo
561 4559 685 4620 Meeulu
705 4555 824 4621 ammi
843 4555 936 4620 umlri
955 4555 1024 4620 lesa
1045 4556 1159 4621 Girba.

196 4662 272 4728 sust
289 4659 457 4746 superiores
476 4661 586 4746 uiginti
606 4661 723 4729 circiter
745 4660 889 4746 paginas,
913 4661 943 4727 in
964 4661 1114 4728 cumulum
1139 4660 1265 4728 accessit
1291 4659 1441 4743 integrum
1460 4657 1522 4723 iere
1545 4672 1620 4738 opus
1640 4651 1713 4718 illud

163 4768 304 4852 spissum,
324 4769 443 4854 quoda
464 4769 560 4836 tribus
581 4769 697 4836 sacculis
717 4770 896 4837 eruditurum
917 4769 1166 4854 disputationibus
1188 4767 1324 4834 traditur.
1340 4766 1476 4850 Magistri
1491 4762 1641 4848 cujusdam
1661 4779 1713 4826 re-

173 4876 247 4942 teris
262 4896 336 4962 opus
348 4889 406 4962 cst,
421 4878 501 4964 quod
513 4878 670 4962 Baronius,
686 4877 801 4946 Natalis
816 4876 991 4957 blerander,
1008 4876 1057 4940 alii
1072 4876 1235 4959 garinum
1249 4873 1450 4952 catinaruut3
1465 4880 1497 4936 at
1510 4867 1715 4953 multoplures

167 4979 390 5079 amictrpatov
411 4999 445 5052 et
464 4987 655 5054 stramineum
676 4986 797 5066 habent,
820 4995 853 5051 ut
872 4983 1037 5051 combefisii
1058 4983 1150 5050 rerba
1169 4991 1201 5048 et
1213 4979 1362 5047 sententia
1376 4987 1453 5043 utar.
1470 4979 1514 5042 Hx
1528 4977 1645 5043 duobus
1658 4973 1714 5041 etsi

163 5091 318 5159 codicibus
338 5093 497 5177 diligenter
515 5093 649 5162 excusis
663 5092 775 5178 prolixa
790 5092 970 5158 elucubratio
984 5091 1107 5172 oriatur,
1123 5089 1226 5156 mutila
1241 5086 1320 5171 upud
1336 5090 1478 5152 drmenos
1491 5085 1566 5150 bona
1582 5090 1718 5165 crpartc

202 5307 224 5373 ¹)
238 5307 322 5362 luitis
340 5310 447 5363 mutum
461 5307 577 5379 hujusce
590 5307 732 5365 concionis
745 5311 773 5362 st
784 5307 966 5379 proecedcatis
980 5305 1048 5361 clim
1062 5320 1220 5374 receperam
1233 5307 1262 5358 st
1274 5317 1447 5357 servaveram
1467 5302 1495 5354 in
1509 5298 1620 5354 schedis
1633 5296 1713 5349 meis.
