3976 6078
638 1697 1356 1859 rnouusouuun.
1411 1599 1413 1604 ⁴

281 2763 469 2920 Arduum
492 2849 609 2919 visum
635 2851 691 2921 est
713 2849 897 2920 nonnullis
921 2848 1058 2932 amicis,
1082 2851 1247 2920 velerum
1271 2847 1380 2918 etiam
1404 2845 1607 2919 litterarum
1631 2845 1773 2917 studio·

221 2969 387 3050 sissimis,
423 2968 611 3040 consilium
651 2972 814 3040 nostrum
856 2969 1050 3056 colligendi
1082 2987 1127 3038 ex
1154 2985 1233 3038 aevo
1264 2966 1488 3037 autenicaeno
1521 2986 1617 3038 noua
1651 2969 1774 3040 anale-

219 3092 289 3169 cta,
307 3087 513 3156 christianae
529 3086 721 3155 eruditioni
743 3087 909 3174 prolicua,
927 3087 1056 3173 quihus
1083 3085 1177 3154 haud
1193 3085 1381 3173 pauciores
1408 3105 1514 3175 quam
1532 3089 1606 3156 tres
1638 3087 1772 3174 integri

219 3205 306 3273 tomi
331 3203 581 3273 conderentur.
601 3205 690 3273 Ecce
710 3203 792 3272 illos
809 3202 887 3284 tihi,
905 3222 971 3272 nec
987 3207 1022 3272 te
1046 3220 1258 3292 persuasum
1276 3203 1405 3272 habeto
1429 3205 1550 3275 omnia
1573 3206 1770 3290 exhauriri,

219 3326 283 3390 aut
306 3321 356 3390 ita
380 3322 481 3390 obrui
505 3320 756 3402 aurifodinam,
783 3321 868 3408 quin
893 3320 955 3389 alii
980 3321 1142 3390 thesauri
1172 3319 1321 3402 lateant,
1349 3319 1542 3390 identidem
1571 3323 1774 3412 inuestiga-

220 3439 311 3509 turis
330 3439 544 3526 reperiendi.
562 3440 702 3508 Etenim
722 3440 811 3508 adeo
830 3439 929 3507 seran
948 3441 985 3508 et
1003 3439 1238 3507 inexhaustus
1254 3442 1310 3508 est
1325 3457 1470 3527 campus
1486 3443 1688 3512 nostrarum
1708 3463 1775 3512 an-

221 3557 436 3643 tiquitatum,
461 3562 501 3627 ut
525 3560 584 3629 uel
617 3564 805 3648 postquam
840 3560 955 3628 trihus
990 3557 1088 3626 hisce
1116 3556 1360 3628 uoluminibus
1383 3558 1618 3647 colophonem
1642 3563 1772 3650 apponi

220 3677 389 3763 oportuit,
406 3679 449 3745 ab
465 3678 591 3748 horum
608 3680 862 3766 prooemiorum
879 3676 1013 3747 tabella
1038 3677 1132 3745 haud
1149 3695 1293 3746 manum
1317 3678 1525 3747 subducturi
1542 3679 1667 3762 simus,
1688 3679 1773 3769 quin

219 3813 315 3866 nova
337 3797 487 3868 subinde
505 3807 541 3867 et
560 3797 816 3884 inexspectata,
843 3798 945 3884 quasi
965 3797 1079 3868 altero
1100 3796 1263 3884 germine
1294 3795 1498 3880 fruticante,
1524 3799 1588 3867 sub
1623 3798 1773 3887 pedihus

219 3933 380 3985 crescere
404 3919 441 3986 et
462 3915 643 4004 pullulare
666 3915 869 3987 videantur.

286 4033 375 4102 Nam
396 4035 487 4104 sicul
514 4035 551 4103 iu
579 4036 767 4105 ruderibus
785 4039 948 4103 veterum
966 4035 1176 4124 oppidorum
1193 4033 1323 4104 humus
1339 4036 1470 4105 effossa
1487 4036 1604 4107 exciet
1619 4037 1714 4106 diam
1735 4038 1772 4107 in

219 4153 348 4236 lucem,
375 4174 445 4224 non
481 4155 597 4224 solum
634 4155 862 4236 numismata,
900 4172 1074 4240 gemmas,
1100 4153 1241 4221 rninora
1273 4154 1431 4240 cujusvis
1455 4154 1560 4241 pretii
1597 4145 1770 4246 κειμήλια,

219 4273 282 4342 sed
305 4277 410 4342 vasta
432 4272 645 4360 sepulcrcta
668 4272 777 4342 villas
803 4277 992 4354 cicestra,
1029 4274 1136 4343 immo
1161 4271 1282 4359 qualia
1314 4275 1514 4357 exsurgunt
1538 4273 1573 4339 in
1609 4273 1767 4354 Oriente,

219 4392 326 4459 urbes
351 4393 387 4459 et
410 4391 562 4478 imperia
584 4395 628 4460 ab
651 4392 875 4462 incunabulis
901 4394 1074 4462 rediviva:
1100 4394 1152 4463 ita
1176 4390 1473 4460 bibliothecarum
1498 4373 1640 4477 quoque
1663 4390 1770 4459 foruli

220 4509 257 4575 et
278 4499 405 4596 plutei,
424 4507 491 4596 ipsi
510 4511 653 4592 tumuli,
672 4513 882 4598 ossibusque
902 4511 1163 4582 circumvoluta
1177 4529 1323 4598 papyro,
1348 4515 1482 4596 ereptae
1502 4508 1604 4594 quasi
1629 4510 1673 4576 ab
1691 4526 1772 4577 orco

220 4626 449 4706 membranae,
476 4627 520 4695 de
544 4629 717 4698 ambustis
743 4649 787 4698 ne
806 4630 933 4718 loquar
955 4628 1277 4702 herculanensium
1302 4625 1559 4707 voluminibus
1586 4644 1630 4695 ea
1653 4624 1775 4693 omnia

220 4740 380 4829 quotidie
404 4744 543 4816 animos
566 4753 698 4834 urgent
722 4751 925 4830 sternunt,
951 4755 991 4819 ut
1013 4753 1147 4838 praeter
1169 4748 1344 4818 anecdota
1365 4739 1409 4826 ὥς
1433 4737 1539 4838 τυχόν
1564 4743 1680 4824 obvia,
1706 4761 1775 4811 no-

217 4881 275 4931 vae
299 4865 408 4932 etiam
427 4866 659 4936 inveniantur
685 4871 722 4937 ot
744 4873 1001 4938 recenseantur
1025 4868 1240 4956 scriptorum
1264 4866 1426 4948 familiae,
1452 4883 1492 4933 ac
1517 4861 1774 4952 propemodum

218 4983 334 5051 tribus
358 4985 395 5051 et
417 4987 554 5070 gentes:
580 4986 615 5054 id
640 4987 733 5073 quod
758 5005 826 5073 ego
851 5005 965 5074 nuper
981 5006 1046 5074 pro
1068 4985 1207 5054 viribus
1232 5001 1440 5072 aggressus,
1460 5003 1479 5052 e
1503 4981 1663 5050 tenebris
1694 4976 1772 5047 erui

219 5102 398 5169 trecentos
421 5101 564 5170 circiter
588 5103 750 5173 ecclesiae
773 5123 903 5191 graecae
936 5103 1110 5187 melodoS,
1136 5123 1287 5192 quorum
1317 5100 1434 5200 gestio
1460 5098 1646 5168 historiam
1669 5096 1770 5185 prius

219 5217 430 5288 adumbrare
454 5235 560 5306 quam
578 5222 727 5291 schedas
751 5239 849 5292 meas
869 5222 1044 5292 volaticas
1057 5221 1178 5312 pulvis
1201 5223 1263 5290 aut
1285 5219 1393 5290 tineae
1416 5214 1743 5306 pessumdederint.

296 5367 391 5434 Anal.
419 5371 462 5446 11,
485 5385 515 5432 a.
