4064 6108
261 451 322 517 318
791 447 967 514 CLEMENS
988 447 1284 514 ALEXANDRINUS

261 627 348 670 νεται
371 609 390 678 η
419 601 539 692 μετοχὴ
565 612 620 666 τοῦ
646 599 827 690 βελτίονος),
847 601 901 666 καὶ
925 603 1008 692 μήτε
1060 618 1155 684 oeque
1175 602 1379 685 permittamus
1394 604 1504 670 moueri
1522 606 1648 673 opimum
1662 607 1735 690 suis,
1751 625 1808 692 quo

262 709 322 782 τλν
346 705 449 798 ψυχὴν
466 706 605 796 ἐάσωμεν
629 703 778 772 κινεῖσθαι
793 717 858 783 τοῖς
874 703 1008 796 ἐνθυμή-
1060 706 1188 786 libuerit,
1202 707 1474 792 desideriumque
1487 710 1518 775 iu
1532 711 1805 778 maloobsistumua.

261 838 366 906 μασιν,
382 815 460 880 ὅπου
486 812 643 906 βούλοιτο,
661 813 744 904 μήτε
759 822 883 903 στῶμεν
908 817 938 878 ἑν
962 823 1008 897 τῷ
1062 813 1117 878 Sin
1135 815 1228 890 aliter,
1250 831 1289 880 ue
1309 815 1442 883 habitum
1456 834 1669 902 prmsumamua
1690 819 1720 885 iu
1734 821 1809 886 malo

260 929 356 1006 κακῷ·
371 925 398 987 εἰ
412 912 440 986 δ’
454 915 516 1000 οὖν,
530 919 614 986 ἀλλὰ
626 919 669 1009 μὴ
686 921 804 1012 rra-pluo
818 913 878 998 ἕξιν
894 917 1008 986 τούτου
1061 919 1248 1002 obstinatum,
1264 921 1337 1006 quim
1357 922 1445 990 immo
1460 923 1607 991 lirmemua
1626 925 1656 991 iu
1676 925 1741 1009 lego
1755 927 1810 992 Dei

259 1021 477 1120 προλάθωμεν,
490 1026 563 1094 ἀλλ’
575 1028 783 1118 ὑπερείσωμεν
797 1025 853 1104 τὰς
866 1025 1008 1103 θελήσας
1061 1037 1176 1093 nostras
1191 1028 1368 1111 uoluntates,
1384 1046 1507 1114 eumque
1527 1039 1669 1115 perpetuo
1689 1031 1811 1099 merite

260 1141 349 1224 ἡμῶν
369 1145 416 1220 τῷ
439 1145 495 1202 τοῦ
520 1142 599 1202 Θεοῦ
627 1135 723 1226 νόμῳ,
746 1135 800 1200 καὶ
813 1135 835 1219 ¹)
861 1127 1009 1212 διηνεκῶς
1061 1153 1138 1214 mur,
1158 1145 1191 1201 ut
1210 1135 1322 1203 similes
1342 1136 1504 1204 efficiamur
1523 1139 1620 1205 arbori
1634 1158 1749 1222 oempcr
1762 1139 1810 1205 vi·

259 1243 364 1329 τούτῳ
388 1245 672 1335 ἑμμελητήσωμεν,
698 1245 779 1321 ὅπως
803 1243 839 1310 ἂν
855 1248 1010 1336 ἀρομοιω-
1061 1242 1158 1308 rcuti:
1180 1243 1224 1307 sio
1236 1261 1321 1327 porro
1336 1245 1397 1310 uoti
1412 1244 1473 1312 lleo
1487 1245 1606 1326 crimus,
1620 1247 1742 1330 ejusque
1758 1247 1809 1314 ho·

261 1350 389 1442 θείημεν
413 1346 496 1437 ξθλῳ
520 1351 661 1418 ἀειθαλεῖ
671 1351 705 1434 ²1·
721 1353 803 1418 οὕτω
826 1353 886 1445 γὰρ
908 1378 1009 1446 γνωσ-
1061 1347 1164 1412 nitatis
1183 1347 1354 1433 participes.

262 1456 427 1548 θησόμεθα
438 1469 484 1544 τῷ
501 1465 581 1544 Θεῷ,
594 1459 649 1524 καί
665 1453 832 1551 μεθέξομεν
844 1472 902 1539 τῆς
915 1465 1009 1528 αὐτοῦ

261 1564 469 1658 ἀγαθθτητος.

301 1671 339 1737 ll.
363 1672 401 1736 lu
419 1692 464 1756 pu.
496 1672 525 1750 V.
548 1665 716 1766 1.Ἀνδρα
732 1674 873 1766 αἱμάτων
889 1675 943 1741 καὶ
959 1666 1011 1742 36-
1103 1666 1141 1732 11.
1163 1666 1268 1734 Virum
1287 1670 1459 1752 saupuoom
1477 1676 1507 1734 et
1524 1669 1652 1738 dolorum
1664 1673 1810 1740 olomioa·

261 1782 328 1843 λιον
354 1769 561 1862 βδελύσσεται
585 1781 701 1872 Κύριος.
731 1779 793 1846 Vae.
818 1780 875 1843 ouo
911 1783 940 1844 θ.
1062 1780 1112 1840 tur
1131 1775 1283 1858 Domiucp.

306 1884 368 1950 Τὸν
394 1884 500 1974 μέντοι
523 1887 646 1976 φονικὸν
677 1891 694 1951 ὁ
725 1891 888 1979 προφήτης
912 1883 1009 1982 ἄνδρα
1109 1883 1207 1948 Virum
1226 1883 1363 1951 videlicet
1382 1888 1554 1970 ucnyuittttm
1571 1888 1713 1972 propheta
1726 1879 1825 1956 101511Ι

262 1989 405 2079 αἱμάτων
417 1995 518 2070 καλεῖ,
536 1997 575 2069 ὡς
590 1992 711 2058 τέλειον
728 1998 759 2059 ἐν
774 1998 878 2082 κακίᾳ·
894 1997 934 2063 eo*
949 1998 1009 2091 γὰρ
1063 1991 1252 2074 homicidam,
1275 2002 1308 2059 ut
1328 1993 1379 2076 qui
1399 1993 1531 2060 absolute
1553 1995 1581 2060 iu
1603 1998 1734 2080 nequitia
1754 2007 1811 2064 eat.

261 2097 381 2164 τέλειον
405 2109 446 2185 τῇ
472 2089 580 2190 ἀνδρὸς
602 2102 758 2191 τετίμηκε
780 2107 982 2196 προσηγορίᾳ.
1063 2099 1151 2180 Quou
1170 2099 1332 2184 perlectum
1351 2100 1430 2166 euim
1449 2111 1504 2180 eat,
1524 2102 1583 2167 viri
1604 2104 1748 2170 vocabulo
1770 2105 1814 2170 iu·

1062 2207 1197 2291 aiguirit.

300 2309 356 2375 Ill.
378 2311 558 2403 Ἀμήχανον
582 2313 625 2380 τὰ
641 2314 766 2408 μεγάλα
788 2317 847 2408 πρὸ
871 2329 934 2384 τῶν
959 2343 1011 2410 με·
1102 2316 1156 2382 111.
1173 2317 1306 2402 iucplum
1319 2326 1365 2383 cal
1378 2335 1485 2402 muguu
1500 2319 1581 2403 prius
1595 2319 1709 2387 cdoccri
1724 2337 1812 2406 quum

261 2425 342 2509 ιερῶν
365 2409 579 2495 παιδευθῆναι.
1063 2424 1187 2490 minora.

301 2521 351 2590 lv.
374 2527 530 2620 Μακάριος
554 2533 570 2594 ὁ
593 2529 648 2597 τὸν
681 2533 746 2615 βίον
774 2530 894 2622 ὑψηλὸν
917 2537 1009 2626 ἔχων,
1103 2530 1155 2599 lv.
1170 2532 1289 2612 mutua
1304 2530 1355 2616 qui
1370 2532 1463 2598 vitam
1477 2532 1566 2601 habet
1579 2534 1744 2614 sublimem,
1760 2535 1814 2600 luu-

264 2633 413 2699 ταπεινδν
438 2625 472 2700 δὲ
494 2635 531 2702 τθ
554 2637 706 2729 φρόνημα.
1064 2638 1163 2704 mitem
1183 2655 1254 2703 uero
1275 2647 1414 2704 mentem.

215 2746 217 2750 ’
302 2737 337 2804 ll.
359 2741 404 2808 Τδ
428 2731 627 2810 clitumno&
643 2746 692 2812 ὅτι
708 2749 823 2838 ἀγνοεῖ,
840 2751 947 2842 coptum
963 2755 1012 2818 ἐρ.
1103 2748 1139 2815 V.
1161 2747 1255 2812 Nosse
1274 2745 1413 2830 aliquem,
1428 2747 1562 2830 ignarum
1576 2765 1609 2814 se
1628 2767 1702 2830 essa,
1726 2767 1742 2814 o
1761 2767 1814 2814 aa·

263 2845 322 2926 riu,
345 2851 385 2926 ὡς
408 2849 462 2915 καὶ
477 2850 515 2916 τὸ
532 2842 645 2918 εἰδέναι
661 2853 711 2919 ὅτι
726 2846 871 2936 ἠδίκησε,
896 2849 1012 2928 δικαιο·
1064 2854 1174 2939 pientia
1194 2861 1249 2933 cot,
1270 2851 1364 2918 veluti
1383 2870 1401 2918 a
1419 2852 1533 2936 justitia
1553 2870 1637 2920 ucsse
1653 2871 1687 2920 sc
1706 2872 1814 2938 poem-

263 2953 364 3032 σθνης.
1064 2964 1155 3032 risse.

303 3059 354 3128 Vl·
378 3063 475 3155 Ψυχὴ
508 3059 592 3144 ἅπαξ
624 3069 776 3157 ἁμαρτίας
808 3071 1010 3162 ἀπωσαμένη,
1104 3067 1155 3134 vl.
1178 3064 1294 3146 urimo,
1311 3083 1378 3148 quae
1395 3065 1485 3130 semei
1507 3073 1626 3148 peccalo
1647 3083 1663 3129 a
1685 3083 1717 3130 sc
1736 3083 1815 3132 umo-

263 3166 317 3232 aoul
333 3171 518 3264 ἀναλγήτως
534 3162 726 3262 διατεθεῖσα,
741 3177 863 3252 πολλὴν
883 3179 1013 3271 παρέχει
1064 3173 1121 3254 tit,
1136 3173 1237 3238 auimo
1250 3180 1347 3238 lumcu
1361 3171 1482 3237 rcmisso
1496 3171 1586 3252 viril,
1598 3171 1700 3237 morbo
1710 3171 1816 3256 adjicit

262 3284 309 3361 τῷ
332 3279 490 3367 νοσήματι
511 3279 573 3355 riv
598 3281 788 3374 προσθήκην,
1065 3279 1221 3364 plurimum
1243 3278 1465 3342 incrementum.

303 3380 368 3448 uu.
392 3390 431 3451 ot
454 3375 648 3466 αἰδεσθέντες
677 3391 815 3484 ἰατροὺς,
839 3386 1013 3472 σηπεδόνας
1107 3388 1170 3456 llll.
1193 3387 1322 3456 Medioos
1342 3387 1392 3470 qui
1414 3387 1602 3464 crubescunt,
1616 3387 1752 3452 nutriunt
1771 3406 1816 3452 sa·

262 3489 480 3568 πεποιήκασιν,
498 3495 611 3559 πολλο1
623 3486 658 3560 δὲ
670 3497 822 3575 πολλάκις
833 3499 1012 3579 τεθνήκασιΙ
1066 3499 1157 3577 niem,
1176 3505 1207 3562 et
1227 3493 1312 3560 mulli
1334 3493 1482 3560 multoties
1504 3493 1684 3560 interiorum.

303 3593 383 3658 ullu.
406 3596 552 3663 Πεισάτω
568 3623 603 3664 σε
619 3602 693 3692 πρὸς
716 3607 862 3696 ἐργασίαν
886 3605 1013 3687 πένθους
1107 3603 1186 3672 vill.
1207 3601 1250 3668 Tc
1269 3610 1390 3667 moveat
1411 3601 1449 3666 od
1470 3600 1652 3684 poeuileuliae
1671 3609 1755 3665 oclus
1768 3601 1817 3667 rel

264 3701 321 3768 κᾶν
353 3702 430 3768 αὺτδ
453 3694 581 3795 ἔνδυμα·
605 3705 719 3786 πάντες
743 3709 803 3803 γὰρ
835 3718 863 3778 ot
891 3716 1014 3808 νεκροὺς
1067 3711 1163 3795 ipsum
1172 3705 1587 3791 uestimentum3quicumquo
1597 3707 1673 3772 onim
1686 3714 1817 3772 mortuos

264 3807 458 3900 θρηνοῦντες,
483 3811 603 3901 μέλανα
626 3809 879 3906 περιθάλλονται.
1068 3819 1179 3902 lugent,
1201 3815 1296 3900 nigris
1316 3815 1575 3898 circumteguntur.

264 4022 369 4114 ὥσπερ
386 4021 492 4091 θυσίαν
508 4025 588 4107 τινα,
602 4029 732 4122 παρέχει
748 4041 794 4117 τῷ
811 4040 939 4123 Σατανᾷ
953 4036 1013 4113 τὴν
1067 4031 1158 4100 uoluti
1185 4030 1332 4116 quoddam
1358 4029 1551 4109 sucrificium,
1573 4028 1694 4094 δοιοοω
1719 4045 1818 4093 acmen

263 4216 356 4280 ταύτης
376 4221 469 4274 καλῶν.
486 4221 543 4278 Νεσ
560 4222 643 4295 plura
661 4225 711 4295 ibi,
724 4241 786 4300 quta
806 4245 890 4301 quum
910 4234 1015 4296 noatpie
1067 4236 1117 4287 τῶν
1130 4232 1270 4305 μεταρσίων
1282 4230 1367 4284 Θυσίαν
1381 4235 1436 4282 κτλ.
1454 4227 1597 4282 Obscurus
1610 4226 1689 4282 looua
1703 4230 1756 4295 eal,
1769 4225 1817 4280 aed

265 4309 376 4380 gemina
388 4311 455 4378 aiut,
468 4313 604 4382 euticeti,
618 4319 649 4369 ul
661 4332 716 4371 uon
727 4316 810 4388 aliua,
824 4319 872 4374 aod
887 4319 1015 4378 Glemona
1068 4321 1201 4394 insignia,
1210 4320 1245 4376 ob
1257 4319 1351 4373 vicina
1360 4315 1513 4374 clementia
1526 4315 1642 4371 Romani
1658 4313 1817 4385 fragmenta

264 4399 326 4471 ipae
344 4405 524 4472 agnoscatur,
541 4403 663 4460 eamdem
683 4409 851 4463 senteutiam
865 4409 905 4464 ita
923 4417 1015 4480 retru-
1067 4409 1173 4479 multo,
1193 4410 1295 4481 quibua
1313 4405 1518 4484 Alexandrioua
1541 4403 1735 4459 auctoritatem
1756 4405 1816 4474 jam

265 4491 501 4556 παρεμπεσεῖται
513 4489 687 4561 elegantiora
700 4499 728 4549 et
739 4494 867 4566 pleniora
880 4515 1013 4556 censeam·
1067 4500 1178 4557 confert
1196 4503 1225 4553 et
1242 4495 1444 4552 celebritatem.

265 4581 321 4634 tur.
334 4607 369 4622 -
385 4581 407 4644 ¹)
427 4584 470 4632 aul
489 4583 511 4632 ο.
531 4601 554 4632 τ.
567 4583 656 4652 ἐμμελ.
670 4587 882 4655 quatuor-verba
893 4589 1015 4660 primum
1104 4590 1136 4645 11.
1157 4589 1199 4643 Ex
1217 4586 1278 4642 cod.
1298 4585 1387 4640 Palat.
1407 4583 1430 4638 t.
1449 4581 1481 4637 31
1504 4599 1521 4636 a
1546 4589 1645 4655 tergo,
1664 4583 1694 4637 in
1713 4581 1817 4636 Galama

266 4669 370 4722 omiaaa
384 4667 414 4722 in
427 4684 517 4740 marg.
531 4669 593 4724 cod.
613 4671 708 4726 eadem
720 4688 802 4728 mauu
816 4679 1013 4732 restituuntur.
1068 4697 1154 4752 cuper
1172 4675 1304 4750 psalmoa.

301 4755 324 4828 ²)
343 4757 387 4812 01.
407 4757 511 4814 Strom.
526 4774 565 4827 ιν,
579 4775 640 4832 cap.
653 4758 699 4829 28,
712 4780 741 4834 p.
754 4759 809 4818 223
828 4763 905 4821 Pott.
921 4765 1014 4837 Migo.
1104 4769 1150 4824 lll.
1171 4767 1214 4822 Ex
1233 4764 1348 4820 Barber.
1367 4781 1387 4833 ι,
1407 4763 1425 4818 θ
1444 4761 1466 4819 f.
1484 4761 1531 4819 92.

268 4845 336 4902 1325
348 4849 386 4902 B:
401 4851 598 4921 ...συνευχόμενοι
610 4851 815 4924 παραπέμπουσι,
826 4857 868 4907 τὸν
882 4856 959 4925 ἄνδρα
972 4857 1015 4906 ooo
1104 4857 1151 4912 lv.
1173 4855 1215 4910 Ex
1232 4854 1347 4909 Barber.
1367 4868 1395 4920 v,
1418 4850 1447 4905 11
1470 4849 1492 4906 i.
1515 4849 1577 4906 105.

266 4941 309 4990 καὶ
327 4941 363 5008 τῷ
383 4937 749 5012 1ργμμαιιαρ1σαντες·κα1τό
768 4943 858 5016 φύλλον
878 4943 952 4996 αὐτοῦ
972 4943 1016 4996 οιίκ
1104 4947 1140 5003 V.
1160 4945 1201 4998 Ex
1219 4943 1333 4997 Barber·
1352 4955 1373 5007 Ι,
1392 4941 1410 4996 6
1430 4938 1452 4993 f·
1471 4936 1533 5008 1173
1546 4953 1567 5006 1,
1582 4935 1632 4993 158
1646 4936 1667 4992 i.
1690 4933 1751 5006 135,
1765 4937 1813 4992 ubi

267 5027 450 5100 ὰπορῥοῆσιτσι
470 5035 514 5084 τοῦ
533 5033 637 5092 ζωτικοῦ
656 5031 737 5100 Euticu,
757 5035 800 5085 τοῦ
819 5037 886 5085 κατὰ
904 5037 949 5095 τὰς
968 5037 1016 5086 διε·
1069 5041 1162 5090 tamen
1180 5031 1295 5106 Didymo
1314 5030 1404 5104 γνώμη
1425 5030 1584 5084 ascribitur·

267 5117 352 5180 ξόδοιις
372 5119 421 5169 τῶν
446 5120 542 5170 ὑδάτων
565 5120 742 5191 τεθραμμένον.
762 5123 935 5192 Καρποφόροις
958 5124 984 5173 cl
1004 5121 1016 5172 θ
1104 5125 1152 5180 VI.
1173 5121 1216 5178 Ex
1234 5122 1349 5176 Barbcr.
1368 5135 1388 5189 r,
1407 5119 1425 5175 6
1444 5119 1467 5173 f.
1489 5115 1550 5172 119.
1577 5139 1579 5144 ·

267 5207 361 5269 δίκαιος
382 5211 544 5270 ἀπεικάζεται
557 5210 671 5282 δένδροις,
691 5210 717 5263 οὐ
737 5201 810 5280 μόνον
823 5215 873 5271 τοῖς
892 5215 960 5263 κατὰ
971 5211 1016 5267 nlo
1105 5210 1165 5280 Vll,
1183 5209 1255 5282 viii,
1275 5211 1322 5268 lx.
1342 5207 1384 5264 iix
1405 5209 1519 5265 Baiter.
1539 5221 1567 5277 v,
1590 5203 1664 5263 181.
1688 5205 1730 5261 lt.
