3978 6086
738 535 908 602 SANCTUS
928 530 1103 604 liillNAEUS
1636 541 1691 606 189

145 694 348 762 Consentiunt
361 708 463 757 omnes
476 688 616 767 editores,
632 686 764 753 eamdem
779 705 843 754 esse
855 688 943 754 trium
958 690 1089 757 codicum
1109 709 1198 777 quam
1223 691 1323 758 dicunt
1341 693 1494 775 familiam,
1510 694 1703 780 eamdemque

144 799 308 865 eommunis
318 807 400 863 onus
414 795 540 862 indolem
552 813 559 872 ;
572 793 721 860 abeodem
735 813 806 877 ergo
820 812 870 861 eos
884 813 939 878 ago
953 795 1037 864 iacile
1049 797 1222 865 crediderim
1236 797 1387 866 derivatos
1399 799 1558 885 exemplari
1569 810 1699 884 vetusto,

146 907 272 972 tortasse
292 903 496 988 Lugdunensi.
513 903 534 985 ¹)
718 982 724 992 Ι

188 1012 298 1081 terum
319 1010 472 1077 enimvero
492 1009 550 1074 alia
570 1009 673 1074 elassis
686 1016 740 1085 eet,
754 1007 897 1075 hactenus
910 1009 1023 1093 ignota,
1038 1009 1118 1095 quod
1131 1029 1187 1094 ego
1207 1010 1308 1090 miror,
1325 1031 1416 1096 quum
1436 1013 1468 1096 in
1487 1011 1544 1079 bac
1563 1012 1630 1082 luce
1642 1015 1701 1082 ao-

144 1134 234 1185 mana
254 1117 419 1204 splendeat.
441 1117 516 1182 Ecce
537 1114 625 1194 enim
641 1133 694 1200 pro
708 1131 760 1182 sua
780 1116 813 1181 in
833 1117 920 1182 rebus
940 1116 1014 1183 raris
1034 1116 1123 1183 solitd
1139 1121 1302 1204 opulentia,
1324 1119 1405 1189 baud
1425 1122 1578 1206 pauciores
1597 1133 1699 1191 nostra

147 1224 295 1292 tenena
314 1241 404 1309 quam
424 1227 553 1309 quatuor
571 1221 689 1293 codices
708 1223 845 1308 religiose
870 1233 986 1306 meast,
1008 1224 1151 1310 Yomiono
1170 1226 1371 1311 antiquiores,
1392 1228 1509 1294 cacteris
1528 1228 1700 1313 integritate

146 1349 245 1416 pares,
266 1332 388 1411 nitidos,
409 1333 522 1417 pierres,
545 1332 620 1398 beul
644 1331 767 1398 nimium
789 1332 924 1399 intactos.
938 1332 1085 1418 Equidem
1097 1332 1252 1400 suboluere
1271 1332 1411 1415 Maamni,
1433 1353 1525 1401 unum
1540 1335 1646 1402 salem
1668 1336 1699 1401 in

147 1440 227 1506 Urbe
239 1438 369 1505 oodioam
380 1439 523 1518 extitisse,
537 1437 623 1522 cujus
635 1439 795 1505 nonnullas
807 1440 972 1507 uarietates
985 1440 1170 1526 decerpserat
1182 1439 1326 1506 Latinius.
1345 1465 1359 1502 ι
1373 1441 1430 1508 Sed
1439 1442 1508 1526 jam,
1522 1441 1618 1526 inquit
1629 1462 1700 1509 mm

148 1564 250 1614 »rens
271 1565 308 1614 ac
326 1545 406 1612 male
425 1545 599 1630 desperatus
618 1544 798 1627 liassuetus,
813 1545 865 1612 sed
882 1546 944 1631 jam
958 1546 990 1612 in
1004 1547 1055 1612 illa
1068 1546 1249 1614 bibliotheca
1268 1546 1443 1627 desiderari,
1465 1556 1527 1614 tum
1546 1567 1581 1615 ex
1596 1548 1698 1633 linqui

151 1677 166 1710 a
185 1669 252 1718 eam
265 1649 425 1735 diiigenter
440 1650 662 1735 perlustmront,
676 1660 738 1718 tum
753 1669 790 1717 ex
804 1651 963 1719 amicorum
977 1652 1083 1720 litteris
1096 1654 1207 1738 accepi.
1223 1677 1238 1715 o
1255 1653 1325 1719 Na!
1349 1660 1452 1724 noster
1465 1655 1597 1722 llenatus
1617 1675 1700 1740 egre-

144 1759 197 1841 gie
216 1757 357 1842 deceptus
376 1765 438 1838 cst;
460 1756 557 1842 pigri,
578 1756 734 1842 diligentes
756 1758 973 1844 exploratores3
995 1759 1154 1826 amicorum
1179 1760 1293 1843 littere,
1315 1762 1481 1830 mendaces.
1504 1762 1547 1828 lio
1566 1771 1699 1829 actutum

145 1875 289 1947 tempore,
312 1880 370 1948 quo
389 1861 441 1929 ille
460 1861 613 1946 ingemuit,
633 1872 768 1931 accurata
790 1865 958 1960 εὑρητάρια
983 1873 1014 1932 et
1040 1865 1168 1951 catalogi
1195 1867 1334 1952 pingues,
1356 1869 1406 1953 qoi
1433 1866 1531 1934 adbuc
1555 1887 1651 1952 grance
1670 1879 1702 1936 et

146 1967 241 2034 btine
260 1974 403 2051 prostant,
425 1966 500 2033 dnos
520 1967 623 2033 mitem
643 1977 674 2036 et
693 1980 794 2054 aperte
814 1971 920 2037 lrenasi
940 1971 1055 2039 codices
1073 1973 1283 2056 significabant
1301 1974 1378 2040 inter
1396 1983 1512 2042 veteres
1526 1974 1713 2055 latimnos,

143 2073 255 2158 quibus
274 2072 353 2141 baud
373 2075 467 2141 multo
487 2084 554 2160 post
574 2093 721 2143 ameswre
741 2077 800 2144 duo
819 2078 1021 2146 Ottobouiani.
1036 2081 1059 2163 ²)

185 2183 330 2266 agedum,
351 2201 450 2269 opera
469 2193 534 2251 esto
553 2185 681 2270 pretium
698 2185 752 2250 bos
771 2194 898 2270 quotuor
917 2186 1031 2254 codices
1051 2187 1198 2256 Romanos
1216 2189 1367 2273 sigillatim
1381 2187 1556 2271 describere,
1573 2207 1696 2274 quorum

144 2292 202 2355 etsi
214 2290 304 2356 nolim
317 2291 441 2358 nimium
454 2309 634 2377 exaggerare
647 2291 757 2374 laudes,
769 2311 822 2359 eos
837 2293 989 2360 tamenab
1004 2293 1113 2379 iniqua
1122 2293 1279 2362 oblivionis
1288 2295 1397 2380 injurie
1407 2294 1583 2364 vindicandi
1597 2312 1695 2362 meum

148 2414 258 2462 munus
277 2405 333 2476 est,
352 2408 382 2464 et
402 2399 517 2465 occasio
536 2409 634 2482 urget.

193 2504 272 2586 buo,
288 2505 355 2574 liat.
370 2505 441 2588 188,
456 2505 557 2572 0ttob.
574 2507 644 2586 tas,
654 2508 831 2575 membranei
843 2519 914 2574 sunt
925 2527 933 2591 ;
945 2509 1014 2592 dno,
1026 2527 1166 2595 pannosa
1176 2508 1298 2591 oborta,
1314 2509 1380 2575 lat.
1398 2507 1697 2589 tat,0aob.11ttt;

149 2621 265 2678 tautum
285 2612 362 2678 intra
382 2612 491 2681 limites
507 2613 606 2680 secui
620 2613 670 2683 XV
690 2626 816 2700 quatuor
829 2617 1026 2699 continentur,
1042 2618 1101 2684 nisi
1115 2618 1239 2684 tortasse
1252 2636 1328 2684 unus
1341 2615 1429 2701 paulo
1442 2615 1532 2681 altius
1545 2612 1694 2680 ascendat.

150 2721 176 2785 b
199 2719 360 2790 cbartaceis
379 2720 584 2789 humilioribus
611 2723 730 2808 incipio,
753 2742 829 2808 quos
847 2724 965 2790 catenis
985 2732 1085 2807 putem
1104 2726 1276 2805 anteriores,
1301 2722 1373 2810 quin
1395 2731 1491 2790 tamen
1510 2731 1590 2788 retro
1609 2719 1697 2787 finem

147 2827 246 2894 seculi
267 2827 372 2894 decimi
393 2829 490 2914 quarti
511 2830 635 2896 multum
656 2833 921 2914 transgrediantur.

186 2934 216 3000 Is
236 2936 348 3020 primus
368 2937 527 3006 Vadmnus
546 2947 601 3022 est,
624 2940 680 3004 sub
700 2957 782 3006 num.
805 2940 863 3006 187
884 2939 1052 3024 inscriptus,
1071 2939 1188 3006 ceteris
1208 2939 1313 3019 minor,
1338 2947 1397 3004 tam
1416 2956 1454 3005 aa
1474 2935 1645 3021 angustiore
1663 2945 1696 3002 et

149 3042 252 3111 viliore
273 3044 387 3124 oborta,
405 3062 494 3125 quam
508 3045 587 3113 tenui
602 3055 708 3113 ornatu
723 3057 754 3114 et
766 3047 921 3115 subtiliore
935 3047 1111 3115 charactere.
1126 3047 1276 3132 Scriptura
1290 3056 1389 3114 autem
1403 3047 1498 3126 lirma,
1513 3044 1621 3122 nitida,
1634 3043 1695 3110 sibi

151 3163 302 3233 conamus,
317 3153 394 3220 baud
408 3153 540 3236 modicis,
557 3155 610 3222 sed
625 3155 766 3239 legitimis
780 3155 933 3239 perstricta
947 3156 1145 3240 compendiis;
1162 3174 1235 3240 opus
1249 3156 1363 3224 modico
1377 3163 1495 3239 sumptu
1515 3153 1693 3231 absolutum,

147 3268 180 3324 nt
193 3261 281 3328 decet
292 3261 471 3328 emditorum
485 3262 587 3345 libros,
602 3265 694 3331 studii
710 3283 811 3344 causa,
827 3283 887 3331 non
901 3283 1017 3350 pompat
1031 3265 1126 3331 instar
1137 3273 1190 3330 aut
1202 3263 1358 3347 elegantiae
1371 3263 1467 3348 gratio
1487 3261 1691 3327 concinnatos.

146 3367 203 3446 Qui
219 3368 300 3434 nulla
322 3370 381 3436 iere
400 3369 510 3436 sobolis
531 3389 627 3438 secum
648 3373 713 3454 lert,
736 3372 788 3439 sed
810 3372 911 3438 eadem
927 3389 1015 3438 manu
1030 3369 1139 3457 passim
1158 3381 1190 3437 et
1209 3370 1332 3437 solerter
1347 3369 1535 3449 emendatnr;
1557 3368 1695 3452 qnodque

148 3476 345 3563 maximopere
360 3479 521 3545 noandum
535 3487 591 3560 est,
607 3481 746 3545 nonnulla
760 3479 892 3546 auctario
906 3479 964 3545 buc
977 3479 1048 3546 illuc
1060 3481 1167 3565 rejecta
1180 3481 1210 3546 iu
1221 3478 1380 3562 margines,
1394 3476 1510 3560 integra
1523 3475 1695 3560 plerumque

149 3594 304 3652 transeunt
319 3587 348 3652 in
363 3595 536 3673 perpetuom
552 3598 682 3656 tenorem
697 3597 879 3671 cateromm,
895 3597 930 3654 ut
942 3596 1001 3653 tres
1015 3605 1101 3671 porro
1114 3587 1165 3653 alii
1179 3587 1337 3655 rideantur
1349 3594 1400 3652 aut
1419 3585 1458 3650 ab
1479 3584 1534 3650 boc
1554 3584 1693 3667 descripti

144 3704 176 3760 et
190 3695 349 3777 emendati,
365 3707 418 3762 aut
429 3697 468 3762 ab
480 3697 582 3764 eodem
595 3695 755 3782 archetypo
769 3695 929 3775 integriore
942 3694 1080 3762 derivati.
1096 3694 1252 3761 destitisse
1266 3693 1423 3778 antiquum
1435 3691 1593 3776 exemplar,
1605 3690 1693 3757 etiam

146 3801 321 3886 significant
342 3804 465 3872 barbara
486 3804 621 3890 quadam
641 3822 737 3887 pace
757 3802 880 3887 scripto,
899 3802 949 3866 ubi
970 3811 1129 3887 supersunt
1146 3801 1274 3886 uestigia
1294 3801 1412 3886 apicum
1431 3798 1600 3866 uncialium.
1617 3799 1644 3882 ³)
1666 3798 1696 3862 ls

147 4055 216 4110 ranii
235 4056 442 4123 commentatio,
462 4055 539 4128 Lips.
562 4054 640 4124 tarr,
660 4072 741 4127 quana
754 4059 892 4130 peretola·
947 4057 1071 4124 reantur,
1091 4057 1234 4107 merentur
1251 4057 1343 4107 autem
1368 4053 1508 4122 exiguam.
1521 4075 1534 4097 s
1555 4051 1622 4106 Post
1641 4050 1694 4106 duo

146 4141 188 4196 xit
206 4143 328 4213 ejusdam
347 4144 379 4198 ad
400 4145 533 4200 Irenaeum
552 4145 694 4218 praelatio,
713 4149 741 4201 in
761 4161 824 4219 cap.
843 4161 892 4204 pn.
948 4141 1062 4212 saecula,
1076 4143 1231 4199 Stierenias
1249 4143 1349 4196 iterum
1368 4146 1504 4196 memoret
1516 4140 1693 4196 chartaceum

183 4231 209 4307 ¹)
230 4231 395 4304 Lugdunum
415 4251 502 4306 usque
521 4234 598 4290 duoit
616 4233 692 4290 Flori
711 4234 846 4307 prologus
864 4235 893 4289 in
949 4233 1176 4300 Ottobonianum,
1196 4236 1224 4286 et
1242 4231 1353 4285 statim:
1368 4229 1448 4284 «Ubi
1461 4246 1533 4284 nunc
1549 4228 1694 4284 delitescat

145 4320 346 4378 Arundeliano.
361 4322 439 4378 Haud
452 4322 550 4395 procul
563 4340 581 4377 a
592 4323 728 4396 Lugduno
740 4323 894 4378 Vossianus
947 4323 1043 4394 codex,
1064 4323 1195 4376 nescios
1215 4318 1322 4376 Praefert
1339 4337 1402 4392 cap.
1422 4335 1442 4387 r,
1462 4318 1491 4374 n.'
1509 4317 1537 4373 3.

145 4412 268 4481 migrare
288 4413 383 4483 coepit,
397 4428 481 4483 quum
500 4413 622 4484 primum
634 4411 781 4485 pertinuit,
795 4413 823 4465 in
836 4428 892 4466 sae-
985 4412 1008 4476 ³)
1028 4413 1136 4468 Norunt
1154 4411 1248 4484 periti,
1266 4409 1327 4464 baec
1346 4413 1470 4464 monstra
1488 4424 1549 4461 esse
1568 4407 1645 4461 intus
1665 4412 1694 4462 st

144 4497 207 4555 culo
225 4501 288 4569 XV,
302 4499 336 4554 ad
350 4500 464 4557 fratrem
479 4501 657 4556 Laurentium
671 4503 785 4558 Buretli
803 4519 822 4555 a
841 4503 894 4558 Ds'-
947 4508 1010 4557 cute
1029 4501 1257 4574 introspicienda,
1276 4503 1333 4555 tam
1355 4503 1387 4554 ut
1404 4499 1437 4553 de
1456 4501 1539 4554 aetate
1564 4511 1646 4569 quam
1665 4502 1695 4552 st

145 4593 235 4658 aione,
246 4587 555 4656 cemettanummeae
566 4591 893 4663 epigrapbsaStierenio
947 4591 981 4645 de
1000 4606 1072 4645 nexu
1092 4595 1121 4645 at
1139 4588 1344 4644 necessitudine
1362 4587 1486 4643 codicum
1505 4588 1629 4640 vetarunt
1648 4583 1694 4638 di-

145 4675 249 4748 pnblici
265 4679 340 4749 juris
353 4676 438 4733 facta.
452 4679 561 4744 Quidni
575 4679 776 4735 Caribusiauus
795 4680 892 4746 codex,
944 4679 1097 4751 judicetur,
1116 4695 1201 4750 quum
1219 4675 1328 4734 soleant
1344 4675 1454 4732 librarii
1472 4675 1533 4730 haec
1551 4671 1696 4729 horridula

145 4770 285 4839 utsupra,
299 4757 383 4822 etiam
395 4766 463 4822 olim
477 4766 564 4823 fuerit
576 4767 782 4839 Lugdunensis,
796 4772 893 4841 postea
948 4783 1022 4822 caeco
1043 4766 1151 4823 calamo
1169 4765 1360 4839 persingulas
1379 4765 1474 4838 apices
1492 4764 1526 4818 ab
1544 4763 1695 4836 archetypo

145 4851 390 4927 claromontanus,
410 4873 483 4912 nunc
507 4855 747 4912 Mediomontanus
772 4857 894 4930 (Miridla
947 4857 976 4909 in
989 4855 1164 4927 autographa
1172 4854 1321 4926 deglutire.
1332 4855 1414 4909 Forte
1425 4869 1493 4926 ergo
1506 4851 1618 4908 fortuna
1629 4868 1695 4907 con·

147 4943 239 5018 attat
257 4947 306 5000 sed
325 4945 397 5002 alius
416 4946 526 5001 ridetur
537 4947 572 5000 ob
585 4945 731 5018 epistolam
745 4947 893 5018 Agobaodi·
948 4945 1025 5017 tigit,
1035 4948 1067 5000 ut
1078 4944 1131 4999 dno
1144 4961 1253 5014 sersus,
1266 4943 1378 4999 Hesiodi
1393 4959 1475 5012 unm,
1485 4940 1559 4998 alter
1570 4941 1693 5014 Homeri,

181 5031 205 5096 ⁹)
225 5033 318 5088 Etiam
331 5039 429 5088 acutus
442 5033 566 5088 Renatus
584 5032 719 5088 olfecerat
735 5033 840 5105 aliquid
859 5053 892 5089 ex
948 5050 1103 5106 peromues
1115 5033 1214 5089 lrenaei
1226 5033 1336 5089 codices
1353 5032 1519 5088 transierint
1538 5047 1640 5103 graece,
1655 5032 1695 5085 ita

147 5123 350 5193 Ottobonianis,
370 5122 418 5177 sed
437 5140 525 5194 pauca
543 5139 605 5194 quae
630 5122 805 5194 odorabatur,
830 5140 893 5178 ecce
943 5125 1057 5195 jubente
1076 5124 1169 5194 priseo
1188 5123 1356 5193 interprete,
1377 5122 1425 5192 qui
1444 5125 1473 5175 et
1491 5135 1601 5192 graacrm
1624 5118 1691 5174 mibi

146 5225 227 5281 quana
247 5209 356 5265 adunco
375 5226 442 5265 naso
461 5211 585 5281 respuit,
605 5227 689 5281 quum
707 5216 818 5266 moneat
835 5209 893 5266 lec·
947 5211 1095 5267 manifesto
1115 5211 1179 5266 iuit.
1199 5210 1318 5264 Exstant
1336 5209 1389 5264 duo
1408 5226 1505 5265 versam
1524 5210 1552 5262 in
1572 5207 1643 5262 libro
1662 5221 1692 5259 n.

145 5305 230 5366 tores,
254 5324 266 5348 a
280 5315 315 5355 ne
333 5297 392 5356 illis
411 5299 474 5375 plus
499 5301 562 5358 fidei
583 5301 716 5372 tribuant,
732 5317 815 5374 quam
834 5317 893 5356 rue-
950 5303 1032 5359 Prior
1050 5303 1081 5357 in
1099 5319 1161 5376 cap.
1181 5315 1240 5368 ιιι,
1260 5317 1288 5354 u.
1307 5297 1692 5368 2tMasruat.14ii,Harrey,
1713 5307 1717 5312 ·
