4038 6088
964 463 1158 532 oolooltos

925 756 1095 831 Ροοίικαο
1117 755 1189 829 XI.

327 994 358 1039 v.
382 974 411 1036 l.
437 973 541 1039 Σῶσόν
566 994 616 1061 με,
639 970 748 1060 Κίιριε,
773 971 823 1036 ὅτι
846 969 1026 1036 ἐκλέλοιπεν
1122 986 1153 1033 v.
1178 971 1207 1032 2.
1233 968 1357 1034 Saluum
1376 988 1420 1034 me
1443 971 1514 1053 soc,
1536 971 1674 1054 omme,
1698 976 1834 1057 quoniam

284 1081 377 1167 ὅσιος,
393 1082 443 1146 ὅτι
458 1077 664 1172 ὡλιγώθησαν
682 1084 715 1142 orl
732 1076 876 1154 ἀλήθειαι
889 1077 951 1142 ἀπδ
966 1085 1029 1141 τῶν
1083 1073 1178 1158 deficit
1195 1082 1322 1156 εαιιείκε,
1339 1078 1477 1160 quonium
1490 1081 1652 1145 imminutae
1671 1087 1739 1146 root
1756 1083 1832 1147 oeri-

283 1193 356 1253 υίῶν
379 1197 445 1252 τῶν
467 1185 643 1277 ἀνθρώπων.
671 1183 760 1250 Vatir.
784 1203 814 1267 p.
837 1184 907 1261 θθθ,
931 1184 961 1260 1.
1084 1185 1155 1248 roos
1176 1201 1196 1248 o
1215 1183 1284 1267 filiis
1302 1187 1458 1250 homiuum.

327 1287 453 1371 Ἐπειδὴ
479 1288 651 1362 κινδυνεύει
674 1307 732 1371 τῆς
761 1293 909 1370 ἀληθείας
933 1297 1032 1359 ἀπεσ-
1124 1289 1370 1375 Quandoquidem
1390 1292 1552 1376 periculum
1573 1303 1633 1375 eut,
1656 1313 1694 1360 ue
1713 1294 1833 1360 exstin-

283 1395 433 1478 θεαθῆναι
455 1403 494 1468 τδ
510 1403 660 1494 χάρισμα,
678 1407 707 1466 οί
722 1401 777 1490 μὲν
794 1403 872 1465 ὅσιοι
895 1401 1053 1495 ἑκλέλοι·Ι
1084 1407 1193 1477 guntur
1213 1399 1321 1464 douum
1342 1401 1488 1479 veritatis,
1517 1410 1579 1467 tum
1605 1403 1699 1467 suncti
1719 1403 1834 1469 delere-

282 1532 359 1596 πον,
384 1514 417 1573 uri
448 1500 482 1573 δὲ
506 1507 652 1584 ἀλήθειαι
675 1505 892 1600 ὡλιγιίιθησαν·
916 1511 972 1571 οὒκ
999 1509 1030 1569 ἐν
1084 1511 1170 1582 runt,
1192 1510 1255 1568 tum
1276 1504 1416 1570 veritates
1437 1506 1599 1571 imminutre
1623 1515 1709 1573 sunt:
1729 1525 1835 1574 verum

283 1626 348 1691 τοῖς
371 1617 464 1691 ὁσίοις
489 1615 592 1704 μόνοις
616 1620 648 1678 αἱ
672 1612 826 1691 ἀλήθειαι,
843 1614 897 1679 καί
912 1617 942 1678 έν
966 1622 1031 1687 τοῖς
1084 1623 1180 1690 neque
1199 1607 1230 1672 iu
1251 1609 1322 1673 solis
1342 1610 1453 1674 sonoris
1474 1612 1613 1677 veritates
1633 1622 1716 1691 suut,
1738 1630 1834 1694 neque

284 1721 431 1795 ἀληθέσιν
454 1721 627 1798 ήὸσιότης.
645 1720 685 1786 Ἣ
700 1713 807 1795 ἐπειδὴ
826 1725 855 1786 oi
878 1721 956 1784 ὅσιοι
979 1723 1032 1784 ἐκ·
1085 1712 1116 1778 iu
1136 1713 1208 1778 solis
1229 1715 1309 1782 reris
1329 1715 1495 1782 hominibus
1515 1718 1665 1783 sanctitum
1683 1717 1747 1797 Vel,
1765 1717 1833 1784 ideo

283 1829 476 1908 λελείπασιν,
494 1819 546 1895 διὰ
560 1839 657 1894 τοῦτο
677 1827 882 1921 ὠλιγώθηταν
906 1833 939 1891 orl
955 1826 1033 1899 ἀλή-
1084 1821 1163 1903 quod
1187 1823 1280 1886 sancti
1308 1823 1490 1901 domuerunt,
1510 1834 1665 1909 propterea
1693 1825 1836 1892 veritates

283 1933 372 2001 θειαι·
394 1936 449 2001 καί
470 1936 558 2025 τάχα
581 1940 601 2009 ri
620 1935 728 2012 σπάνις
744 1946 807 2001 τῶν
829 1937 920 2000 ὁσίων
945 1936 1032 1999 αἰτία
1084 1926 1247 1992 imminutor
1261 1937 1339 1993 suut.
1356 1929 1394 1994 Et
1409 1931 1532 1998 tortasse
1546 1941 1712 1997 sanctorum
1726 1932 1832 1998 toritas

284 2043 396 2136 γέγονε
418 2053 481 2107 τῶν
505 2046 631 2108 πολλῶν
654 2043 810 2134 alpicum,
1083 2024 1174 2099 eausa
1185 2033 1240 2099 luit
1253 2053 1305 2100 our
1319 2035 1452 2118 plurimae
1467 2038 1593 2103 lraereses
1609 2038 1830 2122 pullulaverint.

329 2167 361 2212 ν.
376 2149 404 2211 6.
418 2147 497 2214 Ἀπὸ
510 2158 567 2225 τῆς
581 2151 795 2239 ταλαιπωρίας
807 2159 870 2214 τῶν
885 2158 1033 2237 πτωχῶν,
1126 2156 1158 2203 V·
1182 2140 1211 2204 6·
1228 2139 1353 2224 Propter·
1372 2143 1517 2207 moutam
1530 2143 1646 2228 inopum
1661 2149 1689 2207 εί
1699 2145 1834 2226 pruritum

284 2255 338 2323 καί
361 2254 423 2320 ἀτδ
446 2265 503 2319 τοῦ
527 2263 706 2347 στεναγμοῦ
722 2264 785 2319 τῶν
801 2254 957 2331 πενήτων,
981 2263 1033 2316 νῦν
1086 2261 1258 2328 pauperum,
1270 2265 1344 2311 κυιισ
1355 2266 1520 2330 coronopum,
1533 2249 1604 2314 dieii
1612 2249 1763 2315 Dominus.
1776 2250 1835 2316 Po·

285 2365 515 2452 ἀναστήσομαι,
532 2362 619 2454 λέγει
635 2361 754 2452 Κύριος·
770 2361 906 2450 θήσομαι
929 2367 960 2426 ἐν
977 2385 1036 2426 σω-
1086 2369 1156 2417 Mtll
1177 2354 1209 2417 θλ
1228 2353 1355 2418 solutori
1361 2377 1372 2436 ;
1391 2357 1562 2439 fiducialiter
1581 2375 1669 2440 apum
1688 2363 1720 2422 irr
1740 2378 1782 2423 σο.

284 2471 390 2561 τηρίᾳ,
414 2469 669 2561 παρρησιάσομαι
691 2471 722 2533 έν
747 2473 841 2554 αὐτῷ.

329 2575 402 2641 ’Eoo
426 2579 461 2641 ἐκ
484 2585 543 2652 τῆς
566 2577 778 2666 ταλαιπωρίας
807 2585 871 2642 τῶν
897 2585 1034 2665 πτωχῶν
1130 2568 1168 2633 St'
1191 2576 1310 2653 propiet·
1335 2572 1483 2635 miseriam
1507 2575 1624 2657 inopom
1650 2580 1679 2637 et
1700 2575 1833 2658 punitum

286 2689 338 2745 νῦν
363 2681 593 2770 ἀναστήσομοιι,
619 2682 713 2772 φησί,
735 2682 822 2775 λέγει
846 2683 965 2773 Κύριος,
988 2684 1034 2759 σίς
1085 2677 1349 2759 pauperumdiuit,
1360 2697 1435 2742 κυκα
1448 2697 1611 2763 eururpom,
1626 2680 1668 2746 uit
1681 2680 1832 2762 Dominus,

287 2786 492 2874 ἀνιστάμενον
506 2791 541 2852 οὐ
554 2778 691 2853 δέδοικεν
706 2789 831 2880 Κύριον;
843 2792 913 2854 Καί·
925 2789 1037 2855 Ἀνάσ-
1089 2783 1155 2866 quis
1176 2802 1234 2848 11⁰ss
1249 2784 1374 2867 pavebit
1385 2786 1423 2851 fid
1437 2796 1640 2866 elsurssssflieffl
1654 2788 1835 2853 D⁰ffii¹1¹¹ffli

285 2891 371 2972 τηθι,
396 2893 488 2984 Κύριε
512 2898 528 2958 ὁ
553 2893 630 2971 Θεάς
655 2919 724 2984 μου,
747 2893 899 2986 ὑψώθητς
922 2896 1036 2962 Ἀπευ-
1088 2901 1120 2956 et
1130 2892 1168 2957 ad
1178 2891 1262 2956 illud:
1281 2893 1452 2977 «Exsurge,
1466 2894 1601 2973 Domine,
1611 2896 1691 2961 Deus
1701 2915 1792 2976 meus,
1805 2906 1835 2962 et

287 2994 415 3090 ἰώμεθα
438 3000 499 3075 τήν
515 3002 668 3076 τοιαύτην
684 2999 810 3092 ὕψεσιν,
825 3005 879 3069 καί
896 3003 939 3094 μή
967 3007 1037 3089 poo-
1088 2997 1835 3086 exultaturi»Dopreoemursiruilemexultationem,

286 3106 433 3197 ληθῶμεν
450 3099 524 3174 ίδεῒν
541 3109 748 3199 ἐπαιρομένην
764 3122 854 3202 χεῖρα
869 3110 954 3177 κατὰ
972 3121 1035 3178 τῶν
1089 3123 1301 3192 careamusque
1315 3127 1352 3175 ue
1366 3110 1536 3176 iutueamur
1548 3127 1680 3192 manum,
1692 3131 1781 3197 quom
1793 3120 1837 3176 ut·

289 3214 511 3294 ἀπειθοθντων,
536 3215 585 3281 ἔτι
605 3217 659 3281 καί
683 3221 805 3306 μᾶλλον
829 3219 1037 3310 ἐπαρωμένην
1091 3215 1168 3280 tollit
1181 3213 1326 3281 adversus
1340 3215 1522 3283 incredulos:
1538 3229 1649 3303 quanto
1663 3219 1757 3303 mugio
1772 3237 1837 3285 eum

287 3333 352 3399 τοῖς
376 3322 604 3414 σκληροτέρας.
621 3323 683 3389 Καὶ
706 3329 762 3390 σὺν
782 3325 955 3392 ἐπελάθετο
978 3339 1037 3404 τῆς
1091 3321 1281 3388 formidemus
1300 3323 1468 3389 durioribus
1488 3326 1658 3411 impactum.
1680 3330 1721 3394 At
1746 3348 1836 3395 «nou

287 3438 425 3518 κραυγῆς
447 3438 510 3492 τῶν
533 3431 700 3517 πενήτων,
723 3431 777 3496 καί
800 3437 856 3504 οὐκ
881 3439 922 3510 εἰς
945 3433 1037 3510 τέλος
1090 3436 1136 3493 est
1154 3428 1266 3494 oblitus
1286 3430 1441 3497 clamorem
1462 3431 1598 3518 inopum,
1622 3453 1676 3500 neo
1696 3436 1725 3499 iu
1748 3435 1835 3501 finem

288 3534 516 3610 ἐπιληθήσεται
538 3541 555 3600 ὁ
579 3538 715 3629 πτωχός.
734 3538 774 3604 Ἣ
796 3541 850 3605 καί
872 3543 979 3618 οὕτως·
1008 3548 1037 3607 οἱ
1090 3554 1183 3619 usque
1196 3536 1307 3603 oblivio
1321 3539 1556 3624 oritpouporis.»
1570 3529 1622 3611 'Vol
1634 3543 1724 3607 etium
1741 3545 1771 3608 irr
1783 3544 1837 3608 hoo

288 3641 413 3731 πτωχοί
436 3633 474 3706 δι’
499 3641 554 3731 ἐμὲ
576 3642 630 3707 καί
652 3644 786 3722 πένητες
802 3647 968 3738 γεγονότες
990 3657 1037 3732 τῷ
1089 3646 1244 3729 seusmqui
1257 3655 1374 3728 propter
1385 3665 1431 3712 me
1441 3649 1543 3730 inopes
1558 3651 1586 3728 [o
1598 3641 1677 3728 Fili],
1689 3659 1720 3715 et
1731 3651 1837 3732 spiritu

290 3755 333 3829 τῷ
357 3747 524 3835 πνεύματι,
543 3748 700 3814 στένουσιν
718 3751 767 3816 ἀεί
789 3753 1036 3842 ταπεινούμενοι,
1091 3761 1160 3834 tuo,
1182 3771 1328 3836 pauperes
1349 3755 1429 3833 lacti,
1456 3755 1652 3838 ingemiscunt
1670 3776 1786 3841 semper
1807 3759 1837 3823 iu

289 3851 497 3943 προσέχοντές
513 3878 581 3943 Ιριου
598 3865 643 3939 τῷ
666 3855 762 3948 λόγῳ,
778 3857 831 3922 καί
853 3859 958 3925 πίστιν
983 3865 1039 3926 ἀκ-
1091 3856 1293 3939 oppressione,
1308 3856 1401 3922 verbo
1414 3858 1611 3939 meodootter,
1623 3859 1838 3944 fidemqueser·

289 3962 359 4035 λινῆ
386 3952 600 4041 διασώζοντες·
622 3957 664 4028 ὧν
688 3964 790 4031 ἕνεκεν
807 3969 1036 4059 ἀναστήσσμαι,
1090 3969 1197 4027 rentes
1216 3961 1411 4030 immobilem:
1431 3964 1537 4031 horum
1555 3965 1650 4048 gratio
1671 3983 1839 4049 exsurgam,

289 4068 343 4133 καί
365 4065 451 4134 κατὰ
480 4069 518 4134 τθ
549 4069 683 4161 πρέπον,
707 4083 748 4159 τῇ
774 4076 834 4162 ἐμῇ
868 4075 1038 4143 ἀναστάσει
1089 4079 1120 4136 ot
1140 4071 1453 4152 resurrectionem,
1475 4082 1615 4158 quantum
1636 4074 1757 4158 dignum
1778 4085 1836 4158 est,

290 4176 448 4266 σωτηρίαν
473 4173 611 4266 θήσομαι
633 4187 726 4244 πᾶσιν
751 4179 930 4271 ἀνθρώποις.
1090 4197 1197 4263 ponam
1218 4178 1344 4246 salutem
1365 4179 1500 4246 omnibus
1519 4181 1701 4248 mortalibus.

334 4299 367 4345 r.
390 4281 421 4361 8,
444 4282 473 4345 9.
497 4283 551 4363 Σὺ,
573 4284 675 4375 Κύριε,
699 4280 845 4375 φυλάξεις
867 4295 961 4379 ἡμᾶς,
985 4295 1038 4359 καὶ
1130 4299 1162 4348 v.
1186 4284 1217 4364 8,
1239 4285 1269 4349 o.
1290 4285 1344 4362 Τιι,
1360 4284 1491 4368 Domum,
1512 4289 1642 4353 servolis
1661 4306 1724 4370 mor,
1744 4295 1773 4352 et
1789 4308 1838 4353 cu-

290 4381 492 4479 διατηρήσεις
514 4396 627 4480 ἡμᾶς...
651 4391 764 4475 Κύχλῳ
788 4398 817 4458 οἱ
840 4388 961 4472 &egesip
982 4419 1039 4462 πε.
1090 4391 1197 4454 studies
1216 4409 1305 4456 1108...
1328 4391 1367 4456 Jll
1386 4393 1509 4457 cicuitu
1527 4393 1609 4476 impii
1627 4393 1785 4460 ίάίηάίίίίίίίί.

292 4507 481 4585 ριποιτοῦσιν.
1091 4577 1098 4584 1

334 4597 461 4679 Ἐπειδὴ
480 4609 496 4669 ὁ
513 4605 626 4682 κύκλος
642 4615 683 4692 τῇ
702 4604 804 4693 εὐθείᾳ
820 4609 955 4686 ἐναντίος
971 4609 1039 4676 ἐστί
1078 4638 1082 4644 ’
1131 4604 1277 4684 Quouium
1289 4607 1416 4673 oiroulus
1427 4608 1775 4675 rectitudiuietliometro
1785 4626 1838 4693 op·

290 4710 375 4778 κατὰ
397 4711 457 4786 τήν
481 4712 676 4784 σκολιότητα
699 4712 753 4777 καί
769 4712 938 4794 εὐθύτητα,
954 4721 984 4780 oi
1004 4709 1039 4784 δὲ
1091 4716 1222 4798 ponitur,
1243 4717 1322 4781 siout
1343 4717 1514 4782 tortuositas
1528 4717 1673 4800 aequitoti,
1689 4735 1838 4802 quumque

291 4813 412 4895 ἀοεάεῖς
428 4817 533 4904 κίκλῳ
545 4829 777 4910 περιπατοῦσιν,
790 4825 819 4885 ot
831 4813 966 4900 εὐσεάεῖς
978 4823 1038 4914 ἀρα
1091 4821 1123 4886 iu
1143 4820 1268 4887 circuitu
1288 4821 1369 4904 impii
1387 4823 1548 4904 umbuleut,
1563 4841 1635 4906 ergo
1645 4823 1717 4905 iusti
1735 4823 1838 4888 umbu-

291 4927 409 4994 εὺθείαν
432 4938 646 5019 περιπατοῦσι.
663 4926 720 4993 Διά
743 4927 837 4994 τοῦτο’
861 4952 947 5019 φησι·
971 4935 1038 4996 Φυ-
1091 4927 1195 4994 loutiu
1208 4930 1259 4996 viu
1275 4939 1364 4996 recto.
1378 4930 1521 5010 Quocirca
1535 4931 1595 4999 uit:
1612 4931 1760 4998 Grutuoieo
1772 4949 1835 5011 ooo,

328 5105 375 5159 Ρε.
395 5105 447 5172 XI,
465 5123 493 5161 ο.
512 5103 539 5162 2.
557 5106 623 5160 Vat.
648 5103 687 5161 16.
1127 5127 1155 5164 ο.
1169 5108 1197 5178 8,
1210 5109 1237 5165 9.
1252 5109 1316 5165 vat.
1335 5106 1377 5164 lo.
1391 5109 1459 5167 Hoeo
1478 5127 1566 5182 pauca
1583 5110 1720 5166 Eusebio·
1736 5108 1835 5182 vulgr-

328 5213 354 5247 ο.
374 5193 401 5247 6.
424 5197 487 5249 Vut.
510 5192 550 5250 ll.
569 5196 616 5250 Ρι.
636 5211 686 5262 vu,
705 5195 735 5264 73
755 5212 795 5265 rx,
821 5195 863 5250 13.
1091 5201 1139 5253 tuo
1157 5197 1302 5270 expuerit,
1321 5213 1404 5270 poree
1422 5204 1539 5254 mumto.
