4044 6098
849 515 890 580 IN
913 513 1085 578 Psttttos
1690 515 1749 578 lib

194 665 288 730 πάλιν
314 659 530 754 ἀναλαμόάνει
553 665 613 740 τὴν
637 661 770 732 κιόωτόν
802 661 834 744 ἐξ
859 669 943 732 οἴκου
999 665 1180 731 descendens
1209 666 1315 732 iterum
1341 665 1452 748 recepit
1478 681 1575 730 arcam
1599 683 1638 730 ex
1664 664 1749 729 domo

196 761 376 856 Ἀβδαιδὰν,
389 773 443 837 καί
459 773 581 846 ταύτην
594 773 664 865 ἄγει
677 780 717 850 εἰς
731 775 943 865 Ἰερουσαλήμ.
1000 774 1164 854 abladan,
1179 792 1302 857 eamque
1323 773 1407 839 duxit
1424 773 1455 838 in
1469 773 1664 840 Hierusalem.
1680 773 1746 852 Qua

199 879 254 944 Ἢν
271 883 476 959 καταστήσας
492 886 565 960 ἐκεῖ,
578 887 619 958 εἰς
631 887 746 974 κλῆρον
762 879 868 949 tatus
885 885 944 960 τὴν
1000 878 1040 942 ibi
1055 879 1224 963 composita,
1239 880 1269 944 in
1283 888 1391 946 sortem
1406 881 1564 962 assdmpsit
1580 879 1685 944 tribum
1697 880 1748 943 Le·

195 987 296 1076 potis
312 989 334 1074 ¹)
350 991 432 1069 Λενί,
445 991 624 1083 ἐσιλέγεται
638 991 711 1068 τοὺς
727 991 945 1083 κληρωθέντσις
1000 987 1049 1068 vi,
1072 987 1241 1071 electosque
1261 997 1340 1052 sorte
1359 987 1487 1053 destinat
1512 995 1637 1070 quatuor
1658 987 1748 1052 duces

195 1095 347 1187 τέσσαρας
371 1099 525 1188 ἄρχοντας
548 1092 635 1184 ᾠδῶν
649 1099 685 1186 2),
711 1100 864 1192 Τέσσαρες
893 1095 944 1167 oio
1000 1103 1162 1158 cantorum.
1187 1093 1320 1172 Quatuor
1334 1095 1425 1177 igitur
1438 1094 1543 1160 melodi
1566 1102 1748 1172 statuuntur,

195 1195 269 1286 ᾠδοί
297 1207 447 1296 γίνονται,
471 1205 580 1296 Ἀσάφ,
605 1206 718 1296 Λεγιών,
740 1206 853 1296 Atiip,
877 1200 946 1273 'lds-
1000 1202 1109 1282 dsapb,
1123 1201 1237 1282 AEman,
1254 1202 1381 1279 δώσω,
1402 1201 1551 1267 idithum:
1574 1202 1748 1286 quibuscum

196 1308 282 1400 δεδμ,
309 1313 437 1390 ustrou
462 1313 588 1405 &propte
611 1307 698 1398 ᾠδῶν
714 1315 948 1406 παρακολουθεῖ
999 1312 1138 1388 aptantur
1160 1305 1310 1372 interiores
1331 1317 1465 1373 cantores
1485 1327 1606 1374 numero
1630 1309 1748 1375 ducenti

197 1419 280 1492 σπη’,
999 1420 1030 1476 et
1050 1412 1244 1495 quadraginta
1265 1423 1330 1479 octo
1350 1415 1366 1498 (
1380 1417 1406 1497 ).

236 1526 326 1591 Ἔστι
350 1516 384 1592 δὲ
406 1526 555 1619 καὶπρὸς
585 1538 681 1594 τοῦτο
705 1530 757 1594 ἀπ’
782 1534 880 1621 ἀρχῆς
907 1532 945 1596 sb
1040 1519 1751 1607 ldbacoperaepretiumestconsideraremyste-

195 1632 407 1723 πρσρητειιθὲν
432 1633 584 1725 θεωρῆσαι
602 1637 780 1727 μυστήριον·
797 1639 871 1728 ὅπερ
895 1637 945 1702 ἐπὶ
998 1625 1085 1708 rium,
1102 1627 1180 1712 quod
1192 1629 1234 1692 sic
1245 1628 1414 1693 cantoribus
1425 1629 1623 1711 significatum
1634 1649 1699 1697 esse
1710 1631 1748 1694 ab

197 1751 260 1805 τῶν
270 1731 356 1824 ᾠδῶν
367 1743 594 1830 σημαινόμενον
604 1735 798 1809 ἐπεδείκνυεν
807 1745 844 1809 τό
853 1751 946 1809 Πνεῦ-

197 1872 252 1938 μα·
275 1848 398 1932 ἑκάστῳ
422 1848 481 1940 γὰρ
506 1851 635 1942 ἄρχοντι
659 1852 868 1941 ἁπονίμονται
885 1850 942 1938 οβ’.

198 1957 241 2020 Τὸ
266 1948 300 2022 δέ
323 1954 361 2032 ἦν
379 1951 534 2046 σόμόολον
550 1970 607 2036 τῆς
625 1959 760 2050 ἀρχῆθεν
776 1961 944 2052 γενομένης

196 2066 371 2153 οἰκονομίας
395 2064 445 2130 ἐπί
467 2075 571 2130 πᾶσαν
588 2065 826 2156 ἀνθρωπότητα*
849 2070 944 2142 ἡνίκα

196 2169 256 2261 γὰρ
268 2169 382 2263 πόργος
392 2163 578 2260 ᾠκοδόμητο
590 2173 649 2238 ὑπό
663 2174 801 2239 ἀπίστων
816 2167 943 2265 ἀνδρῶν,

197 2277 365 2378 ὁμοφώνων
390 2276 437 2364 οβ’
458 2277 561 2358 ἐθνῶν,
578 2283 672 2372 όργῆς
689 2271 810 2359 δικαίας
826 2283 873 2348 ἐπ’
892 2288 945 2348 αι’)-

195 2382 266 2459 τοός
279 2385 457 2474 γενομένης,
471 2387 618 2476 μερισμός
630 2391 769 2454 ἐτελεῖτο
785 2387 943 2481 γλωσσῶν

196 2491 225 2556 oi
243 2497 284 2568 εἰς
297 2496 496 2585 ἁσυμρωνίαν
513 2506 615 2586 ρωνης
631 2497 802 2589 γενόμενοι,
819 2505 861 2576 εἰς
879 2491 944 2564 δια-

197 2598 313 2690 σπορὰν
327 2600 489 2692 ἐχώρησαν
505 2600 538 2687 ³),
563 2605 621 2668 ὑπὸ
637 2615 694 2670 τοῦ
710 2605 891 2695 Πνεόματος
912 2612 944 2672 ἐ-

196 2707 390 2797 λαυνόμενοι.
401 2703 498 2774 Ἦσαν
512 2711 566 2799 μέν
581 2714 616 2776 ἐκ
628 2722 685 2776 τοῦ
699 2712 770 2802 Χὰμ
787 2710 847 2798 itt,
865 2706 945 2778 ἐκδὲ

196 2824 251 2880 τοῦ
265 2815 337 2904 Σὴμ
354 2822 407 2895 κε’,
427 2822 462 2882 ἐκ
479 2809 513 2883 δὲ
529 2829 585 2884 τοῦ
603 2819 705 2910 ’ίαρέτ
723 2818 767 2898 ιε’,
785 2827 813 2886 οἱ
828 2820 944 2898 πάντες

195 2918 251 3004 οβ’.
270 2914 331 2988 Ὧν
346 2924 503 3014 πλήρωμα
518 2923 669 2990 καθιστᾶν
693 2926 874 3016 πορώμενος
892 2919 943 2992 ini

235 3115 280 3196 (α)
292 3117 469 3182 Hunnourrns
479 3117 582 3183 Srnns.
594 3118 670 3184 Sunt
680 3119 798 3203 quidem
810 3120 854 3183 CL
867 3121 945 3202 psol·

196 3203 246 3282 mi,
268 3205 320 3286 qui
342 3223 444 3271 omnes
460 3224 517 3271 non
532 3215 602 3271 sunt
615 3206 753 3286 Doridis,
770 3217 804 3272 ut
825 3208 944 3291 quidam

194 3301 313 3374 putant,
330 3294 382 3359 sed
397 3294 485 3358 ctiam
501 3294 650 3377 pertinent
663 3295 702 3360 ad
715 3296 788 3360 alios
801 3308 944 3376 cantores,

195 3399 268 3463 quos
284 3379 373 3462 clegit
388 3381 491 3447 Dauid
506 3391 537 3448 et
552 3383 680 3448 instituit
694 3385 784 3449 duces
794 3396 944 3452 cantorum

195 3489 230 3535 ex
248 3469 325 3534 tribu
342 3469 475 3551 levitica,
492 3472 630 3538 videlicet
642 3473 753 3556 dsapb,
770 3476 883 3556 AEman,
897 3478 945 3541 AE-

196 3560 269 3624 than
289 3569 320 3627 et
341 3561 489 3626 lditbum:
506 3563 614 3645 quihus
626 3573 750 3647 quatuor
763 3565 901 3648 adjunxit
914 3577 946 3633 ut

194 3649 313 3716 comites
328 3651 387 3715 288
403 3650 493 3728 viros,
507 3651 667 3734 unicnique
675 3653 805 3736 jungens
816 3654 895 3720 viros
906 3658 944 3722 lt

194 3739 243 3821 qui
259 3741 421 3806 cantabant
438 3761 503 3805 cum
519 3741 638 3806 musicis
652 3744 866 3810 instrumentis.
883 3746 945 3811 llos

194 3829 380 3895 taenareo
394 3831 563 3913 prophetice
579 3831 714 3913 instituit,
731 3832 762 3898 in
776 3836 945 3900 memoriam

194 3916 232 3980 it
253 3920 409 3984 nationum
427 3940 551 4004 quarum
566 3922 677 4004 lingua
692 3923 854 4007 antiquitus
875 3945 944 3991 con-

194 4007 370 4090 lassarunt,
394 4011 434 4076 ita
457 4022 491 4077 ut
510 4029 612 4078 omnes
633 4013 767 4080 nationes
788 4016 945 4084 laudarent

232 4197 259 4274 l)
281 4199 393 4270 φυλακὴν
416 4197 456 4255 lt.
475 4229 510 4242 -
527 4199 567 4256 cf.
588 4217 608 4255 tt
628 4202 698 4272 Reg.
718 4218 757 4256 vt.
777 4233 812 4244 —
825 4203 853 4280 2)
874 4205 944 4276 ᾠδῶν

195 4288 254 4357 ᾠδαὶ
272 4289 378 4360 pluries
398 4290 487 4359 infra,
507 4292 627 4360 ἄρχοντας
646 4291 725 4361 ᾠδῶν,
746 4294 846 4362 ἀριθμός
865 4287 945 4365 ᾠδῶν,

194 4375 302 4428 ἐπὶτῶν
322 4378 400 4448 ᾠδῶν,
417 4381 498 4450 ἄρχων
519 4380 643 4449 ἀρχόντων
663 4381 740 4450 ᾠδῶν.
760 4382 866 4446 Quibus
884 4385 944 4437 sin-

196 4463 271 4534 gulis
290 4465 362 4522 locis
380 4465 476 4537 agitur
494 4468 527 4522 de
546 4471 727 4538 cantoribus,
746 4461 802 4523 bon
824 4470 857 4523 de
876 4488 945 4525 can·

195 4559 275 4623 tisis,
296 4555 329 4610 de
354 4557 530 4628 principibus
554 4568 720 4626 cantorum,
742 4559 855 4613 minime
880 4576 945 4613 vero

196 4649 382 4700 canticorum.
404 4645 561 4700 Absurdum
580 4648 742 4702 animasset
760 4648 944 4717 stebecnam,

194 4735 239 4789 ubi
266 4737 365 4804 ἀριθμός
392 4734 461 4804 ᾠδῶν
486 4740 669 4804 παρακολουθεῖ
690 4736 765 4805 σπη’,
785 4737 945 4808 intelligere

194 4825 333 4895 assignari
347 4829 466 4895 quatuor
482 4824 599 4880 ducibus
618 4828 727 4881 cantica
747 4843 861 4882 numero
879 4826 945 4903 288,

193 4913 257 4967 dum
270 4912 419 4968 manifeste
432 4913 554 4984 singulis
567 4917 748 4985 assignantur
759 4921 887 4970 cantores
897 4916 944 4990 72,

195 5002 354 5056 summatim
363 5001 426 5057 288.
442 5002 484 5058 lta
495 5004 524 5057 in
536 5007 676 5077 cpmmuni
691 5003 820 5076 prologo,
834 5009 864 5059 ut
876 5005 945 5074 dixi,

195 5091 309 5144 Eusebii
322 5094 352 5145 et
363 5091 505 5162 origenis,
525 5093 571 5146 ubi
590 5091 723 5147 similiter
735 5091 842 5163 legitur
854 5111 883 5165 p.
896 5093 943 5149 7³:

194 5180 334 5253 ἐπιλέγσται
353 5181 495 5254 ψαλτῴδοός
509 5185 629 5252 ἄρχοντας
643 5184 713 5254 ᾠδῶν
733 5182 862 5254 τέσσαρας,
879 5185 945 5239 item

999 1733 1085 1800 initio
1099 1735 1230 1801 ostendit
1244 1735 1383 1820 Spiritus.
1400 1736 1515 1820 Cuique
1528 1737 1607 1803 enim
1622 1737 1750 1821 principi

997 1852 1150 1909 cantorum
1165 1845 1285 1928 ascripti
1301 1855 1371 1910 sunt
1385 1845 1576 1929 septuaginta
1599 1846 1658 1912 duo
1680 1863 1750 1910 can·

999 1957 1089 2015 tores.
1106 1950 1145 2016 lit
1165 1951 1220 2015 boc
1234 1950 1399 2032 symbolum
1420 1962 1485 2018 erat
1499 1953 1583 2017 factm
1603 1952 1641 2019 ab
1662 1952 1751 2017 initio

999 2055 1169 2122 oeconomiae
1182 2075 1272 2139 super
1286 2057 1458 2122 universum
1473 2075 1566 2138 genus
1587 2057 1750 2123 bominum.

999 2160 1125 2240 Quando
1145 2161 1224 2227 enim
1246 2162 1334 2227 turris
1348 2163 1494 2227 adificare
1509 2164 1566 2228 luit
1587 2163 1625 2238 ab
1646 2162 1752 2229 inlide-

999 2268 1076 2334 libus
1087 2268 1265 2350 bominibus,
1278 2271 1411 2335 camdem
1421 2269 1553 2351 linguam
1566 2270 1751 2353 loquentibus

997 2375 1113 2441 duabus
1127 2385 1158 2441 ct
1171 2376 1359 2460 septuaginta
1374 2376 1526 2458 gentibus,
1541 2377 1622 2460 justa
1638 2376 1680 2442 ira
1701 2395 1752 2443 su·
1866 2408 1870 2420 ·

997 2502 1049 2567 per
1061 2501 1113 2549 eos
1124 2483 1263 2565 irrogata,
1274 2482 1385 2548 divisio
1396 2483 1563 2565 linguarum
1575 2482 1678 2548 effecta
1690 2492 1745 2549 est.

997 2593 1043 2660 0b
1064 2591 1188 2676 loquele
1209 2592 1436 2676 discrepantiam
1457 2591 1564 2676 dilapsi
1587 2591 1617 2655 iu
1637 2591 1751 2674 disper·

997 2698 1126 2780 sioncm,
1149 2701 1305 2784 exspatiati
1334 2710 1462 2780 sunt‚a
1490 2701 1601 2784 Spiritu
1623 2701 1748 2784 expulsi.

997 2805 1090 2871 lirant
1109 2816 1208 2872 autem
1228 2826 1265 2873 ex
1286 2809 1377 2876 ctam
1398 2818 1503 2891 gentes
1524 2808 1648 2890 triginta
1669 2808 1748 2888 dum,

998 2931 1034 2977 ex
1056 2913 1123 2979 Sem
1144 2933 1217 2980 vero
1231 2916 1341 3005 viginti
1363 2917 1506 3002 quinque,
1521 2935 1556 2981 ex
1571 2915 1678 2998 lapbet
1698 2934 1750 2981 au-

998 3108 1105 3174 Dcum.
1130 3110 1188 3189 Qui
1211 3111 1290 3177 enim
1318 3111 1422 3176 turrim
1443 3110 1590 3175 adificare
1609 3118 1751 3177 tentare·

999 3210 1079 3278 runt‚
1102 3201 1141 3264 lt
1162 3212 1248 3267 erant
1263 3202 1398 3267 nationes
1414 3201 1523 3267 ioederc
1533 3202 1653 3284 juncta.
1678 3201 1750 3266 Cum

999 3307 1073 3354 vero
1089 3291 1133 3352 ira
1146 3290 1226 3372 justa
1240 3308 1329 3375 super
1342 3309 1392 3357 eos
1407 3289 1569 3370 cecidisset,
1587 3291 1626 3353 ta
1640 3289 1750 3372 linguae

999 3382 1107 3446 divisae
1120 3377 1209 3461 sunt,
1232 3392 1395 3467 gentesque
1416 3401 1490 3448 voce
1504 3383 1702 3466 discrepantes
1723 3392 1752 3447 et

998 3471 1138 3554 subjectas
1150 3473 1209 3536 288
1226 3473 1419 3555 principibus,
1437 3471 1540 3555 bisque
1555 3472 1680 3537 ducibus
1691 3473 1748 3537 dis·

1000 3579 1104 3644 persae.
1121 3563 1158 3627 lit
1177 3562 1237 3626 illae
1253 3562 1371 3646 quidem
1393 3563 1543 3647 dispersa,
1557 3564 1595 3628 ab
1616 3563 1749 3643 Oriente,

999 3651 1047 3716 ubi
1080 3652 1182 3716 turrim
1203 3652 1349 3718 edificare
1370 3669 1450 3719 ausae
1478 3653 1612 3733 fuerant,
1635 3653 1750 3719 initium

999 3750 1157 3806 sumentes.
1186 3742 1268 3808 Ortae
1288 3750 1357 3806 sunt
1380 3743 1416 3808 dc
1436 3742 1529 3807 libam
1552 3743 1602 3821 32,
1626 3743 1663 3808 dc
1683 3743 1750 3809 Sem

999 3848 1071 3896 vero
1092 3833 1142 3911 tii,
1159 3831 1195 3896 de
1209 3831 1316 3914 Japbet
1332 3841 1431 3897 autem
1446 3832 1496 3895 li.
1512 3831 1575 3899 lloc
1594 3831 1685 3914 igitur
1699 3850 1750 3914 pa-

998 3928 1046 3985 cto
1066 3920 1164 3985 David
1179 3921 1360 4003 praedicebat
1374 3921 1434 3987 lore
1454 3932 1487 3986 ut
1509 3921 1539 3985 in
1561 3922 1618 3986 line
1641 3930 1750 4005 tempo-

998 4028 1062 4076 rum
1083 4028 1186 4077 omnes
1207 4011 1316 4093 linguan
1336 4011 1430 4078 ileum
1452 4011 1615 4078 laudarent.

999 4216 1081 4255 cuum
1108 4204 1151 4254 est
1164 4199 1234 4268 ᾠδῶν
1254 4198 1326 4252 idern
1346 4215 1502 4270 essequam
1516 4200 1632 4270 ᾀδόντων,
1646 4203 1674 4253 εί
1686 4217 1749 4254 mox

998 4291 1100 4344 ibidem
1111 4289 1203 4344 meana
1215 4289 1395 4343 confirmetur
1404 4293 1507 4359 aperte:
1522 4291 1622 4360 ἐσκίρτα
1632 4293 1659 4343 rt
1673 4294 1748 4343 Πνιδ-

999 4401 1037 4451 μα
1047 4381 1087 4433 ἐπί
1100 4399 1153 4431 τινα
1167 4381 1215 4430 τῶν
1226 4379 1351 4448 ἀρχόντων
1364 4381 1412 4430 τῶν
1426 4377 1570 4448 ψαλτιρδῶν.
1585 4383 1625 4434 Ac
1634 4381 1749 4451 proinde

999 4485 1145 4543 perperam
1164 4469 1297 4523 hactenus
1315 4468 1375 4521 baec
1391 4468 1453 4523 loca
1465 4467 1543 4523 luere
1562 4469 1649 4522 latine
1669 4486 1749 4524 versa

1000 4564 1028 4613 et
1046 4557 1133 4613 lecta:
1151 4577 1163 4609 ι
1180 4557 1360 4613 Canticomm
1373 4555 1514 4627 principes
1532 4557 1585 4609 sibi
1605 4561 1679 4612 sorte
1698 4557 1747 4610 ds·

1000 4647 1083 4719 legit,
1097 4647 1176 4719 queis
1194 4652 1287 4701 certus
1305 4651 1482 4701 canticorum
1494 4663 1627 4700 numerus
1639 4648 1745 4701 cousti-

1000 4741 1076 4792 tutus
1095 4741 1169 4807 erat,
1190 4741 1270 4791 ete.»
1291 4735 1343 4790 Sod
1363 4753 1379 4790 a
1399 4735 1486 4788 tribus
1505 4734 1618 4790 saeculis
1642 4736 1677 4789 de
1695 4736 1745 4791 hac

1000 4827 1191 4881 emendatione
1206 4824 1275 4878 nibil
1286 4825 1402 4878 dictum.
1417 4823 1452 4878 ut
1464 4825 1526 4895 quis
1541 4825 1623 4880 lando
1642 4825 1748 4881 audivit

999 4931 1119 4988 unquam
1138 4918 1192 4975 τοὺς
1207 4912 1301 4985 ᾠδιόςί
1314 4913 1386 4969 Silet
1404 4915 1535 4984 cangius,
1554 4913 1622 4970 silet
1638 4916 1746 4987 Sopho-

999 5003 1068 5073 cles,
1081 5004 1146 5059 silet
1164 5004 1303 5072 Struvius,
1317 5007 1346 5058 et
1357 5005 1385 5056 iu
1399 5006 1457 5056 loto
1468 5001 1601 5073 Stephani
1615 5001 1744 5058 thesauro

999 5109 1034 5146 na
1052 5095 1098 5165 γρὺ
1118 5091 1238 5163 quidem.
1250 5121 1283 5132 -
1296 5088 1328 5142 14
1346 5106 1401 5144 om.
1421 5089 1632 5160 τέσσαρεςυσῴυδ
1644 5089 1678 5142 δώ
1697 5108 1746 5140 πα-

1000 5185 1147 5253 ρακολουθεῖ.
1165 5209 1200 5221 -
1219 5179 1243 5252 ³)
1262 5180 1391 5250 ἐχώρησαν
1409 5196 1464 5234 om.
1493 5175 1535 5233 14.
1562 5178 1634 5232 Ecce
1657 5179 1746 5249 igitur
1848 5237 1852 5246 .

195 5270 229 5331 νίς
243 5273 342 5342 ἀριθμός
356 5273 426 5343 ᾠδῶν
447 5273 595 5326 ἐπιτέτακτο
615 5274 722 5344 ᾀδόντων
742 5273 812 5340 σπη’,
832 5275 944 5347 perspi·
995 5276 1054 5342 jam
1074 5270 1221 5326 incidimus
1239 5273 1267 5325 in
1286 5274 1336 5322 τῶν
1356 5270 1426 5322 ἐδνῶν
1447 5271 1575 5340 μερισμὸν,
1595 5285 1676 5339 quam
1694 5285 1744 5321 su·
