3966 6120
1710 543 1771 623 (115

213 720 263 783 001
281 701 454 791 Christum,
476 733 650 798 perquem
671 714 779 780 omnia
799 715 885 781 10010
906 719 983 781 0011
1004 740 1030 792 ι,
1050 715 1153 799 (Ζο111
1175 717 1223 790 80,
1247 718 1307 799 15).
1324 713 1349 775 ‘‹
1371 720 1457 783 Idem
1472 735 1551 799 ergo
1565 719 1661 784 homo
1674 723 1770 784 Deus.

213 827 245 887 id
266 825 324 899 est,
345 825 494 888 Christus
515 841 581 886 una
600 841 738 903 persona
758 826 817 888 est.
844 847 860 883 ›
885 825 946 905 (ic,
968 826 1032 906 22),
1048 827 1089 886 Et
1109 825 1194 904 quod
1208 843 1368 888 summum
1383 827 1566 906 theologiae
1580 829 1639 890 est:
1656 832 1772 892 ‹Mar-

212 933 320 1013 garita
344 932 486 1011 pretiosa
506 933 555 994 est
576 931 720 994 Trinitas
741 933 862 1005 sancta,
874 949 957 1010 quae
977 932 1076 993 dividi
1092 948 1157 994 non
1173 933 1289 1010 potest,
1305 949 1379 994 nam
1395 933 1427 994 in
1443 933 1569 997 unitate
1582 936 1769 999 consistit.»

216 1037 277 1121 (44,
302 1039 363 1120 45).
375 1041 415 1102 Ε1
435 1055 507 1118 quae
529 1040 644 1102 ultima
663 1041 696 1103 et
717 1041 874 1104 hodierna
895 1040 956 1102 1011
976 1041 1158 1120 dogmatica
1179 1040 1374 1114 enunciatio,
1396 1041 1475 1104 adde
1494 1042 1556 1104 hoc
1577 1043 1616 1106 de
1629 1045 1726 1107 Petro
1739 1045 1773 1107 01

213 1145 252 1208 de
273 1146 426 1220 Ecclesia,
446 1145 536 1210 Petri
557 1145 621 1210 illia
645 1150 832 1226 nuncupate
853 1149 915 1229 (65,
939 1147 990 1228 10)
1015 1170 1031 1204 ‹
1053 1149 1163 1212 Theca
1185 1148 1311 1229 (gladii)
1340 1150 1452 1228 pectus
1472 1150 1523 1211 est
1541 1151 1638 1224 Petri,
1660 1152 1693 1213 in
1708 1167 1772 1230 quo

213 1254 334 1318 latebat
354 1255 493 1334 Spiritus
513 1255 645 1319 sanctus
667 1255 746 1336 (oid.
766 1258 1009 1336 1011100131,
1031 1260 1089 1318 col.
1111 1260 1134 1318 2
1153 1261 1199 1318 ad
1218 1256 1345 1337 0010)».

292 1363 404 1442 Neque
425 1363 673 1436 100001011010
694 1362 764 1426 fieri
797 1365 902 1426 locum
933 1363 1124 1442 cuicumque
1152 1364 1305 1427 rancidae
1333 1365 1515 1443 suspicioni,
1548 1365 1613 1428 huc
1650 1367 1771 1430 tortas-

213 1486 248 1534 se
269 1469 440 1548 irrepsisse
460 1471 635 1544 neoterica,
657 1487 763 1549 neque
803 1471 949 1549 ineptum
970 1471 1142 1533 moveatur
1165 1469 1328 1532 fastidium
1349 1473 1402 1534 vel
1423 1489 1466 1535 ex
1488 1473 1652 1552 frequenti
1666 1476 1772 1554 appel-

213 1577 334 1641 latione
353 1581 543 1642 chrisiiana
569 1581 603 1642 et
635 1575 797 1642 catholico
818 1583 966 1643 Ecclesia
988 1579 1050 1659 (39,
1072 1582 1099 1641 3.
1128 1612 1170 1626 -
1195 1580 1312 1652 4017.
1345 1613 1387 1626 -
1420 1581 1468 1653 ld,
1508 1581 1554 1654 17,
1579 1583 1628 1644 24.
1655 1615 1697 1629 -
1723 1585 1771 1655 78,

213 1684 275 1766 12),
303 1687 356 1748 rel
384 1703 427 1748 ex
447 1687 574 1765 publico
596 1687 752 1749 comitatu
765 1687 931 1765 virginum
947 1687 1117 1765 utriusque
1132 1703 1230 1749 sexus
1246 1686 1307 1766 (59,
1325 1687 1365 1766 1),
1380 1688 1433 1750 vel
1459 1704 1501 1750 ex
1515 1689 1696 1765 promiscuo
1711 1707 1772 1752 usu

211 1793 444 1856 vocabulorum
463 1797 643 1871 0001111100,
663 1799 800 1872 paeoni,
822 1799 1005 1860 0100010100
1025 1795 1085 1868 010,
1108 1797 1161 1857 vel
1182 1796 1313 1858 tandem
1335 1811 1377 1857 ex
1399 1795 1550 1858 insolenti
1573 1798 1672 1858 verbo
1695 1813 1772 1859 000-

211 1904 341 1964 nachus
357 1899 494 1982 (58,19).
516 1904 594 1966 Haec
615 1903 702 1966 enim
722 1904 832 1966 omnia
852 1905 933 1968 scite
954 1905 987 1967 et
1007 1885 1132 1965 invicte
1151 1903 1292 1965 Zahnius
1314 1902 1501 1965 exsufflavit
1517 1903 1560 1983 (p.
1586 1904 1748 1984 172-188).

292 2009 399 2070 Nolim
432 2009 545 2089 utique
569 2027 680 2072 ansam
708 2012 834 2074 dedisse
861 2029 912 2074 me
940 2012 1162 2090 inexspectato
1190 2009 1303 2082 dubio,
1332 2011 1405 2072 dum
1445 2012 1581 2089 primam
1609 2012 1642 2074 in
1670 2014 1774 2074 lucem

213 2117 383 2195 prologum
410 2101 548 2195 protero,
581 2117 615 2179 in
646 2134 710 2197 quo
740 2120 855 2181 auctor
874 2117 1004 2181 videtur
1024 2135 1066 2181 ex
1081 2118 1145 2180 alio
1159 2119 1214 2179 aut
1229 2119 1301 2180 aliis
1315 2118 1465 2196 operibus
1479 2119 1576 2181 iteres
1590 2119 1771 2197 excerpsis-

213 2239 249 2286 se
267 2224 359 2302 quasi
380 2224 604 2303 praeposteros.
626 2225 763 2288 Praeter
782 2226 867 2288 enim
889 2225 1060 2304 quamdam
1080 2227 1289 2288 venustatem
1312 2225 1458 2303 lepidam,
1472 2243 1573 2288 canae
1587 2225 1771 2306 antiquitati

213 2331 385 2406 insolitam,
404 2332 589 2411 hujusmodi
612 2334 781 2397 exordium
802 2351 874 2396 esse
896 2333 1084 2411 interpretis
1106 2333 1208 2405 latini,
1230 2335 1342 2411 aperte
1364 2332 1569 2412 significatur
1589 2349 1632 2395 ex
1662 2333 1775 2412 apibus

208 2439 306 2517 juxta
326 2441 1010 2505 Μο10111οΒ000110001010101109οᾱᾱο
1035 2443 1167 2520 prologo
1201 2440 1353 2520 quidquid
1388 2440 1438 2513 sit,
1454 2439 1619 2519 integrum
1634 2457 1721 2519 opus,
1737 2440 1774 2502 ut

212 2563 256 2610 ex
269 2547 467 2610 abundantia
480 2549 657 2628 disputavit
671 2550 822 2623 Zahnius,
837 2550 941 2610 multa
959 2547 1084 2627 profert
1104 2549 1137 2609 et
1159 2549 1330 2627 perspicua
1353 2547 1578 2611 antenicoenae
1599 2547 1773 2610 vetustatis

213 2655 416 2729 ornamenta,
438 2672 478 2718 ea
497 2658 589 2720 verbi
611 2659 719 2737 gratia
738 2674 812 2737 quae
833 2657 931 2719 habet
952 2657 991 2718 de
1011 2657 1091 2718 cibis
1116 2655 1369 2734 idolothytorum
1397 2655 1539 2716 vitandis
1555 2655 1616 2734 (59,
1644 2655 1705 2734 11),
1734 2655 1774 2718 110

202 2762 322 2826 iudaeis
337 2779 443 2843 nuper
467 2763 583 2846 (nuno)
605 2781 625 2827 a
645 2781 748 2845 regno
769 2782 827 2828 suo
850 2765 1022 2837 destitutis,
1052 2764 1091 2825 de
1119 2763 1281 2825 Gnostiois
1309 2763 1415 2826 adhuc
1443 2763 1708 2836 scaturientibus,
1737 2764 1776 2826 de

214 2873 413 2951 martyribus
442 2891 551 2936 coram
579 2874 748 2946 stantibus,
777 2874 815 2936 de
841 2874 962 2936 sanctis
983 2873 1053 2934 sire
1074 2869 1230 2943 fidelibus,
1252 2872 1313 2933 etc.

294 2983 406 3061 Neque
420 2983 459 3044 ad
474 3000 532 3046 nos
546 2983 673 3044 tantum
687 2984 876 3062 pervenisse
890 2983 1022 3063 majoris
1038 2981 1111 3043 libri
1127 2981 1324 3060 compendia,
1339 2981 1513 3043 ostendunt
1528 2981 1674 3060 prolixae
1697 2998 1777 3044 non·

214 3091 379 3152 nullarum
405 3092 631 3169 parabolarum
662 3091 888 3169 expositiones,
920 3091 1017 3152 etiam
1045 3105 1131 3151 nova
1161 3089 1217 3150 illa
1250 3088 1434 3167 fragmenta
1452 3105 1535 3166 quae
1562 3105 1621 3150 nos
1651 3089 1774 3166 primae

214 3193 326 3258 damus
347 3196 423 3269 luci,
445 3198 502 3260 aut
524 3197 706 3276 integritati
727 3197 938 3268 restituimus,
961 3196 1143 3273 praesertim
1168 3197 1275 3258 autem
1308 3195 1504 3274 amplissima
1535 3197 1654 3274 pagina
1679 3213 1774 3274 quam

214 3302 440 3380 Hieronymus,
468 3304 579 3382 paucis
613 3304 754 3376 mutatis,
776 3303 953 3381 rescripsit.
976 3304 1017 3364 At
1038 3303 1163 3364 1100110
1176 3301 1208 3363 id
1229 3302 1396 3364 nonnullis
1409 3319 1540 3364 causam
1554 3301 1722 3364 1000000111
1737 3304 1774 3384 1),

214 3408 311 3472 siuti
335 3411 540 3490 Hieronymo,
561 3412 607 3474 ita
627 3413 796 3492 cypriano,
818 3411 994 3482 Ambrosio,
1016 3408 1166 3482 Arnobio,
1188 3409 1260 3470 aliis
1281 3409 1457 3488 contigerit
1478 3409 1596 3470 similia
1621 3410 1772 3482 recitare,
1797 3415 1799 3424 ⁴

214 3518 392 3596 exquibus
413 3519 516 3582 solum
536 3521 641 3600 palam
662 3519 708 3594 nt,
730 3518 944 3597 Theophilum
967 3517 1078 3579 multis
1099 3517 1245 3596 agnitum
1268 3515 1368 3578 luisse
1389 3516 1422 3578 et
1447 3517 1612 3596 placuisse.
1728 3511 1731 3518 ’

291 3628 419 3689 Mecum
440 3627 474 3690 in
494 3627 586 3690 hisce
609 3627 713 3690 lector
734 3627 979 3706 aliquantulum,
1001 3627 1078 3688 ante
1099 3624 1205 3696 tinem,
1228 3625 1381 3703 quiescat.
1404 3624 1451 3685 Ad
1471 3625 1672 3703 antiquarios
1698 3624 1772 3687 hoec

213 3733 339 3796 tessera
363 3735 521 3797 mittatur:
545 3756 561 3791 ‹
583 3735 681 3799 Navis
702 3735 752 3798 001
762 3730 791 3813 ²)
804 3734 958 3806 Ecclesia,
980 3707 1082 3796 velas.
1104 3733 1251 3796 extendit
1271 3732 1402 3806 orando,
1425 3733 1601 3795 anchoram
1617 3731 1691 3796 fidei
1706 3731 1776 3811 figit

215 3839 248 3902 in
269 3842 359 3914 coele,
382 3841 480 3908 habet
500 3842 649 3905 arborem
670 3842 788 3914 010010,
808 3842 902 3904 10100
924 3841 1095 3905 charitatis
1116 3841 1271 3915 extendit,
1293 3841 1431 3919 remigia
1445 3842 1566 3903 sanctae
1580 3841 1776 3918 operationis

212 3946 334 4010 habere
358 3949 593 4028 cognoscitur»
610 3947 722 4029 (Zaba.
744 3951 791 4023 45,
811 3949 893 4030 5-8).
914 3950 1110 4022 Ambrosius,
1132 3950 1160 4010 si
1181 3950 1253 4028 quis
1273 3950 1365 4011 00100
1384 3950 1417 4010 01
1437 3949 1602 4020 delicatus,
1624 3948 1657 4009 id
1673 3963 1768 4008 suum

212 4052 308 4118 iecit:
332 4076 347 4110 «
369 4057 465 4119 Fabri
487 4056 584 4130 filius,
607 4057 683 4137 quia
703 4057 771 4136 ipse
792 4057 842 4120 est
854 4057 1003 4120 conditor
1017 4057 1136 4130 mundi,
1156 4057 1189 4119 et
1210 4057 1244 4118 in
1259 4055 1417 4134 principio
1432 4055 1509 4118 10011
1523 4056 1648 4118 coelum
1663 4056 1696 4118 et
1710 4055 1776 4117 ter-

214 4179 294 4235 ram,
336 4164 369 4226 et
389 4164 467 4242 quia
486 4165 622 4228 terrena
648 4182 714 4228 non
741 4166 858 4229 docent
884 4183 957 4244 quae
986 4168 1063 4228 sunt
1090 4165 1242 4236 coelestia,
1271 4164 1363 4244 quasi
1391 4163 1493 4225 bonus
1521 4163 1649 4226 animae
1677 4162 1776 4232 taber,

214 4261 331 4339 spiritu
351 4263 433 4325 vitia
453 4265 567 4326 nostra
587 4264 807 4337 circumdolat,
829 4264 892 4326 cito
913 4265 1011 4326 etiam
1043 4265 1184 4326 securim
1212 4262 1385 4324 admovere
1399 4261 1569 4324 arboribus
1583 4260 1774 4332 infecundis,

213 4384 326 4432 secare
356 4369 469 4434 doctus
497 4371 626 4451 exigua,
656 4371 805 4434 sublimia
833 4387 967 4434 servare
996 4371 1201 4442 culminibus,
1229 4369 1335 4448 rigida
1362 4367 1671 4446 mentiumspiritus
1699 4367 1795 4452 igne

213 4477 349 4550 mollire,
371 4479 459 4541 0111
481 4480 690 4542 variosusus
715 4497 809 4543 omne
836 4481 1015 4542 humanum
1039 4495 1147 4564 genus
1176 4478 1307 4541 diversa
1334 4476 1591 4539 ministeriorum
1619 4475 1777 4553 qualitate

215 4583 357 4648 formare
377 4583 419 4664 (p.
441 4587 481 4647 52
501 4587 533 4649 et
554 4587 607 4668 54)
632 4609 660 4651 ›.
681 4587 815 4650 Utinam
835 4587 935 4666 hujus
955 4587 1117 4666 pericopae
1139 4601 1248 4665 graeca
1269 4585 1368 4647 liceat
1378 4583 1557 4647 deosculari
1574 4581 1692 4644 alicubi
1707 4581 1779 4642 tan-

214 4691 306 4756 demt
329 4695 450 4756 Nostra
467 4696 598 4758 coronis
620 4696 662 4758 sit
681 4697 827 4758 clausula
854 4696 1035 4758 editorum:

297 4801 449 4863 «Hortus
470 4803 597 4864 Domini
619 4805 669 4865 est
689 4805 835 4866 Ecclesia
856 4803 1024 4876 catholiea,
1047 4803 1081 4865 in
1102 4818 1166 4881 qua
1187 4802 1263 4863 sunt
1284 4817 1367 4863 rosae
1382 4800 1573 4877 martyrum,
1589 4796 1657 4859 lilia
1677 4794 1780 4874 virgi-

218 4909 459 4980 «1011110100
476 4910 659 4984 uiduarum,
682 4912 804 4974 hedera
824 4914 1022 4990 conjugum:
1050 4927 1125 4973 nam
1155 4910 1213 4972 illa
1241 4908 1460 4990 (Magdalena)
1488 4925 1561 4986 quae
1589 4905 1779 4968 aestimabat

259 5185 283 5247 1)
301 5185 334 5235 ci.
353 5183 473 5236 bollandi
492 5185 560 5236 4010
580 5184 625 5237 SS.
645 5193 663 5237 1.
684 5185 727 5250 Vl,
746 5191 800 5238 oct.
819 5198 845 5250 p.
865 5188 917 5236 lid.
1024 5197 1092 5250 quae
1111 5197 1194 5248 supra
1212 5196 1239 5248 p.
1259 5187 1311 5248 111,
1331 5183 1500 5248 1191100100
1521 5182 1721 5246 adscripsimus
1740 5192 1772 5231 01

257 5266 283 5329 1)
303 5266 756 5329 1100011001010110110011111000
784 5267 966 5330 succinctae,
1017 5265 1070 5318 ilde
1088 5265 1212 5317 codicum
1234 5265 1439 5316 Armeniorum.
