4044 6098
845 506 887 574 IN
908 507 1079 575 manuos
1678 505 1735 570 ret

187 659 309 736 αύτούς,
333 659 430 725 ὁπότε
454 651 506 725 διὰ
529 660 654 726 πάντων
678 670 741 724 τῶν
764 669 932 750 προφητῶν
988 657 1310 742 Verbumpraedioatnm
1324 655 1735 740 est3prinoipiumestipsom3

186 763 498 858 ύλόγοςθκηρύχθη,
512 763 593 856 ίιρχλ
608 766 711 843 αὐτὸς,
725 766 820 842 ύντως
835 765 934 858 1)·ρι“ιρ
986 767 1095 831 etenim
1114 783 1186 831 rere
1206 765 1314 829 nioman
1333 774 1363 829 et
1381 764 1441 827 ait:
1467 762 1636 844 «ligonum
1657 764 1737 847 prin·

187 875 247 958 βοᾷ
269 871 324 937 καὶ
346 872 442 964 λέγει·
466 871 547 964 Ἐγώ
571 877 634 958 είμι
651 872 731 963 ἀρχὴ
750 873 804 937 καί
819 874 857 938 τὸ
880 873 934 936 τέ-
988 870 1098 954 cipiutn
1118 879 1150 935 et
1164 869 1242 950 finis,
1258 879 1287 934 et
1300 868 1389 952 alpha
1411 879 1441 933 et
1460 886 1594 950 omega.»
1611 869 1737 948 Quando

186 991 249 1066 λος,
273 988 327 1052 τοι
349 988 386 1052 τὸ
399 971 514 1053 Ῑχολ
536 969 675 1074 τοῖο),
701 987 816 1054 Ὁπότε
831 988 933 1053 eotvov
988 979 1079 1061 igitur
1094 979 1198 1044 beatus
1215 978 1314 1043 David
1328 976 1359 1042 in
1381 977 1493 1061 Spiritu
1506 976 1671 1056 enarrabat,
1689 996 1738 1043 ne·

187 1095 203 1155 ὁ
222 1091 370 1180 μακάριος
387 1083 484 1156 nanti
499 1090 658 1180 Πνεύματι
675 1082 862 1182 διηγήσατο,
880 1095 935 1156 οθκ
989 1085 1154 1149 cessitatem
1175 1101 1235 1149 non
1255 1081 1363 1148 habuit
1382 1081 1557 1158 conficiendi
1580 1082 1707 1148 titutum.

189 1191 328 1283 ἀνάγκην
353 1191 445 1280 ἔσχεν
471 1191 644 1283 ἐπιγραφὴν
668 1190 868 1265 ποιήσασθαι.

233 1304 296 1372 Τῆς
318 1291 370 1362 οὖν
387 1289 573 1375 ἀποδείξεως
589 1297 709 1374 ταύτης
724 1296 935 1390 γεγενημένης
1030 1295 1104 1374 Quae
1125 1313 1216 1379 quum
1240 1297 1319 1362 saeta
1344 1297 1432 1362 suerit
1452 1297 1614 1362 luculenter
1634 1295 1737 1380 hujus·

187 1408 364 1494 τηλαυγῶς,
381 1407 413 1468 ἐν
437 1407 519 1493 ἀρχῇ
537 1408 553 1467 ὁ
569 1409 645 1481 Παῖς
660 1413 717 1469 τοῦ
734 1409 815 1469 Θεοῦ
829 1401 855 1490 ³)
877 1427 937 1467 κα-
990 1402 1069 1467 modi
1085 1403 1241 1487 expositio,
1257 1408 1287 1470 in
1302 1404 1448 1488 principio
1462 1403 1515 1470 Dei
1530 1421 1604 1488 puer
1624 1421 1738 1469 annun-

188 1511 452 1602 τοιγγελλθμενος,
470 1515 486 1574 ὁ
502 1511 646 1603 ito-{oea
673 1511 781 1600 Σοφία,
798 1514 814 1573 o
837 1516 937 1574 λίονο-
992 1509 1092 1587 tintus,
1109 1509 1245 1586 Verbum,
1260 1510 1419 1593 Sapientia,
1436 1510 1623 1592 Unigenitus,
1646 1510 1739 1576 Filius

188 1615 290 1707 γενὴς,
315 1619 385 1694 rite
408 1629 464 1682 τοῦ
488 1619 619 1710 Πατρύς,
644 1609 838 1683 θεοίτούτων
861 1618 937 1689 ἐση-
990 1615 1101 1697 Ροιιίε,
1124 1634 1176 1699 per
1203 1616 1256 1681 hos
1282 1615 1412 1700 psalmos
1435 1616 1667 1699 significabatur.
1689 1618 1741 1683 nit

190 1725 327 1813 μαίνετο.
352 1723 454 1798 Φηαὶν
477 1725 537 1817 γὰρ
561 1727 667 1802 οὕτως·
688 1723 843 1814 Μακάριος
860 1721 936 1813 ἀνὴρ
990 1724 1082 1806 igitur
1101 1725 1161 1791 sie:
1178 1749 1191 1786 ιι
1207 1728 1315 1791 Beatus
1328 1726 1376 1793 vir
1389 1726 1440 1808 qui
1455 1744 1514 1790 non
1527 1725 1602 1789 abiit
1622 1725 1655 1789 in
1671 1743 1740 1790 eon·

190 1831 221 1907 θς
245 1837 301 1896 ούκ
324 1830 472 1922 ἐπορεύθη
490 1836 522 1898 ἐν
548 1834 646 1917 βουλῇ
673 1825 803 1908 ἁοεθῶν,
817 1830 873 1894 καί
895 1827 937 1895 τὰ
990 1827 1058 1894 sitio
1073 1830 1272 1914 impiorum»
1293 1842 1322 1897 et
1335 1840 1452 1896 cetera.
1469 1830 1523 1894 Et:
1542 1829 1671 1908 «Quare
1685 1829 1739 1894 ire·
1791 1869 1797 1878 ·

189 1931 268 2016 ἑξῆς.
278 1940 348 2003 Καί·
357 1940 423 2004 Ἵνα
436 1941 469 2005 τί
480 1931 631 2029 ἐφρύαξαν
645 1936 791 2015 ἔθνη,ιιαί
802 1936 844 2004 τὰ
856 1929 935 2014 ἑξῆς.
992 1945 1127 2000 muerunt
1148 1945 1284 2017 gentes»
1306 1944 1338 2001 et
1358 1953 1425 2016 qum
1445 1944 1618 2018 sequuntur.

226 2152 250 2216 ¹)
264 2153 338 2212 ὄντως
358 2151 386 2220 5,
400 2153 426 2207 6.
438 2183 472 2193 -
487 2151 510 2218 ²)
525 2149 639 2223 Apoesi·
653 2169 674 2220 t,
686 2151 712 2220 8,
732 2167 813 2222 qnam
829 2153 937 2206 exeiers
991 2180 1025 2191 -
1040 2153 1063 2213 θ)
1080 2153 1162 2212 θπαῗς
1183 2137 1227 2204 ποθ
1245 2155 1306 2204 θεοῦ
1319 2154 1433 2220 iterum,
1446 2152 1493 2205 ssd
1514 2157 1544 2206 ut
1562 2153 1625 2207 aot.
1649 2152 1737 2223 Apost

190 2257 245 2295 non
258 2240 349 2298 soient
361 2247 478 2313 veterae,
491 2243 538 2296 eod
552 2243 631 2298 decet
643 2241 739 2296 Irenaei
759 2239 937 2312 discipulum.
992 2257 1033 2308 ru,
1058 2239 1101 2294 13:
1122 2245 1162 2294 τὸν
1182 2245 1262 2293 παῖδα
1280 2241 1354 2293 αὐτοῦ
1373 2239 1469 2296 Ἰησοῦν

934 2469 994 2543 VI.

235 2683 292 2750 Διθι
313 2686 347 2749 τί
370 2675 404 2750 δὲ
419 2684 471 2748 καί
487 2689 503 2748 θ
520 2682 645 2775 ἀριθμὸς
662 2693 724 2749 τῶν
746 2677 935 2772 ὰναύαθμῶν
1029 2682 1089 2746 Cur
1103 2699 1175 2747 vero
1188 2699 1328 2746 numerus
1343 2678 1526 2746 uenenorum
1539 2681 1685 2761 proditum
1701 2679 1743 2744 eit

191 2795 226 2858 ιε’
242 2791 372 2882 ψαλμῶν
388 2786 691 2884 ύπάρχει,λέξωμεν.
706 2829 750 2840 -
762 2796 863 2865 Δῆλον
879 2801 938 2856 πᾶ·
988 2794 1044 2854 XV
1065 2789 1256 2872 psalmorum,
1276 2789 1420 2854 dieamus·
1437 2824 1476 2838 -·-
1495 2787 1685 2855 Manifestum
1706 2787 1738 2851 id

190 2924 236 2963 ειν
249 2904 334 2987 ημῖν,
350 2898 458 2987 ὅτιπερ
471 2901 500 2962 ot
514 2895 599 2961 κατὰ
614 2897 692 2961 Θεὸν
705 2895 936 2984 προκόπτοντες
989 2896 1074 2964 nobis
1086 2896 1222 2961 omnibns
1234 2906 1292 2976 est,
1307 2895 1386 2978 quod
1399 2899 1451 2978 qni
1466 2895 1627 2960 secundum
1646 2894 1741 2958 Deum

189 3006 248 3072 υίοὶ
264 3007 364 3096 φωτὸς
380 3004 434 3068 καὶ
450 3004 509 3068 otoi
524 3002 640 3094 ἡμέρας
667 3003 779 3086 [εῖτ-θη,
803 3007 843 3076 ὡς
860 3000 936 3064 αὐτὸ
990 3003 1157 3086 proficiunt,
1174 3002 1226 3066 titii
1241 3003 1315 3066 lucis
1329 3014 1398 3069 sunt
1411 3013 1442 3070 et
1456 3003 1510 3068 titii
1530 3002 1602 3082 diei,
1619 3000 1742 3086 perinde

189 3123 283 3179 τοῦτο
296 3112 382 3203 λέγει
398 3116 413 3175 ὁ
431 3111 615 3187 ἀπόστολος,
632 3109 757 3202 γράφον
774 3109 937 3171 aeneato-
991 3128 1026 3175 ae
1040 3110 1069 3175 id
1085 3111 1180 3193 ipsum
1193 3110 1236 3173 ait
1254 3111 1414 3192 apostolus,
1437 3110 1570 3176 scribens
1592 3110 1632 3177 od
1651 3108 1743 3174 rhes-

189 3231 331 3296 νικεῢσιν,
348 3221 397 3283 ὅτι
413 3217 528 3293 πάντες
551 3221 636 3304 ὑμεῖς
660 3214 720 3279 υίοὶ
743 3214 843 3304 φωτός
866 3218 938 3278 ἐστε
991 3215 1202 3292 salonicenses,
1220 3214 1348 3280 seilicet:
1368 3239 1382 3276 ιι
1401 3215 1581 3295 VosnmneS,
1600 3214 1652 3277 filii
1669 3213 1743 3278 ineis

190 3326 244 3390 καί
267 3323 326 3390 etot
347 3323 466 3413 ἡμέρας
481 3323 513 3404 ¹).
537 3321 599 3386 Καὶ
620 3319 715 3385 πάλιν
739 3320 808 3408 μετ’
822 3320 937 3412 ὀλίγον·
991 3325 1105 3389 estiset
1120 3321 1321 3388 attinentur
1337 3323 1443 3388 iterum
1458 3323 1545 3405 panio
1560 3331 1640 3406 post:
1660 3321 1744 3387 «Nos

192 3437 295 3524 Ἡμεῖς
309 3425 343 3498 δέ
355 3431 472 3522 ἡμέρας
484 3431 582 3517 ὄντες,
596 3430 751 3519 νήφωμεν.
768 3428 829 3492 Καὶ
843 3429 938 3494 πάλιν
991 3442 1100 3512 autern,
1116 3431 1179 3515 qni,
1191 3449 1292 3496 sumus
1303 3431 1376 3510 diei,
1389 3430 1482 3496 sobrii
1493 3431 1614 3495 simus.»
1627 3432 1670 3495 λο
1680 3451 1744 3495 rur·

192 3543 282 3618 αύτύς
299 3546 315 3605 ὁ
333 3539 440 3631 Κύριος
463 3538 534 3631 περί
548 3543 662 3602 ἑαυτοῦ
677 3546 781 3603 ταῦτα
804 3535 890 3628 λέγει
907 3539 938 3600 ἐν
993 3559 1043 3606 sue
1059 3540 1122 3623 ipse
1137 3539 1280 3604 Dominus
1294 3538 1333 3604 ύε
1347 3557 1379 3602 οε
1398 3537 1502 3603 eadem
1522 3537 1696 3620 pronuntiat
1712 3537 1743 3603 in

191 3650 401 3739 εὐαγγελίοις,
425 3644 544 3736 ἡμέραν
568 3642 678 3708 ἑαυτὸν
703 3643 757 3706 καὶ
779 3651 841 3732 φῶς
865 3633 939 3707 δια·
992 3646 1169 3730 evangeliis,
1185 3653 1279 3711 semet
1300 3643 1466 3710 describens
1485 3643 1563 3709 diem
1584 3652 1616 3709 et
1633 3643 1741 3724 iumen,

191 3755 326 3848 γράφων,
351 3747 402 3819 διὰ
424 3763 479 3818 τοῦ
496 3752 609 3844 λέγειν·
625 3749 697 3814 Ἐάν
713 3775 761 3826 τις
778 3761 936 3842 περιπατῇ
993 3769 1060 3816 cunt
1073 3750 1160 3816 dicit:
1185 3773 1200 3810 ι
1216 3749 1249 3814 Si
1264 3748 1331 3833 quis
1345 3746 1544 3814 ambulaverit
1558 3747 1589 3812 in
1609 3747 1670 3828 die,
1685 3765 1744 3812 non

2 3901 3 3932 t
117 3863 122 3872 '
191 3868 222 3928 ὲν
246 3873 287 3948 τῇ
313 3862 425 3952 ἡμέρᾳ,
450 3865 484 3925 ού
507 3859 715 3951 προσκόπτει,
739 3859 789 3923 ὅτι
816 3859 854 3923 τὸ
877 3868 939 3948 φῶς
992 3858 1124 3938 offendit,
1140 3856 1667 3943 qnialumenhujusmundiridet.n
1683 3855 1744 3936 lgi-

191 3981 248 4035 τοῦ
272 3968 390 4058 κόσμου
413 3967 527 4032 τούτου
553 3966 662 4051 βλέπει
683 3965 720 4054 2).
746 3970 875 4043 ούκυῦν,
899 3971 940 4041 ὡς
993 3975 1048 4045 tur,
1062 3964 1141 4029 sieut
1152 3964 1290 4042 diximus,
1302 3963 1352 4045 qni
1367 3962 1492 4028 Domino
1503 3961 1668 4042 adherent,
1681 3962 1743 4028 diei

167 4125 168 4130 ι
193 4078 393 4165 προείπομεν,
410 4080 438 4139 oi
461 4084 507 4158 τῷ
530 4076 631 4164 Κυρίῳ
655 4071 858 4162 κολλώμενοι,
882 4082 940 4146 τῆς
993 4083 1024 4139 εί
1044 4071 1164 4137 luminis
1185 4080 1255 4136 sunt
1269 4069 1333 4136 filii.
1351 4069 1524 4137 ttuetevos
1537 4087 1654 4152 quoque
1675 4068 1742 4148 hoe,

192 4185 309 4275 ἡμέρας
332 4183 386 4247 καὶ
416 4191 472 4246 τοῦ
496 4182 597 4272 φωτός
625 4185 699 4244 εἰσιν
731 4181 798 4244 etot.
822 4170 941 4244 Οἴδατε
993 4177 1189 4256 dilectissimi,
1205 4177 1284 4260 quud
1300 4176 1373 4258 dies,
1389 4193 1478 4259 quum
1494 4193 1553 4241 nox
1566 4176 1683 4259 penitus
1695 4176 1745 4243 de·

194 4293 248 4356 καὶ
261 4300 367 4368 τοῦτο,
385 4289 546 4382 ἀγαπητοί
560 4288 593 4370 ³),
618 4288 726 4377 ὅτιπερ
746 4287 821 4351 ὅταν
845 4292 865 4361 ἡ
888 4278 941 4362 νὺξ
996 4289 1068 4368 ficit,
1086 4289 1118 4352 nt
1136 4285 1302 4370 quindecim
1318 4285 1466 4350 horarum.
1483 4283 1640 4368 Propterea
1657 4284 1745 4366 igitur

195 4398 231 4462 τθ
255 4396 374 4462 τέλειον
399 4393 537 4483 ἑκλείψῃ,
563 4385 711 4460 δέκακαὶ
739 4392 834 4458 πέντε
857 4399 941 4482 ὡρῶν
994 4394 1108 4477 signati
1129 4401 1198 4459 sunt
1218 4391 1384 4475 quindecim
1404 4390 1513 4476 patrimi
1532 4391 1695 4470 Gratianus,
1712 4401 1746 4455 ut

194 4507 315 4597 γίνεται
327 4502 438 4592 ἡμέρα.
452 4501 616 4566 Διὰποῢτο
634 4495 685 4565 οὖν
699 4500 751 4566 καί
766 4493 943 4587 ἀναύαθμοὶ
996 4502 1093 4586 palam
1107 4501 1146 4565 sit
1163 4499 1308 4579 omnibns,
1330 4499 1476 4582 quomodo
1497 4499 1535 4564 ad
1555 4497 1632 4563 diem
1653 4498 1747 4582 perie-

196 4606 272 4678 θέκοι
294 4611 388 4676 πέντε
412 4613 568 4701 εἴρηνται,
593 4611 643 4673 ἵνα
667 4600 763 4683 δῆλον
788 4606 808 4696 ᾗ
838 4619 942 4686 πᾶσιν,
996 4621 1076 4677 ctum
1097 4609 1180 4688 ineis,
1197 4609 1275 4673 itiins
1291 4625 1394 4691 nempe
1416 4624 1481 4690 quae
1502 4606 1532 4670 in
1554 4605 1671 4670 Christo
1687 4615 1743 4684 est,

197 4724 246 4787 ὅτι
269 4720 340 4811 περὶ
368 4730 426 4795 τῆς
450 4720 572 4794 τελείας
603 4717 720 4808 ἡμέρας
750 4727 807 4782 τοῦ
831 4717 942 4807 φωτὸς,
997 4720 1029 4784 in
1051 4703 1207 4801 progressu
1228 4715 1266 4780 ad
1288 4713 1497 4799 perfectionem
1518 4711 1650 4791 luminis,
1672 4729 1745 4794 gra-

196 4829 343 4895 τουτέστι
358 4839 416 4904 τῆς
432 4831 462 4892 ἐν
480 4834 612 4916 Χριστῷ,
629 4826 712 4892 κατὰ
734 4818 884 4916 πρύθιιοιν
902 4829 944 4898 εἰς
998 4825 1089 4891 datim
1112 4823 1311 4908 procedamus.
1334 4821 1437 4906 Neque
1455 4821 1485 4887 iu
1506 4821 1669 4900 domarat,
1692 4821 1746 4886 sed

198 4939 389 5012 τελειότητα
402 4935 503 5026 φωτὸς
516 4933 711 5026 ἀνερχόμεθα
725 4937 747 5018 ⁴)
760 4937 791 4999 ἐν
806 4929 944 5021 βαθμοῖς·
997 4939 1115 5015 propter
1128 4929 1270 5014 haequod
1290 4939 1337 4995 est
1355 4929 1386 4994 in
1406 4933 1481 4994 ΗΠ
1500 4927 1613 5008 Gradu,
1628 4927 1746 4993 sanein

235 5134 282 5188 Vi.
303 5134 344 5188 Ex
362 5133 427 5188 Vnt.
446 5131 510 5200 342,
531 5131 549 5188 i.
573 5130 614 5187 15.
628 5134 683 5188 Pro
703 5132 785 5190 titulo
804 5133 833 5188 in
851 5135 946 5192 codice
1037 5132 1060 5196 λ)
1076 5149 1083 5186 ι
1096 5131 1192 5188 These.
1205 5146 1230 5202 ν,
1243 5129 1271 5196 5,
1285 5130 1313 5189 8.
1324 5160 1359 5172 -
1372 5129 1396 5194 2)
1410 5131 1489 5184 Joan.
1504 5146 1542 5200 ru,
1554 5129 1582 5184 9.
1597 5159 1630 5171 -
1644 5127 1668 5199 3)
1682 5133 1747 5201 ἀγα-

199 5227 329 5299 primum:
349 5229 397 5276 Διὰ
415 5224 438 5276 τί
456 5221 570 5292 λέξωμεν·
1000 5226 1083 5289 envoi,
1096 5225 1128 5276 nt
1144 5238 1220 5294 saepe
1237 5237 1333 5294 snpra.
1347 5249 1382 5260 -
1394 5219 1422 5293 4)
1437 5219 1497 5275 ond.
1519 5218 1691 5290 θινιρχοριίνων.
