4038 6088
869 493 908 559 IN
932 494 1103 560 PSALMOS
1707 502 1763 565 483
1837 541 1839 548 ,

253 644 380 721 Ὅποιος
404 645 464 737 γάρ
487 645 581 725 τότε,
606 646 658 712 ἐάν
691 644 710 733 ᾗ
744 651 760 710 ὁ
793 646 984 738 ἄνθρωπος,
1055 649 1132 712 Sane
1152 649 1331 732 quicumque
1353 651 1408 730 uir,
1431 661 1576 734 quatenus
1598 653 1683 718 homo
1703 662 1761 732 est,

212 753 299 818 ἐλέου
322 746 433 842 χρῄζει
456 763 512 817 τοῦ
536 753 597 818 ἀπο
622 760 710 818 Θεοῦ.
1015 772 1050 820 ea
1074 754 1189 836 indiget
1209 755 1407 822 misericordia
1428 777 1494 840 qum
1514 758 1568 824 Dei
1591 768 1645 824 est.

233 865 235 869 ‘
258 879 290 921 ν.
314 861 363 922 ίθ.
383 852 447 926 Ἴδε
471 860 543 937 τοὺς
560 861 685 952 ἐχθρούς
703 885 773 952 μου,
789 863 839 928 ὅτι
862 867 962 935 ἐπλη-
1054 882 1084 927 ν.
1102 865 1151 926 tu.
1168 864 1286 948 Respice
1299 867 1426 930 immicos
1439 885 1524 946 mccc,
1542 869 1679 950 quonium
1692 867 1767 931 mul·

96 977 100 984 '
213 963 385 1045 θθνθησαν,
410 967 464 1032 καί
488 978 575 1056 μῖσος
600 962 706 1034 ἄδικον
730 969 882 1058 ἑμίσησάν
913 994 960 1058 με.
1015 969 1139 1051 lipit'aait'
1156 977 1231 1048 quai,
1252 978 1281 1034 σί
1298 973 1362 1037 odio
1383 974 1478 1057 iniquo
1500 965 1624 1038 oueruot'
1638 995 1691 1038 me.

256 1079 294 1136 Oi
314 1073 386 1150 τοὺς
411 1066 548 1152 δικαίους
571 1082 610 1152 ὡς
628 1068 764 1154 δικαίους
787 1088 960 1166 μισοῦντες,
1055 1077 1114 1155 Qui
1134 1077 1228 1159 justos
1250 1081 1290 1142 uti
1309 1079 1405 1162 iustus
1426 1081 1494 1146 odio
1515 1082 1637 1162 habeut,
1668 1081 1767 1165 iniquo

213 1189 299 1267 μῖσος
324 1172 431 1247 ἄδικον
456 1193 594 1270 μισοῦσιν
619 1183 740 1259 αὐτούς.
1015 1199 1066 1247 eos
1087 1184 1156 1247 odio
1176 1183 1310 1250 oderunt.

257 1305 289 1347 v.
306 1287 355 1348 st.
370 1288 506 1354 Ἀκακοι
521 1289 575 1354 καί
591 1288 687 1366 εὐθεῒς
703 1290 879 1355 ἐκολλῶντό
897 1315 959 1380 μοι,
1055 1311 1087 1356 v.
1111 1293 1161 1354 ul.
1179 1291 1341 1358 lanoceaiea
1355 1302 1382 1359 ei
1400 1297 1470 1360 recit'
1482 1295 1671 1367 adhaeserunt
1684 1297 1765 1375 miti,

213 1395 262 1458 ὅτι
285 1395 434 1483 θπὲμεινά
459 1421 503 1473 σε,
528 1396 629 1487 Κύριε.
1017 1399 1086 1482 quia
1106 1401 1229 1463 sustinui
1248 1408 1285 1481 ie,
1309 1401 1442 1467 Domine.

186 1508 189 1514 '
256 1501 362 1592 Λίγοις
386 1493 412 1566 δ’
438 1501 474 1567 ἀν
498 1502 552 1568 καί
575 1504 688 1580 ἀλλους
721 1503 856 1580 ἀκάκους
888 1505 961 1582 τοὺς
1057 1503 1172 1569 Dixeris
1186 1506 1274 1570 etiam
1293 1507 1366 1572 alios
1384 1527 1448 1574 csse
1468 1511 1636 1590 innocentes,
1652 1527 1703 1575 cos
1718 1511 1768 1592 qui

212 1610 442 1699 ἑστηρηριίνους
465 1613 586 1688 κακίας,
604 1610 623 1684 ἢ
641 1611 713 1688 τοὺς
734 1613 962 1703 ἁπλουστέρους·
1016 1611 1136 1676 maiitiae
1151 1624 1285 1696 expertes
1299 1626 1380 1696 suut,
1393 1617 1442 1682 vei
1456 1617 1661 1702 simpliciores;
1677 1624 1769 1682 rectos

214 1715 310 1793 εθθεῖς
327 1709 370 1795 δὲ,
388 1718 459 1795 τοὺς
480 1720 629 1795 τελείους·
645 1718 665 1792 ή
684 1719 818 1796 ἀκάκους
842 1719 913 1797 τοὺς
929 1715 962 1799 ἐξ
1018 1737 1089 1785 vero
1105 1722 1265 1803 periectos;
1285 1727 1336 1788 vel
1357 1729 1516 1789 innocentes
1537 1745 1602 1791 csse
1622 1745 1659 1790 eu
1678 1726 1770 1789 homi-

214 1823 392 1914 ἀνθρώσιον,
410 1826 506 1902 εθθιῖς
524 1818 558 1892 δὲ
576 1827 728 1919 ἀγγέλους
752 1828 826 1918 ὑπὲρ
850 1833 962 1894 αὐτῶν.
1017 1827 1117 1908 nibus,
1139 1838 1229 1894 rectos
1248 1849 1321 1897 vero
1341 1833 1462 1915 angelos
1484 1833 1542 1898 iliis
1563 1835 1737 1916 superiores.

250 2042 276 2078 ο.
303 2020 340 2081 19,
360 2025 425 2080 vat.
444 2022 472 2078 5.
1054 2046 1082 2084 ο.
1101 2026 1133 2082 21
1155 1981 1228 2084 θεοί..
1247 2026 1287 2083 16.

830 2275 999 2349 Psalmuo
1021 2277 1147 2352 XXV.

262 2492 292 2534 ν.
317 2473 346 2536 ί.
369 2478 434 2538 Οὐκ
458 2471 586 2537 ἐκάθισα
611 2471 694 2560 μετά
717 2465 876 2564 συνεδρίου
904 2498 964 2563 μα·
1057 2492 1089 2538 ν.
1114 2475 1141 2538 ί.
1165 2473 1235 2541 Noa
1255 2475 1315 2538 redi
1343 2475 1546 2538 cumconsilio
1574 2477 1723 2553 ooor'tctio,
1746 2483 1774 2540 et

215 2584 395 2665 ταιθτητος,
413 2582 468 2646 καί
484 2581 844 2672 μεςάπαρανοροθντων
861 2587 896 2647 οὺ
917 2582 968 2672 μή
1017 2599 1084 2644 cum
1104 2583 1205 2664 im'quc
1225 2581 1388 2664 que-ratium
1409 2601 1465 2645 oca
1488 2581 1619 2646 introibo.

99 2725 105 2736 ·
216 2689 352 2756 εἰσέλθω,
383 2688 470 2752 Votic.
494 2707 522 2769 p.
547 2687 617 2762 638,
638 2689 668 2748 θ.

259 2796 393 2862 Λεκτέον
408 2806 511 2860 ταῦτα
526 2796 600 2885 πρὸς
616 2805 687 2871 τοῦς
704 2793 893 2884 θεωροῦντας
912 2799 965 2857 ir·
1059 2800 1100 2864 Ea
1124 2801 1221 2865 dicere
1242 2811 1288 2865 cst
1302 2799 1340 2864 ad
1362 2799 1427 2863 titos
1441 2799 1490 2882 qui
1511 2807 1664 2881 aspectant
1683 2815 1771 2880 equo-

215 2896 386 2994 ποδρομίας
402 2903 455 2968 καί
471 2902 597 2993 θέατρα,
612 2903 660 2967 ἔτι
678 2893 715 2992 δὲ
730 2902 783 2965 καί
798 2902 872 2991 πρὸς
892 2901 964 2977 τοὺς
1019 2925 1083 2971 rum
1099 2906 1196 2971 stadia
1212 2917 1243 2971 οί
1261 2907 1385 2986 theatra,
1408 2906 1497 2971 etiam
1519 2907 1555 2970 ad
1577 2905 1690 2987 eosqui
1705 2923 1773 2968 con-

215 3011 398 3101 γενομένους
422 3008 583 3084 κοινωνοὺς
606 3019 669 3073 τῶν
694 3008 847 3098 αἱρέσεων.
1019 3024 1157 3080 suescunt
1177 3034 1242 3080 eum
1265 3014 1423 3080 haeretiois.

261 3137 293 3180 ν.
317 3118 345 3181 8.
369 3119 470 3209 Κύριε,
495 3117 649 3208 ἠγάπησα
673 3114 963 3204 suspicaturum
1060 3141 1091 3185 v,
1115 3123 1144 3185 8,
1170 3121 1300 3198 θερείης,
1322 3121 1410 3185 dilexi
1430 3121 1558 3184 decorem
1578 3120 1679 3184 domos
1693 3126 1771 3198 ittae,

217 3249 283 3311 ocu,
307 3225 361 3290 καὶ
382 3227 480 3290 τόπον
505 3222 714 3312 σκηνώματος
739 3215 831 3299 δόξης
855 3243 920 3286 σου.
1021 3230 1048 3287 σί
1067 3223 1159 3287 iocum
1177 3223 1359 3288 habitaiionis
1380 3223 1489 3307 qtorice
1511 3229 1586 3288 ίιιοο.

183 3389 187 3398 .
263 3331 364 3407 Τόπος
388 3332 518 3420 Κυρίου,
544 3330 648 3418 εἰρήνη
675 3326 786 3417 ψυχῆς·
811 3325 962 3418 ἐγεννήθη
1038 3332 1154 3396 'Locus
1167 3331 1284 3396 Domini
1301 3351 1357 3413 par
1373 3340 1419 3396 est
1433 3330 1554 3394 animur:
1575 3356 1587 3389 ι
1598 3331 1706 3395 Factus
1728 3340 1773 3395 cst

218 3439 289 3530 γάρ,
313 3437 399 3528 ρησί,
424 3442 455 3501 ἐν
481 3437 584 3528 εἰρήνῃ
611 3441 627 3498 ὁ
651 3435 746 3510 τθτος
770 3439 875 3499 αὑτοῦ.
1021 3439 1110 3516 enim,
1134 3439 1186 3517 ait,
1212 3439 1241 3502 ia
1263 3438 1559 3522 commotusque.»

262 3562 293 3607 ν.
312 3545 361 3607 1t.
378 3543 459 3636 Ἐγὼ
474 3535 507 3609 δὲ
523 3545 553 3608 ὲν
578 3544 694 3626 ἀκακία
710 3565 771 3630 μου
787 3539 965 3631 ἐπορεύθην.
1060 3567 1093 3610 ν.
1107 3549 1157 3612 11.
1174 3546 1238 3630 qu
1254 3553 1347 3612 ouum
1360 3549 1390 3611 io
1405 3548 1568 3612 iuoocaotia
1582 3565 1649 3610 mro
1669 3545 1775 3610 omitt—

1022 3655 1130 3720 icium.

265 3765 299 3829 Ὀ
329 3763 389 3836 τὴν
413 3772 471 3838 τῆς
495 3757 596 3850 ψυχῆς
620 3757 772 3824 ἀπάθειαν
804 3756 966 3848 προθύμως
1062 3765 1132 3829 iiaec
1146 3764 1196 3830 ilic
1210 3763 1299 3829 verba
1319 3764 1503 3846 pronuntiat,
1527 3761 1575 3844 qui
1593 3779 1661 3826 cum
1677 3777 1775 3825 amore

220 3864 450 3962 διαφυλάττων,
476 3878 589 3952 ταῦτα,
600 3868 687 3958 λέγει
710 3865 751 3931 τά
776 3867 913 3957 ῥήματα.
1023 3871 1261 3952 tranquillitatem
1284 3871 1390 3936 animae
1411 3868 1547 3934 custodit.

258 4088 304 4143 Ps.
325 4085 421 4149 xxv,
440 4103 465 4139 υ.
485 4083 513 4148 4.
534 4081 560 4150 8,
584 4079 758 4136 11.θιι.5.
1060 4105 1087 4142 ο.
1107 4087 1134 4152 ο,
1159 4085 1199 4142 ιο.
1222 4089 1287 4142 νει.
1310 4085 1350 4138 ta.
1372 4088 1417 4140 ιο.
1439 4101 1458 4149 ι,
1484 4085 1512 4138 a.
1533 4082 1590 4139 cot.
1612 4098 1631 4150 1,
1657 4081 1697 4133 ιι.
1719 4082 1774 4134 κι-

1025 4168 1101 4222 char.
1125 4186 1161 4237 ιν,
1181 4171 1208 4225 θ.
1230 4173 1318 4242 Αροο.
1338 4186 1379 4235 ιιι,
1403 4168 1445 4223 la.
