3966 6120
1702 421 1760 481 647

281 581 320 642 Ε1
343 579 371 641 si
391 582 536 644 volueris
558 583 794 662 phylacterium
816 582 937 646 habere
957 585 1103 663 corporis
1133 586 1181 647 tui
1212 585 1245 648 et
1275 586 1401 658 animae,
1432 601 1505 666 cum
1538 585 1764 648 mathematico

200 687 305 748 travis
320 686 359 767 (l)
382 690 419 750 ut
440 688 593 751 videatur
613 691 685 768 quis
706 691 851 770 angelus,
874 689 936 754 hoc
956 692 1005 753 est
1027 693 1110 771 quod
1133 694 1262 774 signum
1284 694 1385 756 horae
1406 710 1472 772 qua
1485 695 1582 756 natus
1602 711 1645 768 es,
1668 693 1765 765 videt,

200 795 233 856 et
254 796 354 874 ipsius
375 798 483 876 angeli
505 798 610 877 lapide
631 800 756 877 sculpto
777 799 889 872 uteris,
912 801 944 863 01
966 800 1099 864 habebis
1120 803 1357 880 phylacterium
1372 802 1406 863 in
1421 803 1620 880 perpetuum,
1636 801 1763 881 quando

202 906 281 968 luna
301 909 350 970 est
372 907 405 968 in
427 906 537 968 sidono
560 907 722 994 (σημείῳ),
744 910 844 989 ipsius
865 910 982 988 angeli,
1005 909 1067 971 hoc
1096 911 1146 972 est
1173 911 1207 972 in
1236 912 1337 992 signo.
1369 913 1485 976 Melius
1517 913 1624 973 aulem
1656 911 1705 975 est
1739 908 1767 972 si

201 1016 335 1079 Domino
356 1015 505 1097 genitore
524 1016 581 1081 tuo
603 1018 663 1098 (inl
687 1019 824 1098 lapidem
845 1020 979 1096 sculpto,
1003 1018 1165 1082 habueris.

945 1275 1022 1354 Vll.

458 1537 506 1597 Dc
526 1535 693 1608 lapidibus
714 1534 744 1596 el
762 1548 883 1595 eoimm
904 1534 1094 1606 sculpturis,
1116 1532 1152 1592 ut
1182 1545 1297 1605 supra,
1322 1531 1519 1605 Scpiiionio.

285 1755 438 1828 Achates,
461 1757 565 1817 tutela
584 1755 726 1818 Saturni.
750 1755 887 1834 Ingenui
909 1753 1042 1816 achates
1060 1769 1158 1831 opere
1171 1751 1210 1832 (1)
1232 1752 1381 1816 sedentes
1396 1754 1444 1815 uli
1459 1753 1585 1816 debent.
1600 1752 1769 1824 Libertini,

204 1863 283 1925 ardo
304 1862 437 1926 achates
459 1861 553 1925 fidem
573 1862 742 1940 publicam.
762 1845 856 1924 Servi
877 1861 1010 1924 achates
1028 1861 1155 1924 leonem
1176 1861 1358 1922 cubantem.

284 1971 470 2050 Eliolropio,
492 1972 595 2034 tutela
626 1971 711 2032 solis.
744 1969 890 2049 ingenui,
921 1968 1134 2046 eliotropium,
1167 1969 1266 2030 solem
1288 1969 1479 2031 radiantem.
1510 1968 1679 2042 Libertini,
1704 1969 1771 2031 hel·
1838 2004 1841 2014 ·

206 2079 325 2140 liberili
343 2078 382 2159 (1)
405 2080 501 2158 caput
522 2080 604 2142 Solis
619 2125 626 2139 .
641 2125 691 2140 ...
717 2077 867 2159 (evanidi
886 2082 1033 2153 quinque
1053 2077 1198 2158 uersus).

285 2187 496 2264 Chrysolitus
518 2186 622 2249 tutela
641 2186 762 2248 martis.
782 2186 918 2264 ingenui
933 2187 1044 2247 lunam
1066 2185 1240 2248 sedentem.
1256 2186 1413 2248 Libertini
1430 2186 1543 2247 bovem
1562 2182 1643 2263 (coci.
1658 2182 1767 2262 boum)

206 2292 290 2373 (qui)
314 2294 398 2356 ierat
419 2310 544 2357 cornua
566 2294 673 2357 lunae.
871 2285 875 2292 ’

286 2402 408 2475 Sardio,
429 2403 532 2464 tutela
551 2403 674 2464 martis.
697 2402 832 2482 Ingenui
859 2399 942 2478 (coci.
965 2407 1019 2465 bic
1039 2405 1068 2466 01
1088 2405 1185 2477 iufra
1204 2401 1366 2482 ingenuit)
1385 2403 1521 2464 martem
1545 2417 1699 2479 arapeum
1721 2399 1769 2462 ie·

209 2511 348 2575 rentem.
374 2509 543 2582 Libertini,
565 2511 713 2573 martem.
730 2559 736 2572 .
754 2557 783 2572 ..
807 2489 922 2589 (servi)
944 2527 1036 2572 arma
1055 2513 1177 2573 martis.

285 2618 462 2680 1101110111οε
491 2616 573 2697 (coci.
596 2617 812 2696 Emalthites),
840 2619 943 2680 tutela
965 2619 1127 2682 mercurii.
1151 2619 1296 2699 ingenui,
1320 2620 1517 2682 mercurium
1549 2620 1583 2680 in
1605 2620 1771 2698 11011010-

207 2726 344 2788 dentem.
367 2726 526 2788 Libertini
550 2726 689 2806 (libertis
711 2727 793 2804 cori.)
818 2773 827 2806 .
848 2773 854 2787 .
877 2772 884 2786 .

286 2832 479 2911 sapphirina
495 2881 501 2894 .
517 2879 524 2894 .
540 2879 570 2895 ..
592 2833 739 2907 herbosa,
763 2835 864 2897 tutela
883 2835 978 2913 jovis.
1001 2834 1147 2913 Ingenui,
1168 2837 1280 2896 Jovem
1296 2835 1460 2897 sedentem
1483 2833 1545 2915 (in)
1574 2835 1691 2913 aquila.
1714 2835 1771 2896 Li-

207 2940 337 3012 bertini,
359 2942 500 3018 aquilam
522 2959 621 3019 supra
643 2943 762 3006 llumen
785 2942 933 3005 stantem.
953 2943 1055 3014 Servi,
1076 2942 1216 3021 aquilam
1237 2943 1400 3020 unguibus
1421 2939 1574 3004 coronam
1595 2942 1770 3004 tenentem.

290 3047 480 3123 Aegyptula,
502 3048 607 3108 tutela
627 3049 768 3110 veneris.
789 3049 935 3126 ingenui,
958 3065 1112 3111 venerem
1133 3050 1310 3111 victricem.
1334 3049 1501 3121 Libertini,
1516 3065 1671 3111 venerem
1685 3052 1772 3110 -Ar-

210 3152 316 3212 monia
336 3153 386 3214 est
407 3152 559 3215 siderum.
584 3157 650 3215 Hoc
670 3155 720 3216 est
742 3154 941 3218 intuendum.
964 3157 1066 3228 Servi,
1088 3157 1267 3218 columbam
1289 3173 1387 3234 supra
1412 3157 1581 3219 astantem.

947 3423 1042 3502 vill.

397 3761 399 3766 ,
456 3696 621 3755 Feramus
645 3695 719 3754 1100·
738 3695 784 3753 ou
804 3695 1002 3754 Auriculam
1023 3695 1265 3769 imperatorem
1287 3691 1411 3770 (eous.
1433 3697 1528 3778 397).

290 3910 382 3972 Inter
401 3907 611 3986 Babyloniam
635 3907 667 3968 01
688 3907 950 3986 Mesopotamiam
968 3907 1018 3968 est
1032 3907 1124 3984 regio
1144 3908 1296 3985 locuples,
1310 3909 1343 3969 in
1358 3924 1422 3986 qua
1436 3909 1512 3970 sunt
1525 3911 1674 3988 oppidum
1689 3912 1772 3989 quod

211 4017 331 4081 dicitur
351 4018 524 4079 Castellum
546 4015 699 4088 Philonia
722 4016 777 4078 ubi
797 4015 980 4077 nascuntur
1000 4015 1139 4077 humiles
1161 4015 1311 4089 bestiolae,
1333 4018 1424 4095 quasi
1445 4018 1555 4080 simiae.
1577 4019 1709 4086 Quando
1724 4035 1774 4082 so·

210 4143 288 4188 num
308 4124 453 4198 audiunt,
476 4123 614 4202 lugiunt,
637 4123 732 4203 pedes
753 4122 910 4185 hahentes
941 4122 1082 4196 octonos,
1104 4123 1245 4201 itemque
1264 4124 1297 4186 et
1320 4125 1438 4198 oculos,
1466 4142 1591 4188 cornua
1619 4127 1695 4188 bina
1716 4126 1774 4188 ha-

212 4234 333 4305 bentes,
355 4249 443 4312 quas,
466 4249 538 4295 cum
561 4231 678 4310 aliquis
699 4230 847 4294 occidere
867 4231 1018 4303 voluerii,
1040 4230 1215 4309 diligenter
1236 4247 1271 4295 se
1296 4232 1425 4295 munire
1445 4233 1571 4296 debent.

294 4344 328 4402 ln
352 4342 464 4404 eodem
485 4343 603 4413 monte,
624 4341 713 4402 circa
733 4339 855 4400 Indiam
877 4341 909 4402 01
931 4339 1090 4410 Arabiam,
1112 4340 1161 4402 est
1184 4341 1255 4402 avis
1276 4341 1374 4413 fenix,
1394 4359 1467 4420 quae
1487 4342 1584 4405 habet
1613 4343 1647 4405 in
1668 4343 1774 4422 capite

105 4501 106 4504 ,
212 4450 345 4512 cristam
376 4449 514 4510 similem
548 4447 692 4526 pavonis,
714 4448 747 4510 01
779 4448 888 4510 fauces
920 4447 1072 4508 cristatas
1103 4447 1192 4509 circa
1222 4449 1313 4522 collo,
1345 4449 1473 4528 fulgore
1505 4467 1612 4523 auree,
1645 4451 1775 4528 postera

161 4604 167 4617 .
211 4559 304 4634 parte
324 4573 516 4634 purpureus,
531 4556 628 4617 extra
647 4555 782 4616 caudam
803 4555 905 4616 roseis
927 4554 1051 4632 permis,
1073 4555 1106 4615 in
1128 4571 1191 4632 qua
1211 4558 1381 4618 caeruleus
1396 4557 1550 4619 scribitur
1571 4557 1668 4619 nitor.
1685 4557 1774 4619 Vivit

192 4681 315 4738 ¹annm
337 4664 598 4735 innumerabiles
620 4663 732 4724 nidum
752 4663 876 4725 habens
896 4679 939 4725 ex
961 4663 1148 4740 margaritis
1169 4664 1202 4725 et
1224 4664 1405 4726 unionibus.
1441 4665 1552 4727 Manet
1583 4681 1711 4742 semper
1740 4665 1774 4726 in

212 4771 381 4833 cinnamo:
402 4771 478 4849 quid
491 4788 572 4833 vero
586 4771 747 4844 vescatur,
783 4773 837 4834 101
857 4771 1123 4849 quemadmodum
1144 4773 1243 4846 11101,
1261 4773 1443 4852 ignoratur.
1457 4777 1529 4852 Ipsa
1542 4774 1650 4835 autem
1665 4772 1775 4834 nidum

213 4895 314 4941 suum.
405 4896 539 4958 seseque
560 4881 712 4956 incendit,
734 4883 829 4945 01011
850 4881 968 4944 eisdem
990 4881 1155 4948 cineribus
1177 4882 1295 4950 iterum
1316 4882 1509 4952 renascitur.
1532 4882 1580 4943 lta
1594 4879 1630 4946 fit
1650 4879 1684 4947 ut
1699 4880 1774 4944 dum

212 5003 339 5074 semper
363 4987 509 5065 moritur,
531 5005 659 5078 semper
679 4990 779 5061 vivat,
