4064 6108
675 548 1011 616 cunoNoanarflus
1032 552 1122 618 SAEC.
1146 552 1189 618 lll
1649 553 1707 618 aii

197 705 376 800 Αἰγυπτίων
393 703 523 794 πατριαί
538 703 592 770 σύν
609 705 767 796 Μεσραείμ
782 700 829 790 τῷ
844 731 905 772 ποι-
958 707 1064 770 Cicron.
1089 705 1196 772 Parca
1217 705 1610 802 Κούρσουλα,Αάμπουσα,
1627 713 1710 774 Γαύ·
1767 715 1769 720 ’

151 817 203 908 τρί
226 818 329 880 αὐτῶν
352 812 392 886 η’·
414 813 501 905 λέγει
523 813 583 905 γὰρ
607 814 713 891 ούτως·
737 815 798 879 Καί
821 821 904 880 Μεσ-
957 822 1020 894 λος,
1045 807 1130 889 Ῥίδη
1142 873 1152 906 ,
1176 813 1366 906 Καρίανθος,
1391 813 1598 893 Ἀστυπάλαι,
1622 821 1707 907 Χῖος,

153 923 243 1015 ραείμ
266 921 413 1015 ἐγέννησε
429 913 637 1010 doudecim&
661 918 695 988 ού
712 914 832 988 Αουδοί.
848 928 905 988 Αί-
957 919 1084 1014 Αέσύος,
1109 913 1264 999 Τένεδος...
1280 929 1375 1002 Κῶος,
1398 915 1624 1014 Χυδωνήσιρος,
1643 930 1708 990 Με-

151 1023 374 1120 νεριετιείμ,ἑξ
398 1025 433 1094 ού
456 1029 630 1120 Πάριρυλοι.
645 1025 788 1121 Ααύιείμ,
812 1025 845 1110 ἐξ
869 1027 904 1096 oi
957 1036 1050 1126 γίστη
1078 1033 1207 1125 Κύπρος.
1232 1032 1337 1098 dunat.

151 1131 269 1214 Αίύυες.
294 1135 495 1227 Νερθαλιείμ,
520 1133 553 1217 ἐξ
577 1133 612 1204 οὗ
636 1140 764 1230 Φρύγες.
781 1146 906 1230 Πατρο-
1003 1134 1087 1208 Olli
1102 1141 1304 1231 ἐπιστάμενοι
1319 1145 1421 1206 αὐτῶν
1434 1140 1621 1233 γράμματα,
1633 1143 1702 1207 Φοί-

153 1246 281 1335 σονιείμ,
306 1239 338 1324 ἐξ
363 1239 398 1310 ού
421 1251 551 1338 Κρῆτες.
576 1248 789 1337 Χασλωνιείρι,
814 1241 847 1326 ἐξ
870 1241 905 1312 ού
959 1273 1049 1335 νικες,
1066 1248 1244 1340 Αἰγύπτιοιν
1256 1247 1435 1338 Πάμφυλοι,
1454 1247 1584 1339 Φρύγες.
1601 1245 1706 1309 Cdron.

152 1353 266 1420 Λύκιοι.
283 1355 481 1444 Φυλιστιείμ,
494 1349 527 1434 ἐξ
543 1351 577 1422 ού
590 1348 804 1446 Μαριανδυνοί.
820 1362 906 1446 Καρ-
1002 1355 1064 1420 Χαί
1077 1353 1120 1420 τοί
1137 1354 1191 1443 μέν
1208 1355 1276 1443 ὅρια
1292 1363 1354 1420 τῶν
1371 1360 1442 1418 υίῶν
1466 1365 1523 1419 τοῦ
1539 1353 1612 1443 Χάμ
1631 1358 1706 1418 εἰσιν

154 1459 282 1552 θοριείρι,
307 1455 339 1540 ἐξ
362 1457 397 1526 ού
419 1463 551 1538 Κιλικες.
577 1463 682 1526 θύτου.
706 1462 813 1526 Poscl.
959 1463 1021 1528 ἀπὸ
1046 1461 1310 1552 Ῥινοκουρούρων,
1335 1472 1393 1537 τῆς
1416 1456 1575 1552 ὁριζούσης
1596 1464 1708 1552 Συρίαν

199 1569 377 1634 Χαναναίων
403 1560 437 1634 δέ
460 1573 519 1634 εἰσι
541 1569 672 1661 πατριαὶ
698 1568 751 1634 σύν
779 1567 904 1635 Χαναὰν
958 1571 1013 1636 καί
1029 1572 1188 1668 Αίγυπτον
1213 1570 1267 1634 καί
1291 1567 1451 1636 Αἰθιοπίαν
1468 1569 1522 1645 ἕως
1542 1561 1709 1661 Γαδείρων,

153 1686 199 1760 τῷ
226 1677 323 1767 πατρί
353 1681 456 1742 αὐτῶν
490 1677 539 1762 ιβ’.
561 1677 653 1769 Αέγει
683 1678 751 1770 γάρ·
780 1677 904 1744 Χαναὰν

154 1785 300 1878 ἐγέννησε
323 1784 378 1849 τὸν
403 1775 525 1850 Σιδῶνα
548 1785 756 1874 πρωτότοκον.
782 1782 858 1848 llio.

199 1891 241 1956 Z'.
258 1889 330 1980 Χοίμ
343 1882 377 1956 δὲ
388 1900 434 1975 τῷ
447 1882 582 1984 δευτέρῳ
597 1885 706 1970 παῖδες
718 1895 773 1959 καί
785 1887 904 1961 παίδων

154 1990 272 2076 παῖδες,
297 1998 352 2076 ἕως
368 2010 424 2065 τοῦ
445 1991 647 2092 διαριερισριοῦ
663 2012 726 2066 τῶν
743 2007 904 2095 γλωσσῶν,

153 2107 215 2192 λβ’·
232 2108 385 2187 Αἰθίοπες,
403 2102 637 2202 Τρωγλοδύται,
656 2109 810 2204 Ἀγγαῖοι,
824 2119 907 2206 Γαγ-

155 2218 263 2308 γηνοί,
284 2218 445 2295 Ἤσαυνοί,
473 2217 686 2312 Ἰχθυοφάγοι,
710 2224 904 2300 Ἑλλανικοί,

155 2323 338 2415 Αἰγύπτιοι,
362 2326 521 2401 Φοίνικες,
546 2318 763 2417 Μαρμαρίδαι,
788 2335 903 2420 Κᾶρες,

158 2435 338 2518 Ψυλλϊται,
362 2433 531 2510 Μοσσυνοί,
556 2433 707 2512 Μάκονες,
732 2435 905 2528 Μάκρονες,

159 2545 325 2628 Σηρτῖται,
338 2546 502 2616 Αεπτῒται,
516 2538 692 2632 Μάγνητες,
707 2540 835 2622 Βιθυνοί,
852 2551 909 2611 No-

157 2637 262 2734 μάδες,
275 2645 390 2724 Αύκιοι,
399 2638 617 2736 Μαριανδηνοί,
627 2649 814 2739 Παμφύλιοι,
827 2659 908 2718 Moo-

155 2745 323 2844 χενσίδιοι,
347 2747 503 2821 Πισιδυνοί
511 2812 522 2847 ,
546 2762 719 2849 Αύγοιλαϊοι
728 2816 738 2849 ,
763 2763 887 2838 Κίλικες
896 2819 906 2853 ,

155 2860 353 2951 Μαυρούσιοι,
376 2867 509 2952 Κρῆτες,
536 2856 719 2956 Μαργάδες,
742 2859 907 2960 Νουμίδαι,

157 2967 265 3059 Ἀρροί
278 2969 331 3033 καί
344 2962 523 3058 Βιζακηνοί,
535 2970 742 3060 Νασάμωνες...
756 2969 842 3039 ούτοι
852 3000 909 3040 κα-

158 3075 303 3164 τέχουσιν
317 3077 379 3142 ἀπὸ
390 3078 551 3169 Αἰγύπτου
564 3077 618 3154 ἕως
632 3078 791 3146 Ὠκεανοῦ.
804 3079 906 3144 dunat.

202 3183 270 3248 Εἰσί
293 3174 327 3249 δέ
343 3188 447 3260 αὐτοῖς
463 3185 517 3248 καί
539 3195 628 3259 νῆσοι
644 3189 791 3253 ἑπίκοινοι
807 3185 908 3255 αύται.
929 3181 931 3186 ’

159 3358 240 3427 Ludi,
260 3364 289 3413 et
307 3359 440 3429 Nemigin
458 3359 493 3414 do
513 3377 566 3432 quo
586 3362 737 3435 Pamphili,
758 3369 786 3418 et
806 3364 909 3421 Lahain

158 3448 194 3502 de
203 3466 258 3521 quo
268 3448 382 3522 Lybies,
393 3454 421 3502 et
429 3449 600 3521 Naphtalim,
610 3457 639 3506 et
649 3453 909 3527 patrosonim1uuoe

161 3537 269 3605 Cretes,
288 3542 318 3591 et
336 3536 496 3592 Chaslomin
515 3539 588 3592 unde
601 3539 691 3613 Lycii,
710 3546 738 3595 et
756 3541 827 3596 unde
846 3545 909 3597 exi-

161 3631 260 3680 verunt
279 3625 434 3694 Philistini,
454 3632 482 3682 ei
501 3628 652 3701 Catphorin
672 3630 745 3684 unde
765 3629 879 3686 cilices.

196 3713 232 3768 nt
241 3716 440 3771 cananaeorum
450 3724 517 3772 sunt
526 3719 626 3790 patriai
637 3736 699 3774 eum
710 3723 790 3790 patre
801 3737 908 3776 eorum.

198 3804 307 3858 Dictum
321 3805 404 3858 enim:
419 3805 454 3859 Et
468 3805 577 3858 Canaan
588 3809 686 3878 genuit
697 3808 841 3863 Sidonium
850 3811 909 3880 pri-

162 3893 335 3964 mogenitum
347 3911 382 3948 ex
401 3911 455 3966 quo
474 3895 592 3963 Sidonii,
607 3900 636 3949 et
654 3895 807 3963 (lethaeum,
821 3901 849 3951 ot
862 3897 909 3949 Je-

162 3983 296 4052 buaaium,
310 3988 339 4037 et
351 3985 529 4051 amorreum,
542 3989 571 4038 et
589 3987 770 4056 Gargeeeum,
789 3991 819 4040 et
837 3988 910 4041 Are-

162 4071 263 4126 cheum
281 4069 325 4126 vel
344 4071 451 4127 Evenm
469 4089 504 4126 ex
520 4089 574 4146 quo
586 4073 746 4145 Tripolitea,
759 4075 910 4142 Asaneum,

163 4164 192 4214 et
205 4161 343 4217 Aradeum
357 4163 428 4216 unde
441 4162 555 4232 Trachi,
566 4169 596 4218 et
604 4165 775 4233 samareum,
787 4171 815 4220 et
826 4165 913 4219 Ama·

163 4249 259 4305 iheum
277 4251 349 4306 unde
369 4251 538 4308 Amathusii.

203 4338 255 4393 Est
279 4343 372 4393 antem
395 4339 560 4395 inhabitatio
578 4358 672 4396 eorum
691 4357 709 4394 ιι
726 4341 913 4398 Rhinocorira

165 4443 252 4499 usque
271 4427 387 4483 Gadira.

200 4515 259 4572 Vll.
278 4517 322 4572 Ex
338 4517 488 4573 bisantem
507 4525 658 4574 nascuntur
676 4523 764 4592 regua
782 4520 825 4575 vel
843 4539 914 4593 gen·

164 4611 208 4662 tes
217 4607 273 4661 hm:
287 4608 626 4680 AEthiopes,‘1'rocaditae,
641 4612 758 4681 Agacei,
771 4614 913 4683 Agageni‚

165 4697 270 4764 Itahiri,
288 4695 493 4769 Ichthiophagi,
506 4697 634 4768 Bellami‚
648 4701 790 4772 AEgyptii‚
810 4701 913 4756 Pheni-

165 4801 229 4853 ces,
248 4784 349 4858 Lybii,
368 4786 583 4855 Marmar1idae]‚
603 4789 687 4857 carii,
703 4787 839 4858 Phillitae,
857 4791 914 4846 Mi·

166 4873 213 4940 sii,
233 4873 401 4943 Mosonoeti,
430 4875 569 4948 Phryges,
598 4876 745 4948 Magonee,
775 4878 914 4952 Bythinii,

165 4963 314 5033 Nomadas,
335 4963 426 5038 Lycii,
446 4967 648 5036 Mamacronas,
669 4969 848 5025 Nasamones.

202 5053 238 5107 Hi
252 5054 395 5125 possident
412 5057 446 5111 ab
465 5059 590 5130 AEgypto
605 5075 692 5130 usque
711 5059 744 5112 ad
764 5059 914 5115 Oceanum.

203 5145 275 5200 Sunt
293 5151 383 5200 autem
406 5145 506 5202 insulae
526 5149 555 5200 in
582 5147 627 5201 hia
656 5165 825 5204 communes:
848 5149 917 5203 001⁵

168 5232 240 5303 sula,
254 5235 437 5306 Lampodusa,
449 5236 564 5304 Gadius,
578 5235 693 5304 Melete,
705 5238 842 5312 Corcyra,
853 5238 917 5291 Me·

169 5332 223 5397 nis,
230 5329 369 5396 Sardinia,
380 5326 492 5394 Galata,
501 5327 624 5398 Corsica,
632 5329 726 5400 Crete,
738 5326 851 5398 Gaulos,
862 5327 918 5384 Ro·
942 5399 947 5408 .

959 1675 1000 1742 τὰ
1023 1678 1097 1767 πρὸς
1121 1677 1221 1743 νότον.
1247 1675 1352 1738 θύτου.
1377 1674 1483 1739 Pdacd.

1003 1785 1046 1850 ff.
1057 1785 1105 1850 Τὰ
1114 1777 1148 1850 δέ
1156 1784 1298 1874 ὀνόματα
1305 1794 1368 1850 τῶν
1377 1794 1486 1875 χωρῶν
1498 1794 1554 1849 τού
1562 1784 1635 1873 Χάμ
1643 1788 1710 1850 ἐστι

958 1906 1070 1962 ταῦτα·
1082 1896 1238 1986 Αἴγυπτος
1255 1894 1308 1959 σύν
1324 1905 1390 1970 τοϊς
1407 1894 1477 1983 περί
1493 1892 1591 1966 αὐτὴν
1604 1901 1709 1982 πᾶσιν,

959 2000 1191 2076 Αίθιοπία...η
1218 2001 1379 2086 βλέπουσα
1401 2000 1486 2066 κατὰ
1510 1992 1632 2092 Ἰνδούς,
1656 2000 1710 2065 καί

958 2109 1049 2199 ἑτέρα
1077 2107 1241 2200 Αἰθιοπία,
1265 2107 1334 2173 ὅθεν
1365 2108 1566 2198 ἐκπορεύεται
1597 2112 1613 2172 ὁ
1644 2116 1708 2172 τῶν

958 2215 1112 2282 Αἰθιόπων
1143 2215 1305 2306 ποταμὸς,
1333 2213 1479 2305 [Ἐρυθρὰ
1502 2220 1522 2288 ἡ
1549 2212 1709 2298 βλέπουσα

959 2323 1044 2389 κατὰ
1076 2321 1241 2397 ἀνατολὰς.
1271 2319 1408 2402 secreti]
1433 2314 1573 2410 Θηύαίς,
1597 2313 1709 2409 Αιύύη,

959 2438 979 2506 ἡ
995 2433 1240 2522 παρεκτείνουσα
1250 2430 1342 2521 μέχρι
1350 2431 1502 2521 Κυρήνης,
1512 2428 1710 2520 Μαρμαρίς,...

961 2537 1070 2630 Σύρτις
1093 2538 1210 2626 ἔχουσα
1232 2535 1303 2610 έθνη
1326 2540 1411 2629 τρία,
1434 2534 1630 2626 Νασάμονας,
1646 2535 1711 2602 Μά-

960 2669 1028 2734 κας,
1046 2647 1276 2735 Ταυταριαίοος·
1292 2639 1388 2720 Αιθύη
1408 2645 1499 2734 ἑτέρα
1514 2651 1535 2718 η
1555 2644 1617 2711 ἀπὸ
1631 2643 1712 2709 Αέπ-

961 2778 1037 2831 τεως
1061 2756 1308 2846 παρεκτείνουσα
1331 2754 1437 2844 μέχρις
1457 2753 1709 2843 Ἡρακλεωτικῶν

962 2867 1101 2950 στηλῶν,
1116 2863 1286 2928 κατέναντι
1301 2853 1464 2952 Γαδείρων.
1478 2859 1586 2924 Circa
1602 2858 1709 2923 Pdaclr.

997 2971 1092 3060 Ἔχει
1115 2962 1149 3037 δέ
1164 2970 1218 3035 καί
1234 2974 1264 3035 ὲν
1281 2981 1345 3046 τοῖς
1361 2967 1445 3034 κατὰ
1460 2971 1574 3060 Βορρᾶν
1591 2967 1712 3058 μίρεσιν

961 3077 1018 3154 τοίς
1048 3076 1305 3168 παραθαλασσίας
1335 3076 1491 3166 Κιλικίανν
1523 3074 1710 3158 [Λυκαονίαν

964 3183 1714 3275 Βγιισιίί.],Καρίαν,Βιθυνίαν,Παμρυλίαν,Φρυ-

963 3364 1024 3430 dua,
1039 3361 1161 3428 cithera,
1171 3361 1314 3423 careatus,
1326 3358 1465 3432 antipate,
1477 3357 1577 3425 Chone,
1591 3356 1708 3424 Lesbos,

962 3449 1099 3516 Tenedus,
1114 3449 1247 3518 Megiste,
1261 3449 1391 3515 Nieorue,
1406 3447 1525 3520 Cyprus.
1542 3446 1583 3517 Cf.
1594 3461 1709 3516 yroeco.

998 3540 1050 3605 Qui
1064 3542 1157 3592 autem
1176 3538 1273 3591 horum
1287 3541 1352 3591 sunt
1364 3535 1494 3602 litterati,
1504 3535 1534 3589 hi
1547 3537 1622 3588 sunt:
1637 3533 1710 3587 Phe-

963 3630 1048 3698 nices‚
1068 3629 1210 3700 AEgyptii,
1229 3625 1398 3698 Pamphylii,
1418 3626 1558 3697 Phryges.

999 3720 1071 3774 Sunt
1097 3721 1190 3771 autem
1214 3716 1284 3770 fines
1312 3716 1433 3771 Choma
1456 3713 1630 3782 Rinocorira,
1649 3730 1712 3784 quaa

964 3808 1063 3872 dividit
1081 3808 1190 3880 Syriam
1215 3811 1244 3861 et
1263 3808 1427 3878 AEgyptm,
1448 3821 1534 3876 usque
1559 3804 1663 3860 Gadira
1681 3800 1710 3857 in
1830 3849 1832 3856 .

964 3895 1090 3968 longum.
1442 3939 1445 3951 ,

1000 3984 1070 4041 Vlll.
1091 3985 1211 4042 Nomina
1224 3989 1315 4040 autem
1331 3983 1456 4053 gentium
1475 3982 1519 4036 hm
1531 3985 1608 4035 aunt:
1619 3981 1713 4051 AEgy·

965 4081 1041 4148 ptus,
1054 4079 1082 4128 et
1095 4073 1241 4144 AEthiopia
1259 4087 1321 4142 quea
1335 4069 1426 4124 tendit
1437 4069 1467 4121 in
1476 4067 1592 4135 Indiam;
1601 4071 1629 4120 et
1640 4065 1713 4120 alte-

965 4181 997 4218 ra
1016 4163 1170 4233 AEthiopie,
1189 4158 1261 4214 unde
1280 4157 1470 4230 proficiscitur
1485 4155 1586 4209 flumen
1601 4154 1712 4210 AEihio·

965 4270 1042 4326 pum,
1061 4250 1194 4324 Erythra,
1214 4264 1276 4319 quoa
1296 4253 1339 4301 est
1357 4246 1483 4302 Rubrum
1501 4260 1577 4297 mare
1596 4241 1712 4297 tendam

966 4342 999 4397 ad
1020 4342 1178 4406 Orientem,
1197 4338 1328 4401 Thebasa,
1353 4334 1451 4408 Lybie,
1471 4351 1534 4406 quaa
1553 4330 1712 4387 extenditur

967 4447 1055 4503 usqua
1075 4431 1212 4501 Cyrenen,
1226 4426 1387 4493 Manuaria,
1400 4424 1503 4497 Syrtis,
1524 4421 1628 4475 habena
1642 4437 1711 4491 gen-

967 4523 1009 4572 tes
1027 4516 1086 4571 hae:
1110 4515 1291 4579 Nasamonas,
1310 4509 1434 4576 Moches,
1457 4508 1635 4574 Tautameos3
1656 4503 1712 4577 Ly-

966 4608 1034 4676 biee,
1048 4621 1109 4677 qum
1125 4620 1142 4658 a
1158 4603 1239 4675 Depti
1254 4599 1413 4655 extenditur
1424 4602 1531 4670 [usque]
1542 4593 1714 4663 Numidiam,

968 4695 1138 4761 Massiriam,
1153 4691 1360 4758 Mauritaniam,
1375 4704 1437 4759 quaa
1451 4683 1611 4739 extenditur
1623 4698 1712 4754 usque

967 4785 1001 4838 ad
1020 4781 1171 4838 Herculeae
1189 4780 1343 4845 columnas,
1362 4791 1425 4848 quas
1444 4777 1487 4828 est
1505 4769 1714 4828 Heracleotidne

967 4872 1075 4946 stylos,
1093 4873 1191 4924 contra
1209 4866 1321 4923 Gadira.

1005 4963 1095 5017 Habet
1117 4964 1210 5013 autem
1234 4972 1252 5009 a
1269 4955 1357 5011 Borra
1383 4953 1556 5008 Maritimam
1575 4948 1714 5019 Ciliciam,

969 5047 1171 5123 Pamphyliam,
1200 5045 1344 5112 Pisidiam,
1372 5041 1507 5115 Mieyam,
1535 5038 1705 5111 Lycaoniam

970 5142 1134 5214 Phrygiam,
1145 5135 1306 5202 camaliam,
1317 5133 1440 5206 Lyciam,
1454 5131 1574 5200 cariam,
1585 5128 1713 5203 Lydiam,

971 5233 1089 5305 Mysiam
1108 5229 1203 5296 aliam,
1221 5226 1369 5292 Troadem,
1390 5221 1528 5288 Aulidem,
1554 5220 1713 5292 Bithyniam

971 5328 1090 5379 veterem
1110 5325 1139 5374 et
1158 5318 1308 5392 Phrygiam
1327 5315 1510 5388 superiorem.
