4064 6108
326 516 384 580 sto
865 521 1051 588 semones
1070 520 1328 588 olorinorum

323 674 449 747 πολλοῖς
465 673 726 766 πεφιλοσόφηται,
744 669 923 756 ἐξετάζουσι
941 675 984 742 τά
999 676 1069 767 περί
1122 670 1269 756 tosoplrrri
1289 673 1396 754 solent,
1418 674 1488 740 dum
1509 677 1660 742 excutiunt
1679 677 1717 744 de
1737 679 1864 744 veritate

322 775 479 854 ἀληθείας·
496 777 568 844 ἀλλ’
584 780 652 848 ἐπεί
666 780 727 872 χρή
741 784 901 873 προοίμιον
918 778 995 849 εἶναι
1011 794 1069 859 τῆς
1122 778 1309 864 questiones.
1321 780 1379 846 Sed
1393 798 1483 865 quum
1497 793 1629 867 oporteol
1642 784 1814 868 prooemium
1827 785 1864 849 ad

322 884 470 961 συνέσεως
492 894 557 950 τῶν
581 897 636 952 τοῦ
660 894 740 953 Θεοῦ
763 888 823 957 vlo
848 896 890 966 εἰς
917 889 997 955 Θεὸν
1021 890 1070 952 πί.
1123 885 1329 969 intelligendas
1343 887 1380 954 de
1394 888 1454 953 Deo
1468 889 1628 955 sententias
1641 888 1867 955 exordiriolirle

322 1013 400 1077 στιν,
417 996 445 1055 ol
466 991 520 1080 μὲν
544 994 657 1059 πολλοί
680 993 747 1060 οὐτ’
770 994 873 1070 ἀληθῆ
900 997 1068 1086 εἰρήκασιν,
1123 993 1153 1058 in
1168 993 1271 1070 Deum,
1286 993 1369 1058 multi
1384 1004 1481 1061 autem
1496 1013 1555 1062 non
1569 1013 1641 1062 vero
1654 996 1794 1074 dixerint,
1811 1013 1866 1077 ego

323 1097 386 1189 ἐγὼ
411 1088 444 1162 δὲ
468 1090 520 1164 διά
542 1110 636 1167 τοῦτο
660 1101 814 1192 ἐλάλησα,
830 1103 898 1168 ἐπεί
920 1104 1069 1194 πρότερον
1122 1103 1240 1186 quidem
1262 1111 1414 1186 propterea
1434 1104 1540 1169 11111111
1559 1124 1634 1185 soto,
1653 1105 1720 1188 quia
1742 1104 1867 1188 primunr

321 1206 501 1272 ἐπίστευσα·
520 1201 588 1272 εἶτα
609 1209 750 1286 λαλήσας
766 1210 819 1274 καί
836 1209 992 1301 θεωρήσας
1016 1211 1069 1275 καί
1122 1209 1229 1274 credidi
1234 1230 1246 1284 ,·
1266 1209 1334 1275 dein
1350 1208 1459 1274 loeutus
1473 1230 1548 1292 som,
1562 1221 1593 1276 et
1606 1212 1776 1296 spmulatus
1789 1227 1866 1290 som,

320 1312 463 1403 τιμηθείς
486 1314 546 1380 ὑπὸ
568 1326 625 1381 τοῦ
648 1323 741 1407 Θεοῦ,
758 1312 783 1402 ᾧ
803 1320 1000 1385 πεπίστευκα
1023 1330 1068 1404 τῷ
1122 1325 1152 1380 et
1173 1315 1215 1382 lui
1237 1315 1396 1381 honoratus
1416 1316 1521 1397 aoso,
1536 1317 1606 1400 quia
1621 1318 1684 1400 ejus
1702 1317 1796 1383 verbo
1809 1335 1868 1380 orr-

320 1421 408 1513 λόγῳ
427 1426 535 1510 αὑτοῦ,
551 1426 751 1502 ααααναήαας
766 1450 804 1491 αα
820 1426 879 1500 τὴν
898 1425 1000 1501 ἀληθῆ
1015 1451 1070 1493 uo·
1122 1421 1194 1502 11111,
1217 1430 1246 1487 el
1266 1422 1428 1506 percipiens
1442 1423 1539 1488 animo
1559 1443 1660 1490 reram
1680 1423 1866 1507 sapientiam,

322 1531 406 1620 φύσιν,
427 1529 481 1594 καὶ
494 1527 654 1620 θαυμάσας
671 1537 731 1606 εἰη
753 1535 885 1624 βραχεῖα
902 1535 998 1610 οὕτως
1014 1538 1069 1598 αν.
1121 1535 1152 1591 et
1164 1526 1312 1592 demirans
1329 1546 1393 1606 our,
1412 1529 1486 1595 adeo
1505 1530 1605 1596 brevis
1618 1548 1708 1614 quum
1722 1531 1762 1596 sit
1774 1529 1866 1595 homi-

325 1635 448 1728 θρύσου
465 1636 561 1728 φύσις,
574 1637 732 1704 τοσούτων
749 1632 888 1718 ἀξιοῦται
901 1632 1068 1734 δογμάτων
1121 1649 1191 1697 num
1213 1643 1330 1715 natura,
1345 1635 1435 1701 tantis
1449 1653 1484 1702 ea
1498 1637 1669 1703 nobilitetur
1682 1637 1867 1720 dogmatibus

323 1743 378 1807 καί
399 1744 575 1834 νοημάτων·
591 1745 645 1810 καί
662 1745 759 1822 συνείς
775 1747 853 1812 ὅσων
870 1752 1004 1841 λαγαῶν
1021 1753 1070 1814 αα.
1122 1749 1152 1804 οι
1170 1740 1315 1806 consiliis:
1333 1750 1394 1808 tum
1410 1742 1586 1825 intelligens,
1602 1735 1637 1808 ex
1652 1743 1788 1809 omnibus
1802 1761 1868 1827 qum

322 1874 371 1915 τιν
395 1845 481 1932 ζώων
498 1852 724 1944 ταπεινώτερος
748 1853 916 1946 ἄνθρωπος,
933 1857 986 1921 καὶ
1008 1856 1068 1932 γὴν
1122 1855 1193 1910 Sunt
1211 1857 1353 1914 111111111ῐῶ
1372 1850 1551 1932 spirituales,
1565 1850 1710 1918 hominem
1728 1870 1795 1920 θδθθ
1814 1851 1868 1916 hu·

324 1959 426 2023 αἰτίαν
458 1959 618 2052 γεγονέναι
650 1985 689 2050 με
713 1960 872 2054 ἄνθρωπον
881 2019 892 2054 ,
917 1962 1000 2053 μετά
1030 1965 1069 2030 τδ
1123 1953 1287 2036 molinum,
1310 1973 1427 2022 musam
1449 1966 1546 2023 tamtm
1569 1966 1659 2023 1θῦῑᾶ
1678 1958 1802 2024 1811330
1821 1974 1869 2022 ¹¹1³

322 2076 486 2132 πιστεῦσαι
509 2067 563 2132 καί
585 2072 741 2148 λαλῆσαι,
766 2067 988 2146 ἑταπεινώθην·
1012 2076 1070 2162 οὐχ
1124 2060 1289 2143 hominem,
1311 2071 1467 2146 1051θῦ11111
1487 2064 1596 2128 millii
1613 2074 1643 2132 0²
1663 2064 1773 2129 ίθΰθθίθ
1792 2083 1866 2147 illm,

322 2179 362 2250 ὡς
385 2173 507 2264 ἔτυχον,
533 2173 617 2239 ἀλλά
640 2166 769 2268 σφόδρα,
793 2181 888 2243 αὺτοῦ
911 2187 967 2243 τοῦ
991 2181 1070 2244 ἀπο-
1122 2167 1289 2232 humiliatus
1308 2187 1459 2245 11111ῐῦθῦ
1473 2171 1678 2253 Ρθῐθωῦῑθῐίθν
1691 2171 1744 2236 sed
1766 2171 1865 2236 Widffi

323 2278 532 2369 καλυφθέντος
556 2303 609 2370 μοι
631 2281 728 2372 λόγου
752 2283 917 2359 πείσαντύς
941 2307 980 2373 με
1003 2288 1070 2350 ἐπι-
1122 2274 1149 2338 si
1170 2274 1288 2357 quidem
1311 2277 1375 2361 ipso
1395 2277 1467 2342 milri
1492 2276 1623 2343 reuelato
1643 2296 1777 2344 sermono
1796 2295 1869 2361 per·

323 2385 417 2450 πλέον
440 2386 681 2462 ταπεινωθῆναι.
698 2383 777 2453 Εἶτα
794 2379 893 2480 είδὼς,
918 2391 1000 2479 μετά
1014 2394 1068 2457 τὸν
1122 2383 1267 2449 suadebas
1286 2384 1413 2470 &mplius
1432 2385 1591 2450 homiliali-
1613 2385 1727 2453 Deinde
1747 2403 1871 2470 compt-

323 2500 378 2556 τοῢ
402 2497 482 2558 Θεοῦ
499 2483 620 2583 δοῦλον,
635 2493 707 2570 τοὺς
723 2494 857 2571 πολλοὺς
872 2505 936 2562 τῶν
956 2495 1071 2588 ἀνθρώ·
1123 2489 1211 2569 tiemo
1221 2499 1289 2572 10111
1303 2491 1380 2557 huuc
1393 2491 1448 2558 Dei
1460 2509 1590 2571 serrum,
1600 2492 1702 2576 111131θῦ
1712 2491 1773 2559 Sint
1785 2492 1870 2558 mulli

324 2619 390 2661 πων
404 2597 526 2691 λόγους,
540 2603 570 2664 ἐν
587 2595 630 2675 οἷς
645 2599 795 2690 πρότερον
807 2591 933 2667 ἐδόκουν
945 2628 979 2668 τι
994 2599 1071 2669 εἶναι
1124 2596 1272 2664 hominum
1286 2617 1444 2677 sermones
1459 2599 1491 2663 in
1505 2599 1614 2683 quibus
1628 2601 1755 2684 primum
1774 2602 1869 2685 suspi-

325 2703 489 2794 soporant
511 2703 635 2794 ἀληθὲς,
652 2707 870 2800 καταπλαγείς
891 2709 944 2774 καί
958 2712 1070 2790 ἐκστὰς
1124 2707 1213 2772 cobar
1232 2725 1298 2774 essa
1313 2706 1426 2792 aliquid
1438 2706 1557 2790 sopiens
1575 2717 1607 2774 st
1620 2727 1733 2788 rerum,
1746 2710 1871 2776 atwnito

324 2813 375 2900 ἐπὶ
397 2823 462 2890 τοῖς
478 2811 670 2903 παθήμασιν,
689 2816 898 2907 ἀπεφηνάμην
914 2818 985 2910 περὶ
1007 2830 1070 2886 τῶν
1123 2812 1237 2896 similis,
1252 2834 1306 2883 noo
1327 2816 1383 2881 mei
1403 2833 1521 2900 compos
1537 2835 1597 2901 pro
1615 2817 1775 2899 angoribus
1788 2835 1871 2885 men·

325 2919 534 3014 ἀνθρωπίνων,
550 2927 631 3010 αὐτῇ
649 2917 835 3014 reportatio
851 2923 996 3018 ἀληθείᾳ,
1021 2928 1070 2992 ὅτι
1125 2923 1173 3006 tis,
1186 2922 1466 2992 hocdamortalium
1476 2924 1714 3008 rehusjudioium
1725 2924 1870 3004 ieoi‚dum

325 3032 360 3094 ού
383 3029 462 3106 τινὲς
479 3029 534 3119 μὲν
550 3027 717 3120 ἀνθρώπων
740 3030 955 3125 ἀληθεύουσιν,
972 3035 1071 3126 ἕτεροι
1124 3050 1175 3098 eas
1191 3052 1257 3098 cum
1271 3033 1335 3116 ipsa
1350 3032 1476 3100 veritate
1495 3033 1665 3114 ooulerram,
1679 3051 1738 3100 non
1758 3033 1873 3116 aliquot

326 3127 360 3201 δὲ
384 3128 562 3226 ψεύδονται,
587 3137 671 3205 ἀλλά
694 3137 809 3218 πάντες
831 3132 1006 3230 ψεύδονται.
1125 3140 1256 3208 homines
1270 3141 1417 3208 romuleos
1427 3161 1500 3221 esse,
1513 3140 1696 3210 otiosautom
1706 3142 1873 3220 mendaces,

1124 3255 1157 3311 at
1175 3265 1276 3314 omnes
1296 3247 1415 3314 omnino
1436 3247 1561 3313 mentiri.

371 3347 473 3419 Τίοθν
490 3353 561 3419 ἀντί
575 3353 696 3419 τούτων
713 3344 833 3445 δωρεῶν
850 3354 938 3447 κάγὼ
953 3362 1072 3442 rollo·
1165 3352 1245 3435 Quid
1266 3372 1337 3435 ergo
1356 3373 1428 3438 ego,
1450 3352 1554 3420 horum
1574 3373 1730 3422 munerum
1748 3373 1870 3441 memor,

328 3463 391 3552 ρίῳ,
400 3465 441 3537 ὡς
449 3459 641 3551 εύχάριστος,
651 3460 735 3527 κατά
743 3453 871 3551 δύναμίν
881 3488 940 3552 μου
950 3456 1072 3530 ἀποδά-
1125 3459 1251 3524 Domino
1272 3477 1325 3543 pro
1338 3459 1452 3524 viribus
1473 3460 1547 3526 meis
1560 3461 1744 3528 retribuam?
1763 3471 1794 3528 et
1814 3481 1873 3547 qua

326 3593 370 3633 σω
378 3595 385 3646 ;
402 3569 456 3633 καί
470 3570 545 3653 ποίᾳ
560 3569 735 3660 προαιρέσει
750 3571 804 3636 καί
818 3572 1016 3647 τηλικαύτην
1029 3579 1071 3650 εἰς
1125 3567 1243 3634 demum
1258 3585 1323 3631 eum
1337 3566 1490 3632 voluntate
1502 3583 1556 3650 pro
1569 3577 1652 3633 tonte
1665 3586 1734 3651 erga
1745 3587 1793 3634 me
1806 3588 1874 3652 gre·

326 3673 381 3764 ἑμὲ
397 3674 487 3764 χάριν
502 3670 691 3764 ἀμείψομαις
708 3682 817 3749 Ζητῶν
842 3667 893 3755 δή,
910 3668 981 3743 όδδν
999 3682 1071 3768 μίαν
1126 3675 1168 3739 tio
1188 3673 1401 3757 respondeam?
1419 3673 1572 3754 inquirens
1585 3673 1685 3756 igitur,
1704 3693 1794 3740 unam
1808 3685 1874 3742 tan-

328 3776 423 3872 εῧρον,
440 3786 480 3857 ὡς
492 3780 552 3870 χρή
570 3804 609 3870 με
622 3778 811 3870 ἀμείψασθαι
823 3784 877 3850 τδν
889 3785 980 3851 Θεόν·
993 3787 1070 3853 ἑκὼν
1126 3793 1189 3848 tum
1208 3781 1322 3865 repperi
1343 3782 1437 3862 riom,
1452 3799 1577 3865 quocum
1597 3792 1730 3864 oporteat
1750 3802 1797 3848 me
1810 3783 1874 3850 Deo

326 3885 386 3978 γὰρ
408 3883 561 3976 λήψομαι,
586 3886 628 3977 μή
655 3889 930 3981 παραιτησάμενος
958 3883 1071 3959 διὰτὸ
1125 3889 1204 3975 quod
1217 3889 1310 3956 debeo
1323 3889 1449 3955 solvere.
1465 3889 1580 3955 Lubons
1593 3889 1705 3954 scilicet
1715 3890 1871 3972 accipiam,

327 3994 475 4086 όχληρδν,
491 4003 553 4058 τῶν
570 3998 601 4060 ἐν
618 4004 663 4081 τῷ
681 4000 839 4089 μαρτυρίῳ
854 3999 955 4066 πόνων
967 4001 1005 4066 τθ
1017 4025 1073 4068 πο·
1125 4015 1181 4064 neo
1200 3996 1348 4078 refugiens
1361 3996 1399 4060 ob
1413 3993 1588 4074 molestiam,
1605 3993 1721 4059 comem
1734 3993 1874 4063 laboriosi

326 4103 446 4193 τήριον,
463 4103 537 4192 ὅπερ
555 4103 707 4195 σωτήριον
723 4105 884 4198 τυγχάνει·
906 4109 1071 4176 καὶτοῦτο
1126 4101 1270 4188 martyrii,
1291 4101 1341 4186 qui
1361 4099 1439 4166 colio
1451 4099 1589 4164 solutoris
1609 4104 1660 4162 est.
1676 4099 1810 4182 Eumque
1825 4119 1876 4166 su·

326 4202 442 4286 λαόὼν,
458 4208 512 4273 καί
535 4212 612 4299 ὁρῶν
630 4209 679 4276 ὅτι
694 4201 806 4302 δίομαι
822 4203 982 4304 δυνάμεως
997 4217 1071 4308 πρὸς
1125 4231 1220 4291 meno,
1236 4221 1325 4296 utque
1344 4205 1536 4277 oonsidorros
1550 4207 1621 4273 mihi
1636 4225 1711 4290 opus
1731 4223 1799 4272 esse
1811 4206 1874 4271 vir·

325 4317 363 4380 τδ
387 4325 466 4381 πιεῒν
483 4315 573 4405 αὐτδ,
589 4317 814 4409 ἐπικαλέσομαι
829 4321 867 4387 τὸ
883 4332 939 4388 τοῦ
959 4325 1071 4414 Κυρίου
1126 4331 1188 4388 tute
1208 4320 1247 4386 ad
1261 4339 1328 4386 eum
1343 4318 1513 4398 bibendum,
1528 4314 1672 4382 invocabo
1685 4333 1791 4380 nomen
1812 4315 1871 4380 Do·

326 4423 440 4512 όνορια,
465 4423 515 4487 ίνα
544 4413 724 4512 δυναμωθῶ·
754 4426 903 4517 πείθομαι
931 4429 992 4523 γάρ
1016 4432 1071 4498 τὸν
1126 4429 1208 4506 mini,
1229 4437 1262 4494 nt
1281 4427 1396 4493 viribus
1419 4442 1540 4508 augear.
1563 4422 1679 4488 Etenim
1700 4437 1873 4504 persuasum

326 4530 401 4620 ὑπὲρ
426 4523 582 4608 rossoton
605 4531 657 4595 καί
680 4531 844 4612 ὁσιότητος
868 4534 1002 4603 θάνατον
1025 4541 1073 4604 τί·
1126 4536 1364 4617 mommoreto
1377 4549 1430 4617 pro
1443 4528 1792 4614 religioneetsonolitote
1801 4546 1876 4610 pre-

327 4661 396 4726 μιον
421 4631 498 4702 εἶναι
520 4641 551 4702 ἐν
575 4636 745 4728 ὀφθαλμοῖς
769 4642 889 4732 Κυρίου.
1077 4703 1079 4706 .
1127 4643 1229 4705 torono
1249 4659 1307 4704 esse
1326 4641 1356 4702 ιἰι
1376 4637 1466 4702 ocutis
1487 4635 1613 4700 Domini.

329 4853 544 4924 imposuimus.»
564 4853 631 4908 Haeo
649 4869 715 4909 raro
735 4858 791 4909 tam
815 4871 971 4929 anonymus
990 4874 1073 4930 quam
1128 4862 1193 4913 sunt
1211 4861 1240 4912 et
1257 4853 1362 4912 similia
1380 4855 1507 4911 archaico
1526 4854 1555 4907 io
1574 4869 1618 4923 pr.
1632 4866 1717 4906 xxxvr
1729 4867 1873 4906 comman-

329 4939 465 5009 Origsnes
483 4956 500 4993 a
521 4941 681 4997 sanioribus
706 4948 735 4998 st
758 4959 774 4996 ε
799 4948 892 5016 prisco
916 4951 1073 5018 martyrum
1128 4949 1200 5002 torio
1212 4947 1361 5019 superiori.
1372 4943 1543 4998 Clementem
1556 4943 1651 5014 potius
1663 4941 1788 5012 sapiunt,
1799 4946 1829 4995 st
1840 4941 1876 4995 ad

329 5041 399 5094 ατο,
414 5028 441 5079 ni
456 5026 550 5098 fullor,
564 5031 749 5100 repetierunt,
761 5048 822 5104 qum
836 5035 950 5089 omnino
964 5037 1076 5104 gemina
1129 5043 1249 5092 eaustus
1260 5034 1384 5108 raspsxit
1395 5033 1501 5090 rheno.
1515 5033 1582 5088 Har.
1597 5030 1677 5084 Coro.
1689 5045 1721 5098 rr,
1730 5027 1797 5098 325,
1809 5027 1876 5084 330.
