4038 6088
856 489 896 555 m
916 490 1089 558 PSALMOS
1694 500 1752 564 ibi

198 632 302 718 λάξεις
326 645 420 727 ἡμᾶς,
442 629 551 712 ἐπειδὴ
577 641 764 716 κυκλοῦντες
784 645 949 706 κυκλοῦσιν
1004 641 1143 724 quoniam
1159 641 1373 709 circumdantes
1384 643 1686 728 circumcinguntnos
1701 646 1754 712 im-

197 753 281 836 ημάς
304 751 333 811 οἱ
357 739 493 823 ἀοιθεῖς,
517 737 770 824 ἐπιθουλεόσντες
793 759 835 834 τῇ
860 754 948 836 ἡμῶν
1004 749 1057 832 pii,
1071 749 1158 814 soluti
1173 759 1281 816 nostrae
1301 750 1487 835 insidiantes,
1504 751 1593 819 iidem
1608 771 1672 820 esse
1686 773 1753 837 pos·

199 857 349 946 σωτηρίᾳ,
374 849 460 921 οὗτοι
483 845 509 920 δ’
528 855 564 922 ἂν
589 851 649 922 εἶεν
666 860 878 947 ἀντικείμενοι
894 847 949 921 δυ-
1002 855 1065 920 sint
1085 875 1120 923 ae
1140 858 1321 925 adversariae
1338 868 1510 944 mustaceo.

197 963 314 1052 νάμεις.

835 1195 1003 1270 Fecimus
1027 1197 1121 1271 XII.

243 1420 276 1467 v.
300 1403 330 1467 1.
352 1409 404 1480 Εἰς
426 1403 465 1471 τό
487 1404 587 1485 τέλος,
608 1402 729 1496 ψαλμός
752 1417 797 1490 τῷ
822 1400 927 1474 Δαυέδ.
1045 1426 1076 1472 v.
1101 1411 1131 1472 1.
1155 1409 1191 1472 In
1211 1410 1306 1491 finem,
1327 1411 1457 1493 psalmus
1476 1411 1599 1475 Dooidt'.

248 1511 407 1588 ’Υπόθεσις
419 1507 576 1578 Εὐσεθίου.
588 1512 645 1578 Διά
657 1512 694 1580 τό
706 1515 806 1592 τέλος,
820 1513 953 1607 conspui
1046 1515 1247 1596 λισῦιιιικτυιι
1260 1516 1388 1580 Eusnrnr.
1404 1515 1526 1600 Propter
1540 1515 1639 1596 tinem,
1655 1515 1707 1598 qui
1723 1517 1754 1581 in

199 1629 246 1702 τῷ
262 1626 342 1702 Θεῷ,
358 1619 464 1684 πάντα
479 1619 520 1685 τὰ
532 1619 591 1712 πρό
605 1631 662 1686 τοῦ
678 1621 787 1698 τέλους
804 1614 951 1714 ἀνδρικῶς
1006 1614 1099 1680 Deum
1121 1618 1254 1698 respicit,
1276 1618 1374 1682 omnia
1394 1619 1554 1684 certamina
1574 1629 1645 1684 unte
1665 1619 1753 1684 tinem
1846 1657 1847 1662 ι

197 1721 381 1817 ἠγωνίζετο·
404 1725 441 1793 τὸ
466 1718 500 1793 δὲ
522 1729 612 1805 τέλος
629 1727 745 1820 καρπός
769 1735 785 1792 ὁ
809 1741 872 1795 roe
892 1733 951 1797 πό.
1004 1720 1132 1786 viriliter
1152 1724 1375 1790 exercebantur.
1402 1727 1443 1788 At
1462 1742 1533 1791 vero
1554 1724 1621 1789 iinis
1642 1723 1753 1790 fructus

203 1854 273 1908 νων,
302 1825 385 1910 ζωὴν
410 1831 532 1897 αἰώνιον
556 1834 609 1898 καθ
633 1837 792 1918 βασιλείαν
817 1841 951 1928 οὐρανῶν
1006 1828 1135 1893 laborum
1150 1837 1206 1910 est,
1221 1830 1314 1895 vitum
1329 1831 1521 1896 immortalem
1536 1831 1755 1896 etcoetcstcrc

199 1947 264 2012 τοῖς
281 1940 413 2029 γνησίως
432 1934 666 2032 ἀγωνιζομένοις
681 1936 846 2033 προξενῶν,
863 1943 951 2010 Ἐπεὶ
1004 1954 1096 2013 gnum
1107 1945 1227 2001 strenue
1237 1938 1420 2002 cermntibus
1434 1937 1638 2022 suppeditans.
1653 1937 1756 2017 Quan-

201 2045 304 2108 τοίνυν
324 2044 377 2109 καθ
400 2049 416 2108 ὁ
440 2037 536 2112 Δαυῑδ
559 2047 680 2113 τούτων
705 2045 746 2125 εἷς
770 2046 818 2128 ἦν,
836 2056 877 2126 εἰς
895 2050 950 2139 μὲν
1004 2042 1041 2108 do
1063 2041 1182 2124 uuidern
1198 2063 1274 2109 unus
1294 2044 1399 2111 borum
1419 2046 1594 2111 certantium
1616 2053 1679 2110 erat
1699 2045 1757 2109 Da·

202 2153 240 2216 τό
256 2151 346 2227 τέλος
361 2161 407 2234 τῷ
422 2159 493 2236 Θεῷ
508 2152 563 2219 τόν
580 2149 701 2243 ψαλμὸν
720 2155 774 2221 καὶ
788 2156 849 2230 τὴν
865 2149 949 2240 ᾠδὴν
1002 2149 1067 2232 uid,
1084 2151 1121 2215 ad
1137 2153 1223 2218 tinem
1239 2155 1384 2238 psalmum
1398 2165 1429 2222 ct
1442 2156 1589 2222 canticum
1603 2156 1665 2222 Deo
1685 2157 1755 2224 effc-

204 2255 373 2342 ἀνέπεμπε.
398 2254 490 2321 Κατά
506 2248 540 2322 δὲ
555 2256 615 2331 τὴν
640 2259 751 2349 ἀρχὴν,
768 2263 881 2327 ὡσανεὶ
903 2263 951 2326 ἔτι
1003 2257 1097 2322 rebat.
1113 2259 1188 2324 Tum
1201 2260 1240 2324 ab
1260 2261 1393 2340 exordis,
1404 2279 1441 2324 uc
1454 2263 1479 2326 si
1494 2262 1590 2327 adbuc
1610 2273 1705 2328 staret
1725 2265 1755 2328 iu

202 2354 437 2452 ἀγωνιζόμενος,
453 2362 511 2439 τάς
525 2363 651 2454 πρώτας
670 2365 818 2456 προέφερε
841 2369 950 2458 φωνάς·
1003 2368 1076 2445 acie,
1099 2364 1187 2432 nasce
1209 2367 1317 2448 primus
1337 2385 1425 2433 voces
1445 2368 1605 2434 citabatur:

244 2483 275 2526 v.
298 2467 328 2527 i.
345 2463 426 2544 Ἕως
440 2467 530 2546 πότε,
548 2467 650 2559 Κόριε,
668 2470 805 2560 ἐπιλήσῃ
831 2497 889 2561 μου
908 2479 948 2551 εἰς
1043 2491 1075 2536 v.
1098 2475 1128 2536 2.
1149 2473 1306 2556 usquequo,
1326 2475 1454 2554 Domine,
1472 2475 1647 2539 oblivisceris
1668 2493 1713 2538 mc
1726 2477 1756 2538 ιἰι

198 2571 287 2650 τέλος
294 2597 302 2650 ;
327 2574 381 2649 ἕως
404 2573 484 2639 πότε
508 2575 711 2667 ἀποστρέψεις
732 2577 770 2644 τό
784 2579 948 2668 πρόσωπόν
1002 2579 1109 2660 Mem?
1128 2579 1275 2664 Usquequo
1296 2587 1407 2646 onorico
1426 2581 1532 2663 sociem
1546 2589 1626 2647 tuom
1646 2601 1668 2646 ο
1687 2586 1755 2646 mc?

201 2702 256 2743 σου
281 2679 333 2745 ἀπ’
358 2685 434 2770 ἐμοῦ
443 2707 453 2760 ;
480 2680 569 2746 Vaiic.
593 2703 622 2764 p.
647 2684 715 2764 630,
739 2687 768 2747 θ.

243 2792 305 2851 Τοῦ
329 2790 432 2852 αὐτόῦ.
457 2779 633 2876 Διδάσκων,
657 2801 718 2866 τῆς
742 2793 869 2881 μνήμης
892 2805 948 2860 τοῦ
1043 2793 1196 2876 Ejusdem.
1214 2795 1302 2861 Hisce
1315 2794 1410 2876 docet,
1426 2796 1475 2861 vel
1489 2813 1524 2862 co
1543 2795 1606 2879 ipso
1621 2804 1753 2878 tempore

199 2898 279 2958 Θεοῦ
288 2903 384 2983 καιρῷ
392 2918 454 2958 τινι
467 2895 727 2961 ἀποπεπτωκέναι
740 2897 809 2980 [rbi
822 2898 949 2986 λήθηνψ·
1002 2919 1060 2984 quo
1081 2903 1159 2966 Deus
1180 2903 1329 2983 meminit,
1352 2904 1532 2970 intercedere
1555 2903 1749 2969 oblivionem:

199 2997 313 3078 (λήθην
337 2999 398 3091 γάρ
422 3000 532 3077 όΘεός
548 3012 683 3066 ποιεῖται
698 3013 761 3068 τῶν
778 3004 949 3070 λανθανόν-
1002 3007 1180 3073 oblivionem
1208 3027 1334 3090 namque
1358 3009 1437 3072 Deus
1466 3009 1535 3073 iacit
1559 3008 1674 3072 illorum
1701 3008 1752 3091 qui

197 3130 260 3171 των
285 3110 390 3172 αὐτοῦ·
412 3106 558 3172 λανθάνει
575 3099 609 3173 δὲ
624 3113 721 3174 αὐτοῦ
737 3120 797 3186 πάς
814 3116 830 3174 ὁ
847 3117 949 3201 ἀμαρ-
1000 3129 1067 3177 eum
1088 3114 1320 3194 obliviscuntnr;
1336 3114 1520 3180 obliviscitur
1541 3122 1641 3179 nutem
1656 3115 1750 3178 Deum

198 3213 325 3301 τάνων)·
339 3212 423 3278 ἀλλά
438 3213 492 3278 καέ
503 3213 570 3279 ἐπεὶ
583 3216 770 3305 ἀποστρέφει
781 3216 819 3283 τό
831 3220 949 3307 πρόσω-
1002 3219 1179 3300 quicumque
1192 3228 1305 3303 peccet.
1323 3220 1431 3287 Verum
1446 3229 1476 3300 et
1489 3220 1627 3303 quonium
1642 3221 1755 3283 avertit

197 3341 256 3382 πον
274 3323 368 3384 αὑτοῦ
384 3317 445 3384 ἀπό
462 3329 524 3384 τῶν
542 3321 670 3409 αἰσχρόν
688 3343 720 3383 τι
743 3323 947 3410 πραττόντων
1001 3323 1090 3388 etium
1111 3325 1227 3389 vultum
1247 3343 1332 3388 suum
1353 3325 1392 3388 ab
1406 3324 1465 3389 iltis
1479 3325 1528 3407 qui
1543 3325 1653 3407 aliquid
1676 3343 1757 3400 com·

198 3419 326 3504 ἀναξίως
339 3436 401 3491 τῶν
420 3431 515 3492 αὐτοῦ
532 3426 709 3518 ὀφθαλμῶν,
726 3431 874 3497 τουτέστι
889 3441 947 3510 της
1000 3429 1124 3496 mittunt
1139 3439 1233 3514 turpe,
1252 3431 1407 3512 indiguum
1421 3430 1514 3495 ocutis
1529 3431 1602 3511 suis,
1617 3449 1671 3496 seu
1692 3431 1754 3495 rir-
1869 3417 1873 3424 ’

198 3531 391 3623 θεωρητικῆς
423 3533 707 3612 colecestrensem
731 3539 826 3600 αὑτοῦ
855 3528 948 3602 δυνά·
1003 3545 1067 3602 tute
1086 3556 1143 3620 qua
1165 3537 1332 3603 considerat
1350 3547 1382 3603 et
1395 3538 1545 3621 inteiligit,
1568 3539 1606 3604 ab
1622 3538 1692 3618 iilis,
1707 3539 1756 3603 iu·
1787 3625 1788 3630 γ

199 3663 288 3729 μεως,
305 3639 453 3724 βιούντων
472 3639 620 3731 μεγάλως
637 3636 863 3732 φροντιζόντων
879 3643 949 3734 περὶ
1002 3642 1277 3725 quum‚quivivunt
1288 3644 1463 3725 cumumpio
1474 3643 1755 3726 contemptujudicii

197 3757 257 3823 τῆς
281 3749 407 3837 κρίσεως
424 3758 479 3812 τοῦ
496 3753 587 3826 Θεοῦ,
612 3749 666 3813 καὶ
682 3752 821 3842 ἀγωνιῶν
838 3749 886 3841 ἐφ’
905 3748 948 3828 οῖς
1001 3748 1111 3829 divini,
1131 3749 1274 3835 propbeta
1289 3739 1465 3816 exaestuans
1478 3751 1535 3815 buc
1555 3751 1592 3816 de
1612 3767 1645 3815 re
1666 3768 1755 3832 quam

198 3855 300 3937 ἑαυτῷ
329 3846 473 3940 συνῄδει,
496 3855 717 3944 πληττόμενός
749 3881 786 3922 τε
810 3859 870 3924 ὑπό
892 3869 948 3924 τοῦ
1002 3872 1102 3920 secum
1123 3854 1246 3936 cogitat,
1268 3854 1476 3937 confossusque
1503 3853 1701 3950 conscientia,
1724 3861 1755 3918 et

199 3953 391 4041 συνειδότος,
414 3961 468 4027 καί
489 3961 549 4037 τὴν
573 3958 676 4052 ψυχὴν
708 3962 766 4031 ὑπό
789 3970 949 4057 λογισμῶν
1003 3961 1117 4027 intimis
1138 3961 1246 4030 unimae
1266 3981 1329 4027 suae
1350 3963 1478 4027 motibus
1499 3962 1660 4040 sauciatus,
1675 3960 1754 4026 sub-

200 4066 377 4156 ἀνιώμενος,
402 4070 547 4161 ἐπιλέγει·
1002 4068 1119 4151 jungit:

244 4188 276 4234 v.
293 4172 322 4235 3.
335 4172 415 4251 Ἕως
431 4175 513 4251 τόνος
532 4173 668 4265 θήσομαι
682 4177 797 4262 βουλὰς
814 4177 847 4245 ε’ν
864 4177 947 4270 ψυχῇ
1043 4191 1076 4238 v.
1099 4174 1128 4238 3.
1153 4173 1298 4250 Quamdiu
1321 4179 1431 4257 ponam
1458 4171 1577 4239 coneilio
1603 4174 1634 4235 t'tt
1654 4175 1754 4236 anima

203 4271 435 4366 μου,όδόναςε“ν
448 4272 819 4373 καρδίᾳμουήμέραςκαέ
831 4285 951 4363 νυκτός
1005 4297 1079 4358 mco,
1102 4279 1212 4343 dolores
1232 4284 1264 4378 ιἰι
1284 4284 1368 4344 corde
1387 4299 1460 4360 meo,
1483 4280 1527 4343 die
1548 4297 1582 4344 ao
1603 4283 1709 4342 nocio?

246 4393 309 4450 Τοῦ
332 4390 437 4452 αὺτοῦ.
461 4387 542 4452 ’ἀνθ’
561 4383 595 4453 οὗ
618 4393 634 4452 ὁ
659 4389 829 4478 Σύμμαχος
850 4391 952 4481 ήρμή-
1045 4381 1195 4469 Ejusdem.
1208 4386 1264 4452 Pro
1274 4405 1331 4470 quo
1340 4386 1534 4469 Symmachus
1545 4385 1754 4467 interpretatus

89 4484 94 4492 '
201 4513 307 4555 νευσεν
333 4491 437 4556 εἰπών·
460 4492 614 4583 Μέριμναν
639 4493 672 4560 ε’ν
696 4505 737 4582 τῇ
757 4486 877 4580 διανοίᾳ
893 4520 951 4586 μου
1005 4500 1051 4557 est
1070 4492 1186 4557 dicens:
1204 4490 1567 4574 Eianqociiart'nanr'mo
1584 4491 1753 4570 meoquoii·

201 4595 269 4662 καθ’
294 4599 423 4690 ἡμέραν.
449 4607 558 4666 Ταῦτα
582 4592 625 4679 δέ,
651 4602 753 4690 φησὶν,
770 4601 892 4693 ἐγράφη
911 4609 951 4680 εἰς
1006 4583 1759 4682 ore.Echecaicscripuasuntur'commoveanur‚

237 4759 286 4813 Ps.
306 4759 380 4826 XII,
400 4778 427 4814 υ.
457 4755 481 4813 l.
506 4761 658 4816 Deficiente
684 4778 858 4832 quocumque
883 4779 954 4820 novo
1042 4780 1069 4816 c.
1089 4759 1116 4815 2.
1133 4761 1181 4811 ”An
1208 4759 1282 4821 ἀξίως
1302 4760 1362 4814 cod·
1382 4788 1418 4800 -
1435 4756 1563 4819 Ἀναξίονς
1589 4753 1651 4810 εἶναι
1675 4758 1757 4826 κρίνας

205 4847 338 4918 Origsnis
356 4849 567 4919 commentario,
580 4851 615 4903 ab
634 4867 666 4905 eo
678 4850 751 4904 haud
769 4851 886 4907 multum
906 4869 953 4906 re·
1009 4853 1054 4908 τῆς
1078 4851 1214 4910 &uomebat
1235 4848 1318 4901 αὑτοῦ·
1338 4847 1449 4902 cordet·
1470 4849 1620 4918 Sequentia
1644 4855 1755 4900 00οῑοῦ-

203 4935 336 5006 ccdimus,
348 4937 413 4992 dum
424 4939 595 4994 recurrimus
604 4938 638 4992 sd
650 4938 800 4992 Eusebium
812 4955 874 4993 cnm
887 4941 952 4995 Vct.
1008 4943 1137 5009 quonium
1151 4939 1196 4993 ubi
1210 4938 1283 4991 idem
1299 4936 1410 4991 corten.
1429 4936 1512 5005 ῦιάιιιρ
1525 4937 1571 4988 ὑπὸ
1592 4937 1634 4987 τοῦ
1654 4935 1758 4986 συνειδό-

206 5021 247 5094 13,
264 5029 397 5097 jnstaqne
410 5026 573 5097 integritate
593 5027 620 5080 id
633 5028 818 5095 restituturum,
834 5027 906 5098 quod
926 5029 954 5082 in
1007 5045 1048 5086 τος
1067 5027 1210 5096 νυττόμενος
1224 5031 1267 5078 κοιλ
1282 5027 1325 5082 τὴν
1338 5028 1380 5077 τσῦ
1393 5028 1453 5078 θεοῦ
1467 5027 1550 5086 δεδιὼς
1565 5025 1649 5094 κρίσιν,
1663 5025 1758 5095 ἐπάγει1

120 5095 124 5102 ’
204 5111 303 5167 mutilo
314 5116 422 5167 tantum
432 5118 461 5167 st
473 5114 614 5185 incompto
626 5115 788 5185 compendio
801 5114 955 5170 Montefel-
1043 5133 1070 5170 ο.
1085 5111 1112 5169 3.
1128 5117 1167 5168 De
1180 5114 1344 5186 Symmacho
1357 5112 1395 5169 cf.
1410 5111 1498 5169 Field.
1513 5129 1544 5183 rr,
1562 5112 1622 5167 105.
1637 5141 1672 5154 -
1691 5113 1760 5169 vet.

204 5199 302 5253 conius
321 5213 337 5252 ο
356 5199 489 5256 cornerio
507 5207 664 5271 receperat.
1009 5201 1030 5254 B
1050 5218 1106 5256 om.
1126 5206 1170 5254 καὶ
1187 5202 1280 5262 νυκτός.
