4038 6088
847 474 972 540 counit
994 475 1083 540 SAEC.
1108 476 1143 540 Vl
1547 486 1554 500 ⁶
1710 479 1769 544 693

265 626 426 690 Praemissis
447 624 539 709 igitur
560 624 704 705 Salviuni,
728 625 833 692 lliiarii
854 634 886 693 et
904 627 1020 693 Rustici
1042 627 1159 708 litteris,
1181 628 1203 692 i.
1221 629 1251 706 3,
1269 629 1299 706 6,
1322 631 1351 708 6,
1374 637 1435 694 tum
1456 629 1477 692 i.
1500 631 1519 694 6
1541 630 1679 711 proremio
1706 631 1771 698 liu-

224 732 314 797 cberii
336 732 373 798 ad
395 731 555 814 Salonium,
578 732 656 815 quod
678 732 817 800 ineditis
837 733 946 815 legitur
965 743 1035 800 ante
1054 732 1128 800 duos
1149 734 1237 800 libms
1258 733 1494 816 inconcinnum,
1518 737 1651 818 sequitur
1672 737 1771 804 statim

223 841 244 906 i.
268 842 286 906 6
307 842 381 908 sitm
401 841 441 907 66
461 841 607 910 lierannm
635 841 787 924 prologus,
809 860 917 925 nempe
939 841 1162 923 Formulurum,
1183 860 1270 925 quem
1291 842 1403 926 excipit
1428 842 1556 925 idipsum
1578 841 1649 908 illud
1670 842 1772 909 Clanis

224 948 422 1017 llelitonianae
435 950 649 1034 compendium,
667 949 735 1015 inde
749 965 842 1033 usqne
855 949 895 1013 ad
908 949 958 1016 inl.
976 950 1025 1028 i58;
1041 950 1162 1032 ejusque
1177 949 1215 1014 ad
1229 949 1338 1014 calcem
1352 949 1476 1031 legitur:
1492 949 1623 1034 Ecpltcit
1637 950 1773 1016 Emicuit

224 1058 351 1141 episcopi
370 1056 443 1122 liber
462 1062 582 1141 primus.
605 1056 713 1141 Incipit
740 1057 866 1141 ejusdem
893 1057 964 1126 liber
989 1062 1138 1122 secundun.
1162 1057 1291 1142 lireepto
1311 1059 1349 1124 66
1369 1057 1518 1122 Salonium
1547 1058 1682 1142 prologo,
1705 1077 1773 1123 cum

224 1166 325 1234 codice
344 1166 531 1232 consentiunt
548 1166 665 1249 vulgati
684 1183 786 1232 omnes
801 1165 833 1232 in
847 1165 950 1232 eodem
969 1183 1067 1231 rernm
1087 1164 1200 1247 ordine,
1217 1181 1389 1248 semperque
1405 1163 1566 1231 Forotuiue
1585 1165 1773 1250 praemittun-

227 1280 274 1337 tur
293 1271 547 1339 destructionibus.
1119 1347 1123 1356 .
1150 1320 1154 1326 .

264 1376 337 1443 lnde
357 1394 428 1443 vern
449 1378 488 1443 ab
508 1376 596 1442 editis
615 1374 803 1457 discedimus,
822 1385 854 1443 et
867 1376 919 1460 qni
933 1375 1078 1442 hactenus
1090 1376 1170 1459 prior
1183 1375 1258 1440 liber
1272 1374 1496 1443 tuamensem
1509 1375 1681 1458 habebatur,
1699 1395 1774 1461 pos·

227 1483 315 1550 terior
335 1495 381 1550 est
395 1485 427 1552 in
442 1484 552 1563 codice,
566 1484 617 1550 ubi
639 1482 783 1567 posterior
795 1484 897 1548 statim
912 1492 980 1567 post
992 1481 1154 1548 Fornulos
1167 1479 1303 1548 occurrit.
1320 1480 1437 1546 Etenim
1458 1490 1524 1565 post
1545 1482 1706 1548 indiculum
1721 1483 1773 1552 XV

225 1591 417 1674 capitulorum
438 1611 497 1674 quo
518 1591 593 1657 solet
612 1591 738 1658 exordiri
760 1589 876 1656 libellus
889 1589 973 1665 alter,
989 1589 1020 1654 in
1034 1589 1085 1656 iol.
1103 1589 1140 1654 69
1155 1589 1254 1671 incipit
1271 1586 1421 1670 prologus,
1445 1588 1522 1653 idem
1543 1607 1649 1673 nempe
1669 1590 1719 1673 qui
1735 1589 1773 1654 ad

225 1695 379 1763 Salonium
391 1697 420 1763 in
433 1697 521 1764 editis
531 1698 668 1781 dirigitur
677 1706 747 1762 anta
759 1696 865 1761 librum
878 1695 1020 1778 prinrum3
1034 1713 1092 1778 qun
1105 1695 1266 1777 praemisso,
1278 1695 1424 1760 secundus
1434 1693 1543 1760 codicis
1555 1697 1629 1762 liber
1642 1698 1774 1782 sequitur

225 1825 244 1870 a
265 1805 314 1872 iol.
332 1806 370 1870 dt
385 1805 424 1871 66
438 1805 489 1884 86,
506 1805 557 1871 nbi
579 1805 762 1870 invenimus:
779 1803 912 1886 dapttott
926 1802 997 1866 liber
1009 1802 1156 1868 recundito.
1174 1800 1283 1885 Incipit
1294 1804 1432 1888 prolapus
1450 1803 1519 1871 iibri
1538 1809 1625 1870 tertii.
1648 1806 1773 1872 Ultimus

228 1913 284 1978 iste
304 1914 444 1997 prologus
459 1914 535 1980 nibil
549 1914 629 1979 aliud
644 1921 688 1978 est
709 1931 797 1996 quum
818 1911 1026 1978 brevissimum
1048 1911 1220 1994 prooerninm
1241 1912 1424 1994 premissum
1446 1912 1535 1995 capiti
1557 1913 1651 1995 primo
1672 1912 1739 1978 libri
1761 1914 1774 1977 l

226 2020 452 2087 [6666666666
473 2023 503 2087 in
524 2022 648 2104 vulgatu
669 2021 817 2100 editione;
839 2030 901 2086 tum
923 2021 995 2088 liber
1009 2022 1057 2086 ilie
1072 2022 1167 2086 tertias
1181 2021 1282 2104 pergit
1300 2038 1393 2102 usque
1415 2021 1444 2084 in
1467 2021 1552 2086 linem
1573 2021 1693 2086 mdiats.
1716 2023 1772 2089 Sed

227 2128 296 2194 durn
317 2128 463 2195 creditis
484 2147 552 2212 pars
572 2129 773 2193 Formuiarum
794 2131 894 2214 spuria
916 2141 947 2196 et
968 2132 1059 2214 major
1071 2129 1230 2208 omittitur,
1247 2140 1353 2212 practer
1373 2146 1489 2195 omnem
1510 2132 1771 2212 exspectationem,

226 2236 353 2318 plurima
367 2237 590 2302 ludmdbaurn
604 2237 702 2320 capita
716 2237 914 2319 contigerunt,
930 2256 1008 2305 nova
1030 2255 1160 2322 prorsus,
1175 2236 1330 2321 optimust
1349 2236 1485 2319 egregia:
1509 2255 1568 2319 qno
1588 2235 1693 2302 saliem
1715 2255 1774 2302 no-

226 2344 306 2411 mine
326 2347 419 2412 codex
439 2344 565 2426 insignis
587 2343 616 2409 in
637 2362 754 2409 censum
776 2343 983 2408 bnaiectomm
1004 2341 1120 2408 recidit.

266 2453 325 2519 Sed
346 2455 416 2519 dnm
435 2471 550 2518 summa
572 2452 643 2517 mibi
665 2470 760 2517 rerum
782 2461 814 2518 et
832 2453 989 2518 continuus
1009 2452 1082 2517 ordo
1102 2451 1262 2530 diligenter
1282 2448 1494 2530 consideratur,
1516 2467 1596 2532 aegre
1617 2469 1676 2516 nnn
1693 2451 1773 2518 dire·

225 2559 292 2639 rim,
313 2558 401 2626 editis
422 2568 561 2641 prestare
580 2559 684 2625 seriem
705 2558 816 2624 codicis
837 2559 939 2624 nostri.
956 2559 1107 2641 Neglectis
1129 2557 1288 2644 prooemiis,
1305 2577 1371 2640 ques
1390 2558 1478 2626 facile
1498 2559 1620 2625 minoris
1639 2562 1774 2628 estime-

226 2665 332 2746 verim,
348 2677 379 2732 et
393 2685 459 2748 quas
473 2666 670 2734 necessarium
684 2666 778 2731 locum
792 2685 851 2732 non
864 2665 985 2746 hubent,
1002 2668 1099 2750 placet
1112 2667 1232 2750 pertitio
1252 2675 1283 2734 et
1303 2667 1472 2733 distributio
1493 2666 1582 2734 trium
1595 2669 1771 2750 libellorum,

225 2790 284 2856 qun
304 2774 458 2840 uidelicet:

266 2878 300 2944 ln
316 2881 410 2963 primo
424 2878 498 2943 libro
520 2876 684 2944 cumulatur
703 2877 855 2961 congeries
876 2876 1075 2960 legitimnmm
1095 2851 1308 2960 6666616666,
1330 2889 1365 2945 ut
1384 2897 1450 2963 quac
1472 2881 1562 2946 totius
1582 2883 1681 2965 operis
1702 2901 1774 2951 vera

227 2988 321 3053 clunis
341 2999 411 3054 sunt
431 2996 462 3053 et
483 2987 715 3068 fundamentum,
738 2988 872 3071 adquae
893 2987 984 3054 etiam
1005 2997 1164 3071 perpetuus
1186 2988 1219 3068 lit
1238 2997 1389 3071 respectus
1410 2987 1440 3052 in
1460 2989 1665 3072 sequentibus.

266 3098 418 3164 Secundus
434 3107 532 3164 autem
547 3097 620 3161 liber
632 3095 690 3162 alia
711 3106 741 3162 et
760 3097 844 3162 rnria
858 3105 1032 3177 argumenta
1046 3097 1169 3179 prebet,
1193 3094 1244 3160 sed
1265 3111 1333 3178 quac
1351 3094 1390 3158 66
1411 3094 1560 3161 Formulas
1573 3096 1728 3175 accedunt,
1744 3106 1775 3163 ct

228 3203 362 3270 subsidia
375 3203 539 3287 multigena
553 3203 694 3288 praebent,
706 3221 773 3286 quae
787 3202 943 3271 subsertis
958 3203 1063 3282 titulis,
1078 3202 1117 3268 66
1134 3202 1331 3269 enucleandas
1344 3201 1512 3285 Scripturas
1526 3202 1680 3286 aptissima
1693 3214 1772 3270 sunt.

266 3308 385 3374 Tertius
407 3306 525 3373 tandem
546 3307 621 3372 liber
644 3307 724 3391 ipsus
744 3307 919 3391 aggreditur
939 3309 1116 3392 Scripturas,
1139 3318 1292 3392 totumque
1312 3327 1453 3392 canonem
1476 3319 1534 3374 mm
1556 3310 1668 3378 veteris
1685 3329 1773 3393 quam

227 3416 299 3482 novi
319 3416 501 3482 Testamenti
522 3433 558 3482 ex
580 3414 682 3482 ordine
702 3414 840 3481 decurrit.

266 3524 320 3589 llis
333 3523 449 3608 positis,
465 3525 592 3607 quaestio
606 3523 714 3606 duplex
730 3523 864 3604 scaturit,
887 3541 975 3607 quam
995 3525 1069 3591 satis
1088 3528 1146 3592 erit
1165 3524 1265 3592 lectori
1286 3524 1406 3591 obviam
1427 3524 1649 3592 decemuirum
1669 3546 1774 3613 nempe

226 3634 368 3718 vulgatus
389 3633 462 3701 ordo
483 3635 569 3700 trium
591 3634 731 3699 librorum
751 3632 792 3698 sit
812 3633 923 3716 primns
943 3642 974 3699 et
995 3634 1162 3719 incomptus
1182 3636 1318 3703 Eucherii
1340 3638 1425 3717 letus,
1447 3656 1486 3704 66
1506 3656 1580 3705 vero
1598 3639 1709 3706 radicis
1727 3659 1772 3708 se·

226 3741 285 3808 ries
304 3743 415 3809 oriatur
434 3761 471 3808 ex
491 3743 573 3810 curis
592 3741 740 3821 secundis,
765 3741 861 3824 sitque
881 3741 975 3808 altero
996 3760 1098 3828 opera,
1114 3744 1210 3826 magis
1228 3745 1332 3811 limata
1351 3755 1382 3811 et
1401 3747 1529 3831 pressius
1549 3747 1637 3814 ducta
1658 3749 1697 3816 ad
1712 3769 1774 3816 unr-

225 3849 359 3930 biiicnm,
373 3867 430 3934 qna
445 3852 483 3917 de
503 3854 649 3918 sententia
670 3849 722 3914 vir
744 3867 800 3933 ego
821 3867 879 3915 non
899 3851 1086 3934 persuadear.
1104 3853 1162 3920 Sed
1177 3855 1302 3921 lortusse
1322 3854 1391 3921 binc
1411 3863 1441 3921 et
1461 3855 1530 3922 inde
1550 3854 1695 3921 luctamur
1708 3875 1774 3922 cum

225 3954 350 4022 arbitrio
372 3957 568 4023 librariorum.
592 3956 666 4037 Quas
686 3957 804 4023 tandem
825 3955 944 4037 lectori,
967 3958 1010 4023 uti
1032 3975 1086 4042 par
1106 3968 1189 4040 erat,
1212 3959 1362 4026 commode
1382 3961 1526 4045 subjicere
1552 3961 1664 4044 subque
1683 3962 1775 4028 oculis

225 4079 335 4146 ponere
354 4063 435 4130 nullo
454 4064 540 4130 modo
562 4063 737 4145 valuissem,
760 4063 817 4128 nisi
838 4073 930 4130 totum
955 4065 1037 4132 ilium
1057 4067 1202 4148 codicem,
1222 4070 1401 4152 singularem
1421 4078 1453 4135 et
1472 4070 1719 4152 antiquissimum,
1743 4070 1773 4135 in

226 4168 326 4236 multis
347 4171 415 4236 licet
435 4171 558 4251 editum,
579 4190 615 4239 ex
637 4171 751 4252 integro
771 4169 852 4253 typis
872 4171 1094 4238 committerem.

266 4275 352 4342 Nunc
373 4279 464 4344 nostri
486 4279 574 4361 plene
594 4279 722 4345 instituti
743 4288 791 4344 est
811 4280 993 4363 investigare
1013 4281 1110 4364 qualis
1132 4282 1186 4364 sit,
1211 4284 1241 4348 in
1268 4284 1319 4349 illo
1346 4283 1505 4368 archetypo
1530 4283 1668 4350 Eucherii
1695 4304 1774 4368 spn-

226 4384 343 4466 cbrono,
366 4386 480 4454 indoles
501 4386 702 4455 Formniamm
724 4387 955 4470 allegoricarum.

958 4685 1040 4779 IV.

604 4923 654 4994 De
678 4922 769 4994 libro
794 4923 1050 4997 Formrtlcrotoc
1074 4926 1113 4996 irc
1137 4926 1251 4997 ccciccc
1274 4926 1396 5000 codice.

267 5124 493 5190 Interveterum
507 5124 626 5191 Patmm
648 5123 829 5190 nobilissima
851 5125 972 5209 scripta,
995 5127 1051 5191 alia
1073 5145 1130 5192 non
1151 5129 1241 5194 semel
1263 5130 1426 5195 turiuraceo
1441 5129 1677 5197 intermiscentur
1699 5130 1771 5214 pui-

228 5229 351 5311 risculo,
366 5231 424 5296 elia
440 5230 578 5298 radicitus
591 5232 706 5297 sublato
726 5240 806 5310 sunt,
822 5233 893 5315 quin
915 5243 1012 5300 tumen
1033 5245 1190 5315 mittentur,
1209 5239 1312 5304 audaci
1329 5240 1490 5320 mendacio,
1505 5240 1534 5306 in
1550 5237 1770 5328 6666666666,
