3978 6086
820 585 861 652 IN
883 581 1052 654 undastis
1652 589 1709 658 lli

162 735 319 803 ἀντὶποῢ·
342 731 390 812 Μὴ
423 736 546 832 γε’νσιτθ
578 763 630 831 μοι
661 741 834 814 πλησιάσαι
857 743 911 806 καὶ
964 742 1052 806 dicat:
1076 739 1232 807 Prohibent
1248 740 1316 809 illue
1329 745 1468 810 accedere
1481 741 1712 810 aut'oonsisure

162 845 418 936 ἐπιστηριχθήναι
442 859 482 932 τῇ
508 847 671 913 ἐπιστάσει
694 848 747 912 καὶ
769 852 912 913 ἑπισυνα-
965 865 1012 912 me
1027 847 1056 911 ln
1071 845 1173 912 horum
1188 859 1337 915 conventu
1350 860 1382 915 et
1394 850 1529 930 oonsilio,
1543 870 1615 933 quos
1630 851 1711 934 prius

161 962 249 1041 γωγῇ
263 961 325 1017 τῶν
338 955 576 1044 προειρημένων.
591 961 691 1020 Τοῦτο
705 947 800 1028 δῆλόν
817 959 910 1032 ἐστιν,
964 954 1149 1018 memorarit.
1176 955 1211 1019 ld
1238 974 1353 1039 quoque
1380 957 1566 1022 menifestum
1590 967 1646 1037 est,
1675 956 1712 1021 ed

159 1054 214 1131 ἕως
246 1070 303 1136 της
335 1063 470 1153 σήμερον
501 1062 660 1154 ήμέραςή
687 1075 776 1152 μῆνις
808 1067 910 1127 αὐτῶν
966 1057 1043 1122 hunc
1064 1062 1360 1148 usquediemeorum
1382 1062 1453 1128 iram
1474 1064 1658 1129 obduruisse.

164 1165 380 1253 σκληρύνεται.

202 1293 224 1356 Λ
243 1269 298 1334 lb.
313 1293 341 1335 o.
359 1273 388 1336 8.
406 1281 444 1339 di
459 1275 560 1365 χεῖρές
577 1300 631 1340 σου
654 1275 704 1341 ἐπὶ
729 1275 830 1342 νώτου
848 1286 910 1341 τῶν
1007 1270 1043 1335 V.
1058 1275 1169 1336 Morsus
1183 1278 1247 1337 tuoe
1260 1275 1387 1342 indorao
1398 1277 1573 1340 inimieorum
1588 1283 1710 1340 luorum.

158 1380 585 1473 fflmmwmm
1694 1364 1695 1368 '

204 1487 347 1580 Ἐχθροὺς
363 1493 434 1553 Υἱοῦ
449 1488 559 1580 λέγων,
575 1487 677 1566 καθώς
698 1515 792 1579 φησιν
816 1495 832 1554 ὸ
850 1497 913 1555 ssa.
1008 1483 1144 1550 ltllmlcos
1158 1487 1222 1550 111111
1238 1486 1319 1566 (11011,
1336 1498 1369 1552 ul
1383 1488 1425 1552 dil
1439 1489 1502 1571 ejllS
1516 1489 1616 1568 Palen
1635 1490 1711 1554 uSd·

163 1595 203 1668 τή
209 1621 223 1686 ρ
238 1600 341 1660 αὐτοῦ·
350 1593 453 1658 Κάθου
466 1599 500 1659 ἐκ
514 1586 620 1673 δεξιῶν
633 1620 702 1685 μου,
712 1597 766 1661 καὶ
778 1596 821 1662 τά
833 1591 911 1677 ἑξῆς.
967 1591 1005 1656 de
1015 1607 1032 1651 a
1043 1591 1155 1655 dextris
1166 1590 1248 1668 meis,
1257 1590 1348 1656 donee
1361 1609 1467 1673 ponam
1481 1591 1625 1673 inimicos,
1635 1603 1711 1658 eto.»

164 1700 287 1792 Ἐχθροὶ
310 1700 370 1793 γάρ
395 1705 469 1766 εἰσιν
493 1706 521 1764 ot
544 1691 711 1780 διώξαντες
742 1703 836 1778 αὑτὸν
860 1705 913 1767 καὶ
966 1695 1041 1761 Num
1056 1696 1164 1761 inimici
1181 1707 1250 1762 sunt
1270 1699 1321 1779 qui
1343 1699 1486 1780 persecuti
1501 1709 1570 1762 suut
1587 1719 1666 1777 eum,
1681 1713 1712 1767 et

163 1811 217 1886 ἕως
233 1819 292 1885 τῆς
308 1809 442 1898 σήμερον
460 1798 632 1884 διώκοντες.
649 1809 693 1873 Τὸ
710 1799 753 1873 δέ·
769 1815 802 1872 αἱ
813 1809 912 1901 χεῖρές
967 1823 1060 1888 usque
1084 1804 1171 1870 hodie
1197 1814 1422 1888 persequuntur.
1449 1805 1483 1870 ld
1511 1825 1582 1870 vero
1609 1827 1713 1871 rnomu

163 1939 228 1992 σου,
252 1913 452 1987 τουτέστινή
473 1913 558 2004 ἰσχύς
575 1937 638 1978 σου.
656 1915 700 1979 Τθ
717 1905 760 1979 δέ·
784 1915 835 1979 ἐπὶ
857 1913 914 1978 νώ-
967 1919 1042 1992 luas,
1062 1919 1109 1976 est
1129 1912 1269 1978 fortitudo
1291 1922 1351 1978 tua.
1375 1912 1437 1977 Hoc
1456 1925 1555 1978 autem
1577 1915 1608 1977 io
1628 1914 1713 1978 dorso

161 2042 218 2084 του
241 2029 304 2084 τῶν
329 2018 447 2108 ἐχθρῶν
472 2043 536 2097 σου,
561 2021 611 2084 ὅτι
633 2018 690 2084 κᾶν
716 2021 912 2112 άποφθγωσιν
966 2020 1141 2083 mosomum
1161 2025 1333 2104 uorumeo
1354 2039 1441 2086 sensu
1457 2021 1534 2104 quud
1549 2020 1662 2085 etiamsi
1676 2023 1713 2086 ab

167 2128 278 2205 αὐτὸν,
302 2125 350 2192 ἐπ’
374 2126 516 2216 ἐσχάτων
539 2135 601 2191 τῶν
625 2137 738 2218 καιρῶν
762 2121 914 2216 ἑξομολο-
967 2142 1002 2189 eo
1016 2122 1174 2206 refugiant,
1187 2123 1299 2189 ultimis
1315 2134 1412 2192 tomen
1426 2126 1455 2189 in
1470 2126 1649 2209 temporibus
1663 2125 1712 2190 hio

169 2233 303 2325 γήσεται
333 2237 418 2314 αὐτῷ
441 2236 457 2295 ὁ
481 2231 565 2308 λαός·
589 2227 674 2297 οὗτοι
697 2232 757 2325 γάρ
781 2238 854 2297 εἰσιν
887 2239 933 2297 οἱἸ
967 2229 1092 2312 populus
1112 2218 1297 2295 confitebitur
1313 2230 1364 2295 itti.
1379 2230 1440 2314 Ipsi
1455 2242 1552 2296 aulem
1567 2241 1637 2296 sunt
1659 2231 1711 2296 titii

166 2338 225 2402 υἱοὶ
255 2348 310 2404 τοῦ
333 2339 449 2429 πατρὸς
480 2342 592 2417 αὑτοῦ,
616 2337 717 2414 καθὼς
747 2338 833 2431 λέγει
864 2331 914 2406 διὰ
968 2339 1146 2423 patrisejus,
1163 2340 1407 2423 quemadmodum
1423 2339 1475 2420 ait,
1492 2359 1541 2405 ore
1556 2340 1639 2405 lsaiae
1653 2359 1714 2405 ra-

170 2449 284 2511 Ησαΐου
307 2456 362 2512 τοῦ
386 2447 557 2538 προφήτου·
582 2446 669 2522 Υῑοὺς
686 2446 845 2540 ἐγέννησα,
861 2447 915 2512 καὶ
969 2443 1016 2507 tis:
1032 2445 1148 2509 «ritios
1158 2445 1258 2527 genui,
1271 2453 1301 2509 et
1312 2445 1367 2529 ipsi
1380 2455 1554 2529 spreverunt
1566 2465 1622 2522 me,
1634 2456 1711 2511 etr.»

169 2552 212 2618 τά
234 2547 312 2631 ἑξῆς.

207 2658 257 2725 Vl.
273 2657 317 2722 lb.
333 2679 362 2723 o.
380 2659 427 2722 13.
446 2653 611 2725 Ζαθονλὼν
636 2660 787 2751 παράλιος
807 2687 914 2727 κατοι-
1006 2659 1056 2726 Vl.
1079 2659 1210 2724 Zabulon
1231 2662 1324 2742 juata
1346 2679 1427 2725 mors
1451 2661 1598 2740 tuttmdt,
1623 2669 1650 2725 tt
1671 2680 1713 2724 so-

163 2768 262 2845 κήσει,
274 2767 327 2830 καὶ
343 2767 435 2843 αὐτὸς
447 2770 520 2857 παρ’
533 2769 626 2858 ὅρμον
643 2768 770 2858 πλοίωνγ
783 2770 837 2834 καὶ
855 2795 915 2835 ποι-
966 2785 1015 2830 otto
1033 2768 1186 2832 stationem
1205 2767 1331 2847 uuolton,
1354 2775 1382 2831 st
1402 2767 1546 2851 pertendet
1563 2790 1651 2852 utque
1675 2771 1715 2834 ol

169 2885 290 2965 ρατενεῐ
311 2874 365 2950 ἕως
390 2866 522 2950 Σιδῶνος
548 2877 627 2956 [rat.
652 2873 700 2950 ll,
722 2873 765 2954 31.
968 2870 1112 2934 Sidonem.
1184 2959 1186 2966 γ

208 2983 262 3049 Ἐκ
285 2973 405 3058 πολλής
428 2980 488 3074 γάρ
510 2983 722 3072 ἀποροιτήσας
739 2977 847 3062 ζάλης,
865 2989 914 3077 ὁρ-
1006 2978 1049 3042 Ex
1070 2977 1162 3044 multe
1179 2978 1258 3043 enim
1279 2978 1410 3043 evadens
1431 2979 1565 3062 procella,
1584 2979 1711 3062 tandem,

165 3089 350 3180 μισθήσεται
372 3090 498 3168 λοιπὸν,
522 3100 562 3176 τῇ
588 3089 658 3181 παρ’
684 3094 770 3174 αὐτῷ
797 3090 912 3182 χάριτι,
967 3085 1084 3152 oronte
1096 3083 1147 3149 Dei
1164 3083 1270 3167 gralia,
1284 3082 1423 3167 appellet,
1438 3085 1478 3148 uti
1494 3085 1589 3150 solent
1601 3085 1629 3148 in
1642 3105 1710 3168 [tor-
1761 3173 1764 3180 ι

58 3199 62 3208 ’
165 3198 305 3291 καθάπερ
322 3198 430 3287 ἀμέλει
446 3198 500 3262 καὶ
515 3203 546 3263 ἐν
563 3199 683 3287 λιμέσιν
701 3190 842 3276 ὁλκάδες·
859 3199 913 3264 καὶ
967 3204 999 3261 lu
1013 3212 1116 3260 nares
1140 3194 1236 3258 Etiam
1256 3193 1336 3257 illum
1350 3193 1389 3258 ad
1404 3191 1498 3275 ipsum
1518 3211 1612 3276 usque
1629 3193 1711 3258 Sldo-

166 3304 256 3396 μέχρι
280 3296 314 3369 tt
337 3309 434 3380 αὐτῆς
450 3302 691 3396 παρατείνεσθαι
706 3315 764 3382 τῆς
782 3296 912 3382 Σιδῶνος
965 3322 1032 3368 nem
1047 3302 1213 3388 pertingere
1225 3302 1279 3380 eit,
1293 3301 1518 3381 subostendens,
1536 3311 1568 3366 ut
1580 3303 1711 3384 videtur,

167 3407 260 3491 εἶπεν,
283 3404 464 3490 ὑποδηλῶν,
490 3419 530 3489 ὡς
553 3414 668 3491 ἔοικεν,
694 3414 743 3478 ὅτι
770 3413 909 3487 τοσαύτη
965 3413 1053 3478 talem
1068 3411 1194 3476 suturam
1215 3429 1279 3475 esse
1292 3410 1416 3475 duorum
1437 3410 1609 3493 populorum
1629 3411 1713 3476 unio·

166 3519 349 3611 προσένωσις
372 3531 413 3606 τῇ
438 3531 635 3609 πνευματικῇ
668 3512 822 3611 συνδρομή
847 3531 911 3587 τῶν
967 3533 1043 3595 nem,
1064 3524 1255 3581 concurrente
1275 3513 1405 3598 Spiritu,
1428 3524 1461 3580 ut
1482 3519 1624 3598 procreati
1645 3535 1713 3582 san·

162 3617 216 3690 δθο
239 3627 407 3718 γενήσεται
425 3631 534 3704 λαῶν,
559 3632 599 3704 ὡς
622 3626 695 3703 τοὺς
718 3620 750 3706 ἐξ
779 3629 912 3716 αἵματος
965 3621 1153 3707 guinelsrael
1168 3623 1310 3707 impleant
1322 3621 1412 3688 etiam
1427 3623 1491 3686 illas
1505 3623 1653 3703 civitates,
1672 3625 1711 3689 itu

160 3731 286 3824 Ἰσραήλ
303 3733 357 3797 καὶ
373 3731 467 3808 αὑτὰς
484 3737 640 3807 ἐκπλῆσαι
656 3733 713 3810 τὰς
729 3734 834 3810 πόλεις
855 3734 920 3812 τὰς·
966 3746 1062 3794 coram
1077 3730 1137 3794 Deo
1152 3747 1217 3795 reas
1231 3738 1261 3794 et
1280 3728 1405 3809 inrisas,
1425 3739 1457 3793 ut
1476 3747 1617 3794 erroneos
1639 3730 1712 3794 ieeu-

160 3845 191 3902 ἐν
214 3842 316 3923 πολλῇ
341 3837 426 3928 παρά
446 3848 492 3922 τῷ
508 3845 578 3923 Θεῷ
594 3839 806 3932 γεγενημένας
825 3843 911 3926 αἰτίᾳ
967 3837 1028 3902 rint
1046 3846 1077 3902 et
1090 3837 1304 3921 quodammodo
1325 3837 1524 3920 loederiiragos
1547 3838 1638 3921 ipsius
1658 3837 1711 3902 [tei

161 3944 214 4009 καὶ
244 3935 376 4029 διαθολῇ
388 3999 397 4029 ,
422 3950 462 4020 ὡς
494 3945 722 4023 άποπλανώσας
752 3947 831 4012 ποτὲ
859 3949 913 4013 καὶ
966 3942 1144 4008 adoratores.

161 4041 341 4144 διαρροθσας
372 4051 487 4142 τρόπον
519 4051 590 4117 τινά
620 4053 692 4130 τοὺς
728 4047 912 4143 σεθομένους

163 4183 267 4223 αυτον.
799 4219 801 4226 .

208 4264 271 4332 Vll.
281 4265 325 4330 lb.
335 4284 363 4329 o.
374 4265 493 4330 timet
504 4265 671 4358 γενηθήτω
681 4265 742 4333 Δάν
752 4267 913 4359 θριςέρ’ὁ-
1005 4262 1070 4332 Vll.
1086 4262 1303 4346 Donjodt'oalt't
1315 4261 1451 4346 populum
1464 4281 1558 4342 auum,
1575 4269 1712 4347 unquam

163 4363 227 4452 δοῦ,
251 4372 460 4465 ἐγκαθήμενος
477 4373 528 4438 ἐπὶ
550 4367 667 4464 τρίθου,
685 4367 804 4440 δάκνων
820 4376 913 4468 πτέρ-
965 4375 992 4434 tl
1001 4391 1059 4435 utto
1073 4371 1170 4434 tuom.
1184 4368 1224 4433 El
1233 4369 1287 4452 fidi
1299 4370 1366 4433 Dat
1376 4389 1489 4453 serpent
1501 4371 1531 4433 tu
1544 4374 1602 4448 vla,
1612 4375 1711 4434 sedent

162 4501 216 4540 ναν
231 4479 336 4557 ἵππου,
349 4478 403 4543 καὶ
415 4473 587 4546 πεσεῖταιθ
603 4480 711 4558 ἱππεὺς
728 4488 769 4560 εἱς
786 4481 828 4547 τά
845 4485 917 4547 dul-¹
965 4481 994 4542 iu
1013 4483 1126 4558 sentito,
1148 4477 1279 4541 mordeor
1305 4477 1469 4542 cotoneum
1488 4479 1567 4562 epui;
1587 4482 1615 4542 et
1632 4479 1715 4542 sodet

195 4711 230 4766 V.
251 4710 297 4766 Cf.
323 4729 367 4785 ps.
389 4725 456 4782 oxx,
479 4709 567 4782 131s.
593 4731 613 4784 1,
633 4711 661 4770 2.
681 4731 771 4786 noque
797 4716 911 4771 omittas
964 4715 1096 4782 retinent,
1115 4727 1147 4767 ao
1167 4710 1248 4783 plura
1271 4727 1334 4766 eum
1354 4710 1463 4784 Gyrillo
1483 4715 1510 4767 st
1535 4709 1712 4784 Apollinaris

160 4799 253 4854 Melit.
266 4799 343 4856 Clau.
356 4817 385 4872 p.
394 4799 426 4854 41
440 4818 469 4856 n.
480 4799 527 4858 22:
538 4825 551 4849 υ
566 4802 668 4858 Manus
679 4801 768 4859 virtus
778 4804 910 4858 animm.»
964 4805 1092 4857 miscent.

159 4888 315 4960 iterumque
328 4889 391 4944 ride
404 4889 494 4949 dloam
505 4891 612 4947 Jndaeis
624 4891 695 4946 haud
715 4891 800 4946 semel
820 4895 912 4964 impa-
1000 4890 1058 4947 Vll.
1072 4891 1138 4946 Sine
1150 4890 1261 4944 nomino
1274 4891 1299 4944 is
1312 4888 1389 4945 loeus
1399 4890 1513 4961 ponitur
1525 4887 1553 4940 in
1563 4886 1628 4940 Vnt.
1642 4883 1710 4939 tort

162 4979 246 5044 etam,
266 4992 328 5048 quaa
355 4981 412 5033 tam
437 4995 502 5034 rara
525 4983 590 5053 post
610 4979 783 5034 Constantini
803 4996 911 5047 arum,
965 4983 1029 5051 post
1045 4978 1158 5035 Diodori
1177 4978 1281 5049 loeum,
1300 4983 1366 5051 post
1384 4975 1517 5050 cyrillum
1543 4993 1608 5031 roro
1628 4975 1709 5031 alias.

162 5081 245 5139 quam
264 5067 398 5140 frequens
415 5070 489 5143 apud
501 5069 697 5144 Hippolytum,
711 5069 773 5125 ideo
792 5068 913 5124 fortasse
963 5068 1017 5126 Sed
1042 5069 1193 5142 Hippolyto
1212 5067 1240 5122 id
1259 5068 1349 5124 refert
1366 5068 1431 5122 ilat.
1460 5065 1544 5135 1520,
1563 5070 1593 5121 et
1616 5067 1711 5138 pergit

161 5153 233 5225 quod
248 5155 377 5227 nuspiam
390 5161 499 5213 veteres
511 5158 602 5213 Jndsai
615 5160 708 5230 magis
723 5173 806 5231 qnam
815 5158 912 5214 Βοωω
963 5174 1050 5231 usqne
1069 5157 1103 5211 ad
1122 5156 1288 5228 allegoriam
1307 5157 1341 5210 de
1360 5161 1500 5228 serpente,
1518 5155 1622 5210 diserta
1635 5171 1710 5208 snm·

43 5237 45 5244 '
161 5243 190 5296 in
210 5261 261 5300 nos
279 5247 432 5304 sarierint.
962 5249 1040 5317 ptam
1058 5262 1093 5299 ex
1111 5244 1183 5300 libro
1201 5244 1326 5315 eJusdem
1344 5244 1377 5298 ds
1396 5243 1579 5313 Antichristo,
1594 5241 1671 5297 Patr.
1691 5257 1710 5296 x

199 5332 246 5389 Vl.
268 5333 368 5390 Omnia
385 5352 442 5392 om.
456 5340 512 5391 eat.
523 5335 591 5408 lips.
607 5335 706 5392 ultima
723 5335 843 5392 editores
857 5353 911 5390 non
963 5333 1018 5390 col.
1031 5331 1085 5388 738
1099 5335 1129 5390 G.

323 5423 389 5470 surr.
402 5424 433 5470 ll.
445 5425 479 5471 16.
