4038 6088
845 497 980 563 SANCTl
1001 497 1181 563 andahait

972 773 1056 869 ΠΙ.

715 1000 766 1073 De
790 998 963 1073 Eucherio
987 1001 1027 1070 in
1050 998 1164 1072 eodem
1187 999 1310 1074 codice.

282 1178 398 1245 Nemini
413 1176 491 1243 baud
505 1185 622 1260 gratnm
635 1180 703 1258 erit,
716 1195 835 1244 cernere
844 1177 1001 1259 imaginem
1013 1176 1051 1242 ad
1062 1177 1166 1242 aivum
1176 1186 1206 1244 et
1215 1176 1322 1243 nativo
1334 1193 1500 1261 expressam
1513 1178 1609 1245 colore
1623 1179 1789 1245 commercii

243 1285 324 1350 illins
337 1284 502 1349 litterarum
516 1293 548 1349 et
561 1282 735 1364 libellorum,
758 1282 838 1366 quod
859 1282 928 1347 nlinr
948 1300 966 1346 a
987 1282 1131 1362 bngdnno
1151 1283 1189 1347 ad
1210 1281 1321 1347 insulas
1342 1282 1519 1362 lirinenses,
1542 1292 1572 1348 et
1592 1283 1661 1348 inde
1679 1301 1730 1366 per
1747 1293 1790 1350 tc

246 1405 305 1460 tam
326 1392 490 1460 Galliarum
510 1391 694 1456 Ocoitaniam
716 1391 891 1470 intercessit,
907 1389 977 1454 dum
992 1389 1077 1454 simul
1093 1388 1232 1455 florerent
1252 1387 1420 1469 Salvianus,
1442 1388 1625 1469 Vincentius,
1647 1389 1788 1471 Hilarius,

243 1501 414 1580 Eucherius,
431 1500 553 1583 eiusque
568 1499 619 1563 lilii
634 1497 769 1563 Salonius
783 1506 814 1563 nt
825 1497 971 1561 Veranns.
987 1495 1102 1563 Verane
1116 1495 1212 1560 alacre
1226 1493 1356 1558 studium
1369 1495 1399 1558 in
1415 1495 1516 1577 primis
1529 1495 1658 1560 movisse
1671 1494 1789 1561 videtur

245 1607 347 1673 (ilaris
361 1605 563 1672 llelitnniana.
587 1604 663 1684 Qua
683 1605 748 1669 sine
769 1621 875 1688 greeae,
898 1604 963 1670 siue
983 1604 1075 1670 latine
1095 1602 1234 1669 ceciderit
1255 1603 1284 1667 in
1307 1602 1385 1667 bunc
1405 1614 1523 1676 eoetnm,
1549 1602 1708 1668 innumerae
1723 1604 1792 1670 inde

245 1714 424 1795 questiones
432 1710 554 1776 excitari
570 1709 647 1774 inter
658 1709 802 1791 juniores,
819 1709 973 1792 provocari
987 1708 1026 1773 ad
1041 1709 1209 1791 magistros,
1226 1710 1377 1776 sollicitari
1393 1711 1583 1795 praecaeteris
1603 1711 1789 1790 Eucherium,

244 1835 279 1882 ac
293 1818 381 1899 longo
396 1816 498 1881 ordine
511 1815 653 1880 conscribi
668 1823 788 1898 argutas
809 1825 871 1881 tnm
892 1818 929 1882 da
949 1835 983 1881 re
1002 1816 1173 1900 allegorica,
1190 1826 1253 1880 tum
1272 1817 1310 1883 de
1330 1819 1430 1883 subtili
1453 1818 1641 1900 indagatione
1662 1820 1792 1906 Scriptu-

245 1939 344 2010 rarnm
364 1920 621 2003 interrogationes.
644 1922 700 1987 Pro
720 1939 819 1987 amore
839 1938 894 1987 sno
915 1921 1009 2003 patris
1029 1920 1061 1984 in
1076 1921 1163 1998 lilios,
1176 1921 1331 2005 respondit
1345 1921 1517 2003 Eucherius,
1538 1933 1657 2007 tresque
1678 1923 1791 1991 libellos

244 2031 354 2114 exegit,
370 2048 460 2095 unnrn
474 2028 695 2111 Formclcruor,
707 2029 782 2095 dnos
797 2028 1021 2094 instuctionem
1041 2029 1159 2094 nomine
1173 2037 1366 2111 nuncupatos.
1383 2027 1464 2108 Quos
1478 2028 1542 2096 sine
1563 2028 1704 2112 integros,
1725 2032 1792 2097 sive

244 2137 351 2220 partim
373 2135 482 2202 direxit
501 2137 539 2202 ad
560 2145 618 2201 tres
639 2135 758 2215 amicos,
781 2135 967 2211 Saleianum,
989 2133 1144 2216 Hilarium,
1166 2133 1331 2200 Rusticum.

284 2243 400 2308 Primus
421 2244 546 2310 lortassa
567 2245 725 2312 Salvianus
744 2243 856 2326 gratias
870 2243 944 2324 egit,
960 2242 1044 2325 cujus
1063 2259 1135 2308 sane
1154 2243 1289 2326 epistola,
1310 2243 1358 2310 nel
1379 2243 1417 2309 ob
1436 2243 1500 2326 eius
1519 2243 1701 2327 singularem
1726 2244 1793 2312 elc-

245 2360 392 2436 gunnam,
406 2354 502 2435 primo
516 2353 547 2418 in
564 2353 628 2420 lncn
648 2354 792 2420 collocare
804 2359 866 2436 'par
886 2361 961 2418 arat.
983 2351 1106 2433 begesis
1127 2369 1156 2434 p.
1180 2352 1251 2432 ati,
1274 2357 1370 2436 ne'qna
1389 2351 1521 2418 officiant
1541 2363 1651 2436 pnneta
1664 2362 1696 2420 et
1709 2371 1794 2418 mnr-

245 2470 337 2539 msc,
353 2459 433 2528 band
446 2463 513 2529 sine
527 2463 655 2530 tumultu
671 2471 701 2530 et
721 2462 838 2528 turbine
859 2461 1010 2546 inspersa;
1032 2479 1098 2544 qnae
1117 2463 1244 2528 retinere
1258 2461 1348 2544 juvit,
1364 2471 1398 2526 ut
1411 2462 1490 2558 quali
1504 2479 1571 2526 oum
1584 2459 1711 2526 artificio
1724 2461 1793 2525 olim

191 2629 196 2638 .
246 2579 364 2635 vetems
384 2570 493 2652 scripta
513 2587 565 2635 sna
587 2570 763 2654 intercipere
780 2571 913 2652 legendo,
929 2581 961 2637 et
974 2571 1130 2636 scribendo
1142 2568 1326 2653 distinguere
1338 2570 1476 2649 solerent,
1493 2577 1554 2634 tum
1576 2587 1665 2652 qnam
1687 2578 1792 2651 arguta

246 2684 277 2741 et
298 2676 436 2743 intercisa
457 2687 537 2742 esset
550 2677 733 2754 declamatio,
747 2684 902 2760 tantopere
915 2676 984 2743 olim
999 2681 1030 2742 in
1044 2675 1178 2754 theatris,
1194 2675 1284 2741 immo
1296 2674 1397 2740 doctos
1412 2677 1489 2741 inter
1502 2678 1611 2742 amicos
1630 2674 1791 2751 eelebrata,

245 2782 284 2847 ab
304 2801 363 2847 nno
383 2783 487 2848 saltem
508 2782 641 2866 exemplo
662 2783 771 2849 discas.

283 2887 426 2953 Salviano
439 2889 571 2956 Hilarius
584 2906 663 2971 agre
676 2889 826 2968 successit,
840 2869 1022 2972 indoluitque
1039 2889 1078 2954 ab
1098 2889 1233 2973 improbo
1252 2897 1283 2956 et
1303 2887 1408 2954 testim
1421 2889 1536 2967 nuntio,
1550 2897 1723 2972 properante
1736 2889 1794 2952 lnr·

246 3003 326 3062 tasse
339 2995 378 3060 ad
394 2997 512 3060 tertium
534 2995 671 3062 lectorem
692 2995 855 3075 Rusticum,
875 3005 1009 3078 ereptum
1023 2995 1113 3060 luisse
1127 2993 1270 3074 libellum,
1288 2994 1405 3078 alioque
1418 2993 1505 3059 citius
1520 2994 1704 3075 hanelatnm,
1716 2991 1795 3059 nibil

246 3101 384 3170 obstante
404 3102 497 3167 imbre
517 3103 689 3187 procelloso,
711 3123 770 3188 qnn
792 3104 865 3170 liber
886 3106 1016 3170 nondum
1038 3103 1199 3187 rescriptas
1218 3104 1421 3188 pessumdari
1442 3113 1550 3188 posset.

284 3209 362 3276 lisus
375 3211 465 3276 luisse
479 3211 618 3276 Rusticus
638 3209 760 3277 videtur
779 3211 952 3279 melioribus
970 3212 1089 3293 auibus,
1110 3229 1146 3276 ac
1168 3211 1259 3278 lnsins
1279 3215 1392 3294 gratias
1405 3213 1478 3295 egit.
1495 3211 1621 3277 Tamdiu
1641 3210 1721 3276 eninr
1737 3220 1796 3277 tres

247 3317 362 3383 libellos
376 3318 523 3392 versavit.
536 3329 681 3403 quantum
702 3328 842 3398 catenat,
861 3328 895 3385 ut
917 3319 1127 3384 «exsultanter
1139 3327 1170 3384 et
1183 3318 1302 3402 raptim,
1320 3318 1386 3402 ipso
1406 3319 1594 3398 deprecante
1609 3316 1796 3401 exemplandi

246 3425 439 3509 apographi»
461 3427 547 3510 copia
569 3427 613 3490 illi
633 3426 728 3494 lieret.
751 3426 853 3510 Neque
873 3425 994 3491 interim
1015 3425 1128 3491 omittit
1147 3424 1274 3508 opimam
1294 3425 1492 3509 selectamqne
1512 3425 1667 3491 ostendere
1689 3427 1798 3505 (nonne

249 3533 280 3598 in
302 3533 417 3599 earnm
437 3532 535 3614 suist)
556 3532 775 3614 bibliothecam,
791 3535 964 3620 pluteosque
976 3535 1100 3600 amoenie
1114 3535 1378 3618 epigrammatibus
1398 3535 1519 3601 inrtasse
1533 3534 1570 3599 ab
1586 3535 1648 3619 ipso
1665 3543 1795 3614 ornatos,

249 3643 280 3708 in
300 3657 374 3723 qnos
391 3641 475 3722 juxta
498 3639 653 3722 Virgilium
675 3641 763 3706 inseri
783 3641 850 3705 vult
869 3639 1056 3718 Eucherium,
1076 3640 1191 3708 ldarnni
1211 3640 1452 3726 equiparandnm
1467 3645 1502 3721 ¹).

287 3745 382 3810 Notus
394 3744 533 3826 Hilarius,
547 3747 646 3811 notior
664 3745 837 3811 Salvianus:
860 3746 928 3828 qnia
949 3763 1018 3812 aero
1039 3745 1177 3811 Rusticus
1199 3745 1259 3826 illa,
1282 3746 1379 3814 dicere
1393 3747 1528 3814 arduum.
1545 3749 1728 3830 sirmondus,
1744 3753 1796 3835 qni

250 3851 362 3935 primns
382 3859 413 3918 at
432 3851 512 3916 solus
532 3851 611 3916 hanc
637 3851 792 3935 epistolam
821 3869 918 3918 mrnns
945 3852 1028 3918 dedit
1047 3854 1104 3918 lnoi
1125 3870 1215 3937 quarn
1242 3856 1380 3940 sepelivit
1407 3857 1437 3921 in
1457 3858 1598 3924 extremis
1617 3857 1731 3926 Sidonii
1752 3861 1798 3926 sni

249 3956 380 4040 scholiis,
396 3958 533 4024 eumdem
547 3975 616 4024 esse
635 3959 802 4025 autumavit
822 3978 910 4042 qnam
930 3960 1084 4028 Rusticum
1105 3961 1198 4039 illum,
1220 3967 1398 4048 ceteroquin
1419 3966 1568 4050 ignotum,
1591 3968 1638 4032 cni
1659 3966 1799 4034 Sidonius

248 4067 426 4151 Apollinaris
447 4067 530 4136 dedit
549 4069 703 4152 epistolam
724 4087 808 4135 snam
822 4068 890 4136 libri
910 4067 1148 4138 llundecimam.
1164 4071 1267 4153 lmnro,
1288 4091 1355 4140 enar
1375 4073 1461 4157 plura
1482 4072 1563 4140 hand
1583 4074 1649 4139 sine
1670 4075 1797 4140 tumultu

248 4173 370 4258 disjecta
390 4175 422 4240 in
442 4175 544 4241 codiee
557 4176 626 4254 sint,
647 4176 860 4261 innumeraque
878 4177 1022 4243 citissimo
1042 4195 1093 4243 ore
1112 4175 1234 4260 dictata,
1258 4179 1436 4264 incautaque
1455 4191 1579 4265 excepta
1600 4189 1631 4245 et
1651 4181 1731 4247 lasso
1750 4195 1799 4246 ca-

249 4281 338 4364 lanro,
352 4283 404 4352 uix
418 4283 492 4348 mibi
506 4301 566 4350 non
581 4283 692 4352 insedit
705 4285 844 4369 aruspicia,
861 4284 910 4350 bic
925 4284 1016 4350 teneri
1030 4283 1181 4369 exemplar
1195 4295 1344 4370 receptum
1358 4304 1395 4352 ex
1409 4284 1473 4368 ipso
1486 4285 1597 4350 Rustici
1613 4284 1796 4370 apographo,

250 4389 330 4471 qnod
351 4388 393 4453 ait
414 4389 503 4455 luisse
524 4389 735 4458 «exsultanter
755 4399 787 4455 ct
806 4389 914 4473 raptim
934 4383 1174 4473 exemplatumn

290 4497 371 4565 Satis
391 4510 507 4566 constat
526 4519 563 4567 ex
585 4499 649 4584 ipso
670 4519 767 4566 rernm
789 4497 903 4580 ordine,
925 4497 1045 4563 eosdem
1064 4498 1251 4564 transmissos
1271 4499 1309 4564 ab
1328 4498 1472 4565 Eucherio
1493 4498 1582 4564 luisse
1602 4497 1729 4578 libellos,
1746 4498 1797 4582 qui

250 4604 347 4671 adhuc
368 4606 519 4672 innostro
539 4608 640 4673 codice
659 4617 828 4692 supersunt.
852 4607 954 4671 Utrum
975 4623 1047 4672 uero
1068 4607 1106 4671 ad
1128 4606 1264 4689 singulos
1284 4607 1397 4673 miserit
1417 4605 1562 4690 triplicem
1584 4604 1729 4686 libellam,
1758 4623 1797 4670 an

251 4713 400 4782 Eormnlas
414 4726 540 4802 tantum,
555 4735 594 4785 an
609 4728 723 4786 tantum
737 4718 871 4803 syllogen
887 4716 1056 4801 bipartitam
1079 4716 1307 4797 lostrmtioorrm,
1324 4716 1396 4781 satis
1410 4733 1469 4781 non
1483 4715 1583 4796 video,
1599 4733 1696 4799 neque
1709 4715 1798 4782 etiam

251 4835 332 4890 recto
352 4826 456 4894 ordine
476 4827 573 4893 omn'ia
595 4825 738 4893 conscribi
752 4826 940 4894 contendam.
957 4826 1013 4893 Sed
1029 4825 1215 4908 perspicuum
1230 4835 1274 4890 est
1289 4845 1305 4892 a
1321 4827 1414 4892 tribus
1428 4823 1537 4890 libellis
1554 4836 1611 4889 tres
1634 4826 1699 4889 illas
1713 4827 1799 4907 epis-

254 4938 331 5003 tolas
345 4954 402 5002 non
417 4954 483 5003 esse
496 4936 686 5015 amovendas,
700 4935 809 5020 requiri
824 4953 895 5001 aero
909 4945 941 5002 et
954 4933 1112 5002 desiderari
1129 4934 1160 4999 in
1174 4934 1308 5000 omnibns
1330 4933 1464 5000 Eucherii
1479 4932 1671 5011 editionibus,
1685 4951 1720 4998 ac
1734 4933 1801 4998 siae

253 5041 292 5105 ab
303 5041 400 5123 initio,
415 5046 481 5112 sine
494 5046 532 5111 ad
546 5045 665 5124 calcem,
681 5044 711 5110 in
725 5060 907 5127 quacumque
924 5059 1001 5108 nona
1015 5050 1045 5107 et
1059 5042 1171 5124 integra
1187 5043 1363 5119 recensione,
1378 5045 1498 5108 omnino
1512 5061 1579 5109 esse
1599 5040 1798 5108 collocandas.

295 5263 315 5324 ¹)
335 5255 374 5311 De
393 5256 437 5310 bis
455 5255 583 5326 epistolis
601 5254 689 5312 multa
707 5255 782 5311 inira
801 5257 942 5322 notantur,
961 5272 988 5326 p.
1009 5251 1073 5323 507,
1093 5250 1156 5320 508,
1177 5253 1224 5306 nbi
1243 5267 1277 5307 ex
1296 5253 1407 5325 integro
1426 5251 1570 5326 leguntur.
