4064 6108
861 489 902 554 ΙΝ
925 489 1099 554 tranabat

213 645 348 730 portastis
362 643 450 710 eom?
464 643 642 727 ignomntiae
656 641 765 726 pariter
780 639 897 723 signum
915 648 960 705 est

214 772 311 821 sermo
330 752 426 818 Patris
455 751 599 818 dicentis:
621 750 704 816 Suro
722 768 800 814 asor
820 753 888 826 tuo,
911 747 961 812 obi

213 862 279 922 est?
293 858 317 936 1)
328 855 405 920 Nam
415 856 541 921 sermoni
557 854 598 919 illi
614 853 664 918 hic
677 872 774 920 sermo
786 852 891 917 similis
901 861 957 917 est.

212 964 379 1046 Interrogat
399 962 548 1028 Christus:
577 961 631 1028 tttt
646 962 784 1045 posuistis
805 965 892 1024 eom?
912 959 960 1024 ln·

216 1071 380 1154 terrogavit
400 1073 508 1154 pariter
527 1076 558 1136 et
578 1070 658 1136 Dens
680 1069 710 1133 in
737 1069 832 1134 reteri
852 1068 960 1134 Testa-

213 1191 327 1247 mento:
354 1178 408 1244 tut
427 1187 470 1243 cst
487 1178 557 1243 Abel
574 1180 668 1261 [noter
689 1177 817 1256 ramat)

254 1287 307 1354 lll.
328 1287 435 1354 liemm
456 1286 555 1350 forsan
575 1285 654 1349 dicet
671 1282 793 1366 aliquis:
815 1282 876 1348 Hoc
900 1300 960 1346 non

213 1397 306 1463 solvit
319 1395 527 1478 quaestionem:
546 1393 617 1477 quin
631 1394 717 1458 immo
732 1400 822 1474 auget
835 1389 960 1456 difficul-

215 1513 317 1584 tatem,
333 1502 470 1586 quoniam
490 1501 613 1566 evidens
634 1501 667 1564 lit
687 1501 765 1582 quod
786 1518 844 1565 non
865 1499 959 1564 solum

214 1609 360 1686 Christus,
379 1626 481 1673 rerum
503 1617 533 1672 et
545 1607 632 1672 Pater
651 1607 744 1690 ipsius
760 1607 960 1689 interrogare·

217 1717 265 1782 rit.
281 1716 367 1796 Qucd
383 1716 407 1778 si
424 1715 465 1780 ita
478 1724 536 1793 est,
552 1724 669 1794 oportet
683 1733 787 1780 sensus
801 1718 961 1796 interroga-

217 1823 329 1888 tionum
351 1823 445 1888 Patris
464 1833 495 1886 et
515 1823 580 1887 Filii
602 1823 774 1889 declaretur.

254 1929 382 1995 Primum
402 1931 483 1996 disce
495 1949 615 1994 sensum
628 1950 728 1997 eorum
743 1951 809 2015 quas
823 1931 872 1996 bic
893 1931 960 2010 [Pa-

215 2041 270 2119 ter]
284 2039 347 2122 ipse
360 2039 447 2103 dixit.
463 2039 539 2104 Nam
554 2057 643 2122 quum
659 2039 737 2104 bunc
750 2041 885 2106 audimus
898 2040 957 2122 bic,

214 2145 296 2211 illum
310 2146 399 2211 etiam
414 2155 445 2209 et
458 2145 520 2209 illic
533 2147 677 2211 audimus.
695 2165 753 2212 non
775 2147 866 2212 alium
880 2149 959 2212 enim

214 2255 292 2320 banc
311 2256 387 2336 dico,
411 2255 451 2318 ita
473 2274 527 2320 nec
548 2256 639 2320 alium
660 2256 752 2320 illum.
769 2256 867 2335 Quare
881 2257 959 2341 quod

213 2362 338 2428 dicimus
357 2363 393 2428 de
413 2364 591 2445 Evangelio,
613 2365 651 2429 ad
673 2365 788 2430 Patrem
810 2365 960 2431 transteri-

216 2487 299 2549 mus;
322 2477 351 2534 et
371 2470 448 2553 quod
469 2470 499 2533 in
520 2471 612 2535 veteri
632 2471 750 2553 [loedere
769 2472 901 2556 dicitur],
922 2473 958 2538 ad

213 2577 319 2642 Filium
345 2577 534 2642 traducimus.
557 2577 635 2643 Nihil
655 2579 733 2644 enim
753 2599 849 2664 neque
869 2601 960 2672 noro·

214 2704 290 2767 mm,
312 2705 410 2768 neque
423 2695 556 2751 veterum
572 2687 637 2752 sine
650 2687 760 2752 Christi
775 2689 888 2754 uirtute
902 2689 960 2754 lac-

216 2803 278 2859 tum
297 2803 353 2875 est,
368 2795 529 2860 secondum
544 2797 623 2880 quod
640 2805 765 2862 testatur
780 2797 909 2865 ioannes
922 2799 960 2864 de

213 2902 378 2967 creatione:
394 2901 502 2966 Octaio
511 2922 564 2985 per
575 2903 674 2986 ipsum
684 2905 851 2986 factasunt,
861 2911 960 2973 etsiaa

213 3011 277 3094 ipso
297 3013 408 3092 socium
427 3018 470 3074 est
486 3012 558 3075 nillil
569 3013 607 3093 ³).

252 3115 326 3196 Quis
348 3117 503 3198 igiturest
523 3137 628 3182 sensus
649 3117 735 3202 hujus
757 3119 960 3200 interrogatio-

214 3223 320 3290 tionis:
340 3223 393 3288 Ubi
403 3230 447 3286 cst
458 3223 528 3288 Abel
539 3225 632 3306 [soter
647 3229 733 3288 tuas?
747 3225 827 3288 Scito
841 3223 897 3288 hac
915 3225 960 3288 in-

214 3331 410 3410 terrogatione
421 3331 513 3396 Deum
526 3332 603 3396 viam
617 3333 768 3414 apernisse
781 3331 912 3414 [Caino],
927 3343 960 3397 ut

213 3438 412 3522 responderet.
439 3437 536 3518 [Deus
557 3439 652 3521 enim]
680 3439 794 3523 judicat
819 3449 959 3524 anquam

210 3547 307 3628 justus
324 3546 426 3630 juder,
442 3546 557 3611 etiamsi
574 3555 605 3611 tn
619 3547 721 3612 credas
741 3548 780 3612 ab
794 3547 959 3630 ignorantia

211 3655 368 3738 procedere
383 3655 650 3737 interrogationem.
666 3655 795 3739 [Caicus]
809 3659 887 3724 enim
905 3679 960 3726 rc

213 3762 291 3829 lebat
311 3753 539 3846 celarelscelus]
558 3764 732 3829 benefactori
747 3785 817 3835 suo:
843 3768 957 3854 Nescio,

212 3873 264 3938 ait.
286 3871 436 3955 Numquid
455 3880 546 3937 casim
567 3875 675 3956 fratris
694 3880 749 3938 nesi
772 3883 861 3941 sum?
875 3883 900 3960 ⁴)
921 3883 959 3946 bt

214 3997 304 4045 verus
325 3981 422 4062 qualis
445 3981 532 4045 luerit
554 4001 657 4046 sensus
678 3983 715 4048 de
739 3985 860 4052 scientia
887 3990 956 4064 Dei,

216 4089 265 4153 ille
278 4090 405 4172 explicat
419 4093 469 4173 qui
485 4093 579 4156 omnia
595 4093 688 4169 norit,
705 4097 750 4175 [ec
770 4095 795 4158 si
817 4096 956 4178 diceret]:

217 4197 308 4277 «ligo
329 4197 353 4260 si
375 4197 567 4262 voluntariam
591 4200 785 4281 ignorantiam
807 4203 956 4287 simulari,

214 4315 287 4371 ettu
308 4304 458 4371 credidisti
480 4325 527 4371 me
542 4317 659 4390 propter
682 4311 804 4390 [reram]
822 4309 959 4393 ignoran-

218 4413 286 4476 tiam
309 4413 557 4494 interrcgavisse,
582 4414 706 4497 quodsi
731 4415 770 4479 ita
793 4427 855 4495 est,
878 4419 959 4485 disce

212 4521 366 4585 scientiam
388 4519 466 4584 illias
488 4521 536 4602 qui
559 4523 658 4586 omnia
673 4523 776 4589 norit:
805 4523 865 4589 Vos
884 4545 959 4591 soa-

212 4628 305 4709 guiais
321 4627 428 4711 frotn's
447 4627 490 4690 tui
507 4628 614 4693 obruat
634 4630 674 4694 od
692 4651 736 4695 aas
750 4632 784 4695 de
799 4639 875 4697 terro
889 4637 925 4713 ὅ).
942 4657 956 4694 a

253 4734 302 4800 tv.
326 4734 402 4798 ilinc
416 4735 497 4799 disce
511 4743 543 4800 et
557 4744 587 4799 tu
601 4736 755 4802 scientiam
769 4740 898 4803 auctoris
913 4741 959 4803 vi·

213 4851 262 4923 tae,
278 4853 308 4907 et
322 4861 374 4908 cur
387 4843 495 4908 dixerit
508 4844 635 4909 Judaeis:
656 4845 712 4911 Ubi
718 4849 855 4930 posuistis
869 4855 959 4913 oum?

213 4951 372 5018 Multitudo
382 4951 508 5018 conflata
521 4963 584 5018 erat
598 4952 722 5036 ingratis
733 4956 959 5038 spectatoribus,

251 5169 273 5234 ll
295 5170 364 5224 Gen.
385 5184 463 5239 xerat,
483 5168 549 5224 9-
562 5169 591 5244 2)
607 5171 676 5224 oen.
696 5185 734 5237 av,
748 5169 775 5226 9.
793 5199 828 5212 -
842 5171 865 5242 ³)
877 5174 957 5232 loen.

214 5255 960 5338 tstfflfflfflwmmwm-Qfflmmstffi

1699 491 1758 558 283

1013 646 1065 728 qni
1085 642 1224 708 nolebant
1243 659 1403 724 agnoscere
1417 641 1562 706 mirabilia
1577 641 1642 706 Ilei.
1665 641 1758 724 [Chri-

1013 751 1088 830 stus]
1112 768 1198 833 porro
1218 748 1323 814 ridens
1340 747 1405 814 illos
1425 749 1619 830 clamitantes,
1636 747 1758 815 irriden-

1014 867 1117 942 tesque
1136 857 1292 936 miracula,
1316 856 1432 922 illorum
1453 855 1657 935 miserebatur,
1679 857 1760 922 role-

1013 964 1130 1045 botque,
1154 964 1212 1027 illis
1227 964 1415 1028 cernentibus
1432 961 1557 1028 virtutes
1572 963 1674 1048 ipsius,
1695 963 1757 1028 red·

1013 1085 1137 1148 arguere
1158 1069 1330 1149 demonem,
1354 1070 1515 1136 secundum
1536 1070 1614 1154 quod
1630 1079 1759 1137 testatur

1013 1178 1129 1243 David:
1159 1179 1197 1242 Io
1223 1178 1400 1242 multitudine
1426 1179 1538 1243 situas
1558 1186 1624 1243 luco
1651 1181 1761 1244 mentiti

1012 1291 1079 1350 suut
1097 1286 1155 1350 sibi
1174 1287 1279 1348 inimici
1300 1287 1389 1365 rma).
1405 1323 1446 1334 —
1463 1285 1549 1350 Nunc
1569 1295 1666 1351 autem
1687 1285 1774 1370 quid

1013 1392 1131 1456 morcr‘l
1151 1393 1269 1458 Secreto
1286 1392 1421 1458 Christus
1435 1393 1479 1458 ire
1499 1403 1624 1478 poterat,
1640 1411 1761 1476 preser-

1015 1500 1067 1563 tim
1089 1518 1179 1583 quum
1202 1501 1270 1579 iret,
1294 1519 1351 1565 non
1372 1519 1505 1582 corpore,
1525 1499 1578 1566 sed
1598 1500 1758 1586 emittendo

1012 1609 1164 1672 virtutem.
1194 1607 1318 1673 Virtutis
1348 1611 1445 1690 [suaa]
1474 1607 1566 1672 radiis
1594 1607 1760 1691 sepulcrum

1013 1728 1147 1783 evertere
1159 1726 1283 1800 poterat,
1297 1717 1440 1782 suscitare
1450 1727 1610 1795 mortuum,
1621 1726 1709 1800 atque
1720 1715 1759 1782 ad

1014 1827 1107 1891 lucem
1122 1824 1266 1889 adducere
1284 1842 1350 1896 eum
1371 1822 1421 1906 qui
1444 1823 1474 1887 in
1491 1823 1620 1888 tenebris
1631 1823 1758 1907 jacebat.

1015 1934 1084 2000 llult
1104 1944 1201 1997 autem
1218 1933 1351 2015 ingratos
1368 1940 1457 1996 testes
1471 1930 1649 1995 mirabilium
1671 1941 1760 1996 testea

1014 2042 1086 2106 lieri.
1101 2041 1287 2122 Quapropter
1298 2039 1443 2120 ingratam
1456 2037 1531 2102 banc
1542 2035 1760 2101 multitudinem

1013 2167 1232 2234 preoccupans,
1243 2146 1319 2211 banc
1332 2145 1432 2222 trahit,
1445 2154 1478 2208 ut
1490 2144 1552 2208 baec
1567 2144 1647 2226 [ipsi]
1660 2151 1759 2208 osten·

1012 2261 1064 2326 dat
1085 2258 1268 2343 sepulcrum:
1296 2256 1349 2321 Ubi
1364 2256 1504 2334 posuistis
1523 2257 1610 2344 aona?

1052 2367 1087 2434 t.
1117 2365 1184 2430 Veni
1197 2364 1234 2444 ⁷),
1257 2361 1351 2440 aiunt,
1367 2360 1429 2425 cide
1445 2358 1614 2441 sepulcrum.
1632 2355 1714 2421 Dicit
1726 2355 1762 2452 il-

1013 2474 1063 2538 lis:
1083 2470 1230 2538 Recolaite
1250 2471 1333 2554 soros
1355 2467 1480 2551 lapidem
1502 2465 1598 2528 istum

1053 2580 1203 2663 Numquid
1228 2587 1275 2659 tu,
1298 2575 1402 2659 quiin
1425 2571 1583 2657 discipulos
1603 2568 1760 2634 munificus

1012 2709 1087 2769 eras,
1108 2699 1137 2754 et
1158 2689 1209 2772 qui
1230 2687 1390 2770 potentiam
1414 2684 1444 2748 in
1465 2683 1574 2766 pignus
1596 2679 1658 2745 illis
1679 2696 1759 2761 pra-

1012 2800 1124 2875 stabas,
1140 2796 1263 2878 [dicens]
1276 2815 1283 2856 :
1298 2793 1334 2860 Si
1343 2791 1500 2857 boboaitis
1510 2789 1594 2874 fidem
1604 2789 1679 2853 sicu
1689 2803 1759 2870 grc-

1012 2925 1081 2970 aom
1107 2905 1235 2987 maome,
1257 2901 1354 2966 dioclis
1374 2905 1463 2962 moatt
1486 2898 1561 2961 baie:
1587 2896 1713 2969 Mutare,
1734 2899 1763 2956 et

1012 3012 1168 3077 mutabitur
1182 3010 1218 3092 8),
1232 3005 1375 3090 numquid
1397 3015 1430 3069 tu
1450 3003 1500 3086 qui
1523 3001 1610 3068 talem
1630 3009 1759 3083 potesta·
1877 3055 1881 3064 .

1013 3129 1071 3184 tem
1091 3117 1134 3182 eis
1155 3116 1282 3198 largitus
1303 3131 1345 3192 es,
1361 3127 1420 3176 non
1443 3119 1524 3193 potes
1539 3125 1663 3191 parrum
1685 3105 1759 3190 lapi·
1819 3167 1824 3177 ,

1013 3227 1079 3292 dem
1099 3244 1135 3292 er
1156 3241 1207 3287 cre
1228 3221 1377 3304 speluncas
1389 3216 1564 3286 ¹resolvere‘l
1578 3251 1619 3263 -
1639 3214 1702 3280 lloc
1714 3213 1759 3278 di·

1012 3335 1065 3413 xit,
1088 3341 1207 3416 proptor
1226 3329 1358 3394 eamdem
1379 3343 1514 3406 causam,
1536 3325 1574 3390 de
1593 3330 1758 3405 qua'antea

1012 3444 1127 3508 loeutus
1137 3458 1213 3505 sum.
1226 3440 1410 3520 Spectatcres
1421 3433 1469 3498 hic
1479 3432 1652 3498 hesitantes
1662 3439 1757 3496 erant.

1013 3551 1112 3630 Quare
1125 3548 1223 3612 dicere
1233 3544 1397 3629 potuissent
1406 3542 1437 3606 id
1447 3550 1512 3607 arte
1525 3540 1638 3618 magica
1653 3539 1760 3602 lactum

1014 3659 1105 3724 fuisse
1119 3667 1150 3722 et
1163 3654 1193 3720 in
1211 3651 1385 3738 apparentia
1401 3659 1528 3728 mntem,
1543 3663 1578 3712 eo
1592 3645 1670 3730 quod
1683 3663 1758 3710 mor·

1012 3778 1080 3833 tous
1100 3766 1255 3832 simulatus
1276 3771 1354 3830 esset
1368 3761 1460 3838 intus,
1475 3759 1517 3824 ita
1532 3765 1567 3822 ut
1580 3773 1656 3821 unus
1676 3753 1759 3819 ride·

1012 3882 1092 3937 retur
1112 3872 1287 3954 compellare
1307 3877 1338 3932 et
1358 3868 1431 3932 alter
1445 3863 1557 3930 audire.
1575 3863 1761 3944 Quapropter

1015 3981 1122 4063 [lesus]
1145 3978 1267 4044 deducit
1286 3995 1336 4042 eos
1351 3976 1388 4040 ad
1402 3973 1577 4059 sepulcrum,
1599 3980 1642 4047 ut,
1660 3966 1759 4048 lapide

1012 4088 1050 4154 ab
1071 4089 1144 4171 ipsis
1167 4085 1311 4163 revoluto,
1338 4085 1421 4146 tactor
1444 4098 1495 4144 eos
1516 4077 1625 4143 feriens
1645 4073 1757 4157 signili-

1012 4206 1107 4276 caret,
1132 4205 1277 4259 mcrtuum
1305 4209 1376 4256 vere
1403 4207 1467 4258 ease
1494 4195 1658 4252 mannum:
1682 4180 1759 4246 unde

1012 4305 1166 4372 credentes
1187 4305 1216 4367 in
1237 4307 1361 4366 mortem
1380 4295 1497 4375 mortui,
1514 4312 1574 4361 non
1588 4291 1759 4357 dubitarent

1013 4416 1050 4479 de
1070 4411 1284 4479 resurrectione
1303 4409 1393 4472 illius.
1413 4407 1484 4470 Haec
1503 4401 1646 4475 Dominus
1667 4396 1758 4464 medi-

1014 4530 1093 4586 tatus
1111 4527 1165 4586 est.
1192 4516 1276 4582 Unde
1303 4534 1382 4580 nunc
1401 4509 1523 4578 attende
1550 4509 1589 4574 iis
1617 4525 1683 4592 quae
1707 4523 1760 4572 se-

1012 4638 1377 4823 ᾳυζιιῗᾞρτορὲιᾳιιιὲι
1394 4729 1516 4796 Martio
1530 4727 1571 4793 od
1583 4725 1719 4811 lapidea,
1734 4728 1762 4788 ot

1013 4851 1103 4914 dicit:
1125 4845 1258 4926 Domine,
1279 4847 1344 4928 jam
1364 4844 1468 4925 foebi,
1492 4835 1699 4923 quatriduanus
1719 4843 1761 4900 ost

1013 4955 1089 5020 euim
1110 4953 1169 5036 (xl,
1194 4953 1255 5034 39).
1565 4949 1568 4956 '

1014 5173 1063 5228 iol.
1083 5171 1129 5238 96,
1143 5170 1198 5226 col.
1216 5167 1239 5225 l.
1254 5199 1289 5212 -
1302 5169 1325 5233 ὅ)
1341 5169 1411 5225 Gsn.
1430 5182 1469 5234 rv,
1486 5165 1675 5231 10.-⁶)1³s.
1693 5183 1757 5234 uxr,

1012 5261 1040 5319 3.
1061 5292 1095 5304 —
1108 5261 1132 5332 ⁷)
1152 5262 1194 5329 Ex
1213 5259 1263 5317 tot.
1282 5259 1329 5332 96,
1349 5257 1403 5314 col.
1422 5259 1449 5314 2.
1463 5289 1497 5302 -
1511 5260 1536 5344 8)
1556 5259 1621 5314 linc.
1642 5273 1709 5324 xrtt,
1728 5257 1755 5314 6.
