4064 6108
17 1195 19 1210 l

17 1213 19 1232 l

17 1295 20 1316 ί

17 1339 19 1350 ι

704 533 989 617 rsuruocxvlu,
1014 537 1156 605 cxxviii

890 831 970 907 VII.

735 1024 905 1100 Ροαίιιιιιο·
941 1026 1124 1102 CXVIII.

202 1233 233 1281 v.
257 1220 286 1283 1.
310 1220 462 1310 Μακάριοι
479 1225 507 1285 ol
523 1219 648 1311 ἄμωμοι
667 1225 698 1286 ἐν
716 1213 788 1306 ὁδῷ,
805 1229 834 1288 ot
848 1247 903 1290 πο-
997 1241 1028 1286 ι.
1053 1223 1082 1287 1.
1106 1221 1194 1288 Booti
1212 1222 1391 1288 immaculati
1409 1226 1440 1288 ιἰι
1459 1225 1515 1304 oio,
1538 1225 1587 1309 qui
1605 1225 1702 1290 ombo-

162 1325 319 1417 ρευόμενοι
341 1331 372 1394 έν
395 1326 481 1416 νόμῳ
504 1329 625 1419 Κυρίου.
959 1329 1022 1394 loni
1040 1329 1070 1393 io
1091 1328 1149 1411 lopo
1169 1329 1300 1394 Domini.

204 1436 296 1502 Οὕτω
307 1461 345 1529 γε
357 1438 464 1527 στίχος
477 1439 570 1503 ἐστίν·
586 1443 615 1503 et
627 1436 686 1530 γὰρ
702 1439 773 1531 παρ’
787 1433 906 1530 Ἐῧραί-
999 1435 1048 1501 sic
1068 1454 1100 1502 so
1124 1452 1227 1501 versus
1254 1434 1351 1500 habet.
1380 1436 1462 1517 Quos
1486 1436 1565 1502 enin
1593 1435 1705 1502 habent

161 1567 204 1618 οις
227 1543 340 1632 στίχοι,
361 1548 401 1621 ὡς
424 1544 514 1636 ἔλεγέ
529 1569 586 1621 τις,
604 1543 756 1636 ἕμμετροί
771 1550 856 1611 εἰσιν·
873 1549 903 1612 έν
958 1542 1067 1640 οίίοίιοο
1081 1542 1206 1622 Hebraei,
1220 1551 1253 1607 ut
1266 1541 1386 1624 quidam
1400 1541 1485 1622 dixit,
1498 1541 1610 1606 metrici
1622 1553 1702 1624 sunt,

159 1642 319 1740 ἑξαμέτρῳ
344 1649 399 1739 μὲν
422 1656 441 1724 ἠ
468 1654 560 1735 ἐντῷ
577 1653 809 1742 Δευτερονομίῳ
826 1644 903 1736 ᾠδή·
958 1660 988 1717 et
1004 1650 1122 1734 quidem
1137 1650 1168 1715 in
1183 1649 1353 1715 hexametro
1367 1649 1513 1714 canticum
1528 1649 1705 1717 Deuterono-

159 1757 190 1818 ὲν
213 1754 370 1847 τριμέτρῳ
386 1747 420 1821 dl
443 1757 497 1820 καί
512 1756 715 1848 τετραμέτρῳ
733 1763 762 1822 οἱ
776 1755 903 1849 ψαλμοί.
958 1757 1026 1837 mii;
1040 1757 1143 1841 psalmi
1159 1775 1230 1822 vcro
1245 1755 1350 1822 senarii
1363 1766 1413 1820 out
1426 1757 1578 1821 octonarii.
1593 1760 1705 1849 Στίχοι

159 1866 197 1927 Ol
213 1862 316 1952 στίχοι
332 1857 394 1949 οὖν,
412 1869 440 1929 ol
455 1857 699 1956 noep’·nsspat02;‚
712 1865 813 1957 ἕτεροί
828 1871 903 1932 εἰσιν
958 1856 1049 1944 igitur
1068 1863 1119 1946 qui
1140 1863 1272 1928 existunt
1292 1863 1371 1947 opud
1392 1863 1545 1943 liebraeos,
1561 1863 1612 1929 olii
1634 1873 1706 1929 sunt

160 1967 245 2058 παρὰ
267 1968 339 2046 τοὺς
355 1968 428 2061 παρ’
445 1975 529 2058 ἡμῖν.
546 1968 618 2036 Ἐὰν
635 1969 772 2061 θέλωμεν
796 1964 904 2039 ἐνθάδε
957 1987 1046 2054 quern
1066 1970 1143 2052 opud
1159 1987 1223 2035 nos.
1239 1970 1270 2034 Si
1285 1969 1422 2035 volumus
1435 1989 1485 2036 eos
1500 1988 1632 2052 servare,
1652 1968 1706 2035 hos

159 2085 306 2164 τηρῆσαι,
330 2075 402 2153 τοὺς
426 2078 552 2167 στίχους
576 2088 733 2168 ποιοῦμεν·
752 2078 905 2171 Μακάριοι
957 2095 1062 2144 vorsus
1082 2077 1220 2143 iacimus:
1239 2077 1327 2142 Booti
1342 2077 1520 2142 immaculati
1530 2077 1561 2140 ιἰι
1574 2079 1634 2158 oia,
1657 2079 1707 2160 poi

159 2187 188 2246 ot
212 2181 336 2273 ἄμωμοι
359 2187 391 2250 ἐν
407 2175 479 2268 ὁδῷ,
496 2189 524 2250 ot
539 2185 741 2276 πορευόμενοι
764 2191 795 2252 έν
819 2187 903 2278 νόμῳ
958 2184 1104 2250 ambulant
1116 2186 1147 2250 ιἰι
1157 2185 1216 2269 lopo
1228 2185 1353 2250 Domitii.
1369 2185 1407 2249 nt
1417 2187 1521 2251 codem
1534 2186 1619 2253 modo
1631 2187 1706 2251 inci·

159 2289 280 2379 Κυρίου.
304 2288 366 2353 Καὶ
389 2289 485 2365 οὕτως
502 2288 664 2381 ἀρχόμεθα
679 2283 825 2383 δευτέρου
847 2303 903 2358 τοῦ
957 2288 1240 2371 pimussccundnrn:
1255 2291 1408 2357 Bectictc.
1423 2290 1705 2360 Scienduminteren

159 2385 238 2472 ἑξῆς.
262 2391 375 2460 Ἰστέον
399 2397 502 2461 τοίνυν
525 2398 575 2462 ὅτι
591 2396 783 2476 οίἝλληνες
807 2405 836 2465 οἱ
858 2404 906 2491 ἑρ-
958 2397 1228 2480 quodomnium
1251 2399 1368 2464 luerunt
1382 2397 1572 2482 interpretes,
1596 2401 1704 2491 στίχον

163 2499 372 2590 μηνειίσαντες
389 2503 580 2578 πεποιήκασι
595 2505 650 2570 τὸν
666 2505 739 2597 παρ’
756 2500 905 2597 Ἐῧραίοις
958 2503 1144 2570 Hebraeorum
1159 2506 1188 2569 in
1203 2506 1275 2570 dnos
1286 2504 1453 2572 diviserunt
1466 2507 1627 2587 (iercsiout
1639 2507 1707 2572 lecit

163 2609 271 2697 στίχον
284 2611 315 2674 ἑν
328 2608 450 2687 τούτοις
463 2602 516 2676 δύο
531 2617 581 2695 (ὡς
597 2615 634 2699 [ὁ]
650 2624 744 2679 τοῦτο
760 2615 907 2707 ἀντίγρα-
959 2609 1008 2674 ille
1019 2610 1070 2691 qui
1082 2610 1137 2675 hoc
1147 2610 1295 2694 exemplar
1306 2610 1501 2694 transcripsit,
1513 2628 1548 2675 oc
1557 2610 1583 2674 si
1597 2613 1704 2702 στίχον

162 2737 217 2803 φον
241 2714 360 2808 γράψας
380 2718 472 2784 οίονεί
487 2721 641 2794 πεποίηκε
656 2719 716 2794 τὴν
732 2721 832 2812 ἀρχὴν
848 2732 904 2788 τοῦ
958 2733 1079 2782 exorsus
1099 2727 1176 2785 esset
1190 2735 1207 2784 a
1222 2718 1350 2785 clausula
1365 2718 1597 2803 propositionis),
1618 2718 1658 2782 itn
1674 2727 1706 2782 ut

162 2823 273 2913 στίχου
304 2827 374 2914 μετ’
399 2825 566 2909 &nuterpp-
590 2829 645 2894 τοο
677 2821 712 2894 δὲ
743 2821 904 2907 δοκοῦντες
958 2838 1011 2903 pro
1031 2821 1161 2888 secundo
1190 2821 1270 2888 illum
1291 2822 1462 2902 habuerint,
1483 2823 1533 2906 qui
1560 2821 1707 2888 sccundus

161 2919 316 3021 δεύτερον,
334 2929 376 3020 μὴ
402 2931 480 2997 ὄντα
496 2924 650 3025 δεύτερον,
675 2933 758 3000 ἀλλὰ
781 2941 904 3025 λεῖμμα
958 2942 1018 2989 non
1045 2935 1127 3007 erat,
1149 2927 1200 2993 sed
1221 2928 1373 2994 residuum
1399 2929 1485 3012 priori
1512 2945 1579 2992 curn
1603 2927 1705 2993 eodem

161 3044 218 3100 τοῦ
230 3037 380 3129 προτέρου
398 3038 466 3126 μετ’
484 3038 664 3117 αἰσθήσεως·
677 3041 731 3106 καὶ
745 3052 840 3108 τοῦτο
852 3066 906 3108 πε.
958 3050 1058 3098 sensu.
1076 3031 1114 3098 nt
1133 3032 1178 3098 sio
1192 3034 1300 3100 facturn
1315 3045 1361 3100 est
1374 3054 1427 3119 pro
1440 3053 1625 3120 quocumque
1638 3051 1704 3100 sen-

161 3143 293 3216 ποίηκεν
317 3144 369 3208 ἐπί
392 3147 465 3210 ὅλου
487 3156 543 3211 τοῦ
568 3150 678 3236 poro&
957 3141 1060 3204 tenuo.

195 3353 255 3411 vir.
274 3355 316 3409 Ex
336 3356 399 3412 Vnt.
423 3355 464 3411 ll.
486 3358 542 3414 Vix
560 3362 655 3429 putem
674 3359 818 3432 antiquius
844 3375 905 3415 esse
958 3357 1064 3413 buison.
1077 3355 1188 3412 Similia
1200 3373 1235 3412 ex
1247 3358 1299 3412 hoc
1313 3356 1432 3412 for·teese
1445 3355 1506 3412 loco
1520 3358 1704 3430 Hieronymus

159 3445 347 3500 testimoninm
365 3445 399 3499 de
417 3462 447 3499 re
459 3447 576 3501 metrica
588 3447 781 3518 Hebraeorum,
800 3465 832 3504 no
852 3450 905 3504 etei
958 3445 1031 3499 houd
1049 3444 1134 3500 semel
1154 3445 1313 3522 edisseruit.
1328 3478 1362 3492 --
1381 3447 1521 3518 interpres
1539 3463 1575 3500 ex
1590 3449 1706 3502 ambone

158 3532 293 3588 arioletur
302 3535 440 3606 interpres
452 3537 598 3592 conferens
611 3542 701 3593 metro
712 3536 830 3608 olooeioe
842 3555 904 3593 oum
959 3531 1036 3606 loqui
1055 3535 1165 3590 videtur
1182 3536 1211 3590 in
1236 3536 1408 3608 parenthesi,
1428 3541 1458 3592 et
1475 3536 1597 3592 codicem
1615 3536 1705 3608 digito

161 3616 283 3689 biblicie,
297 3623 393 3674 notatu
407 3620 602 3693 dignissimum
620 3627 675 3690 est,
690 3639 753 3676 oum
765 3623 906 3695 suspicio·
959 3623 1105 3679 ostendere
1124 3640 1217 3680 coram
1235 3630 1379 3697 opertum:
1399 3627 1431 3686 ὡς
1453 3627 1485 3694 [ί]
1502 3629 1574 3679 τοῦτο
1587 3626 1707 3699 ἀντίγρα-

160 3721 222 3760 nrm
232 3706 265 3760 de
276 3707 466 3780 parallelismo
476 3711 629 3768 etichornrn
639 3712 842 3783 sednepertnm
853 3713 904 3766 hn·
961 3732 1006 3783 ρον
1025 3713 1134 3786 γράψεις.

885 3927 983 4002 VIII.

659 4118 827 4194 Psotmus
855 4119 1043 4214 CXVIII,
1067 4147 1097 4195 ο.
1123 4121 1205 4195 127.

275 4313 441 4406 Ἕκῳρασις
465 4325 520 4382 τοῦ
545 4309 702 4397 Τοπαζίου
726 4321 756 4382 ἐν
780 4327 826 4402 τῷ
849 4317 1117 4411 ἐπιγεγραμμένῳ·
1142 4315 1353 4411 Ξενοκράτους
1375 4317 1590 4412 Λιθογνώμων.

432 4467 594 4548 Descriptio
612 4468 736 4552 Topozii
749 4488 784 4532 ec
798 4468 867 4533 titro
882 4469 1026 4552 ιἰιιιιίρίο,
1040 4469 1213 4536 Xenocratis
1226 4469 1440 4554 Littopuomou.

206 4656 281 4747 Περί
296 4646 330 4721 dd
346 4666 402 4722 τοῦ
423 4651 580 4738 Τοπαζίου
596 4657 683 4724 λίθου
707 4667 838 4724 τοιαῦτα
863 4660 911 4724 εὖ·
1004 4656 1148 4724 Caeterum
1160 4657 1197 4724 de
1207 4658 1337 4742 Topazio
1348 4657 1516 4744 lapidoltaeo
1530 4666 1646 4724 narrato
1660 4659 1702 4723 in·

164 4789 254 4858 ρομεν
270 4763 470 4854 ἱστορούμενα
483 4768 513 4830 ἐν
526 4774 571 4850 τῷ
583 4765 841 4859 ἐπιγεγραμμένῳ
851 4769 908 4832 Ξε·
960 4767 1102 4832 vonimus‘
1112 4767 1143 4830 in
1158 4765 1231 4832 libro
1252 4767 1302 4848 qui
1325 4764 1513 4833 inscribitur:
1537 4763 1707 4831 Xenocratis

200 4922 272 4980 Vill.
291 4923 334 4978 Ex
352 4927 418 4981 Vnt.
440 4922 519 4991 1685,
533 4923 554 4982 f.
577 4923 628 4981 l86
647 4930 675 4981 et
694 4923 864 4995 ostensos
885 4925 906 4982 f.
960 4927 1454 5001 orosiusprimunnobiodeditlntine
1467 4925 1705 5000 legendumtllm·

158 5010 222 5083 272,
241 5029 275 5067 ex
294 5030 348 5086 quo
361 5016 440 5087 prior
451 5012 629 5072 describitur.
646 5015 790 5070 Gemmnlo
805 5016 839 5070 de
850 5017 907 5071 Το-
961 5021 1036 5077 bros.
1056 5017 1317 5091 inps.118,hom.
1341 5017 1384 5089 16,
1404 5035 1432 5072 n.
1452 5015 1497 5088 41,
1517 5016 1563 5088 42,
1582 5021 1604 5074 t.
1625 5034 1655 5088 rr,
1674 5037 1704 5090 p.

160 5105 240 5175 pezio
260 5108 321 5159 esto
340 5103 391 5158 illa
403 5104 569 5160 Xenocratis
580 5105 705 5177 ἓιιρραοις,
717 5106 840 5173 unicum,
853 5105 908 5159 niet
960 5106 1014 5162 690
1032 5123 1110 5162 novoe
1130 5108 1196 5163 edit.
1210 5107 1362 5162 Mediolon.
1378 5103 1470 5173 1877).
1487 5137 1519 5148 -
1531 5107 1594 5162 orto
1613 5111 1706 5162 tamen

159 5193 255 5263 folior,
274 5194 440 5252 Xenocratis
459 5193 658 5266 fragmentum,
678 5196 750 5267 qnod
768 5213 860 5267 graece
878 5197 907 5250 in
962 5197 1111 5254 notandum
1126 5200 1186 5269 jnm
1205 5213 1299 5268 graece
1317 5213 1496 5271 praepropere
1511 5196 1646 5252 cecidisse
1658 5213 1705 5252 oe·

159 5283 250 5340 lnoern
268 5286 387 5356 venerit,
400 5301 488 5358 eoque
502 5285 654 5358 jucundius
667 5287 740 5358 qnod
753 5285 826 5341 idern
840 5286 908 5341 Am·
962 5285 1091 5362 pellendo
1109 5287 1138 5344 in
1157 5285 1282 5344 notulam
1300 5285 1380 5355 Maii,
1400 5289 1476 5344 ntor.
1497 5285 1534 5343 N.
1549 5286 1607 5343 PP.
1622 5288 1643 5340 t.
1663 5301 1705 5354 ιιι,
