4044 6098
291 491 349 555 356
964 482 1158 548 autopat-ts

336 643 370 707 ‘H
386 641 510 706 ἐναντία
523 630 654 726 δύναμις
678 630 834 712 οῦδήποτε
848 649 932 704 ποιεῖ
948 638 1036 730 ἔργον
1130 634 1285 700 Contraria
1298 641 1429 720 poteslas
1442 633 1525 700 nullo
1538 643 1625 717 poeto
1646 633 1754 700 bonum
1768 650 1843 716 opos

290 749 397 827 καλὸν,
422 746 504 812 ἀλλὰ
526 746 631 810 πάντα
654 744 697 810 τὰ
720 747 812 835 χείρω
836 749 960 837 ἐνεργεῖ·
984 746 1038 810 καί
1090 752 1238 824 operatur,
1255 742 1306 808 sed
1321 743 1420 825 pejora
1440 759 1567 827 quaeque
1586 741 1694 823 efficit3
1717 750 1749 808 et
1762 741 1839 824 quod

289 859 363 948 ὅπερ
387 855 545 948 ἐνεργήσει
568 854 679 931 mettim,
704 859 739 918 οὐ
764 845 895 918 δύναται
918 858 1039 920 ἀποκα-
1092 867 1215 932 pravum
1237 849 1336 930 saciet,
1359 866 1508 932 nunquam
1529 849 1666 914 restituet
1679 849 1709 914 itt
1723 849 1840 914 melius.

287 977 447 1040 ταστῆσαι
464 971 505 1041 εἰς
521 965 558 1028 τὸ
580 966 713 1048 βελτίω·
730 969 764 1028 ο)
787 963 847 1055 γὰρ
864 963 930 1053 ἔχει
948 957 1037 1042 τάξιν
1092 953 1158 1020 Νοο
1179 955 1268 1020 hebet
1288 955 1366 1020 enim
1388 954 1516 1020 melioris
1537 953 1681 1019 ordinem.
1704 954 1761 1020 Sed
1783 972 1843 1018 me·

287 1083 345 1138 τοῦ
371 1074 555 1161 κρείττονος.
581 1077 627 1156 Τῇ
654 1062 688 1136 δὲ
720 1072 879 1159 κρείττους
910 1062 1039 1158 δυνάμει
1090 1058 1172 1124 lieris
1185 1059 1261 1140 [Dei]
1275 1080 1327 1142 per
1341 1060 1502 1143 potentiam
1516 1059 1614 1125 omnia
1629 1060 1692 1125 fieri
1706 1069 1840 1145 possunt.

288 1179 394 1244 πάντα
424 1171 553 1245 δυνατά·
576 1182 592 1241 ὁ
616 1176 676 1269 γὰρ
700 1177 777 1252 Θεὸς
809 1183 897 1265 ἡμῶν
931 1179 1037 1267 ἀλγεῖν
1090 1166 1171 1232 Deus
1191 1167 1269 1232 enim
1290 1177 1389 1232 noster
1410 1166 1508 1233 dolere
1527 1167 1613 1245 feeit,
1634 1176 1722 1251 etque
1742 1186 1843 1232 rursus

288 1297 379 1364 ποιεῖ,
403 1285 457 1350 καὶ
479 1285 572 1350 πάλιν
597 1282 852 1357 ἀποκαθίστησιν·
876 1288 1040 1374 ἐνεργῆσαι
1092 1271 1229 1337 restituit.
1252 1271 1363 1336 Melum
1383 1280 1482 1336 autem
1508 1271 1613 1350 iecere,
1631 1275 1662 1335 in
1681 1289 1717 1336 oo
1737 1280 1841 1351 meet3

290 1384 325 1458 δὲ
344 1393 441 1458 κακον
465 1395 520 1456 οῦκ
544 1392 620 1480 ἔχει,
645 1396 679 1455 οῦ
695 1390 755 1483 γὰρ
771 1389 839 1454 καθ’
856 1383 916 1468 ἕξιν
934 1390 1037 1478 μόνον,
1092 1381 1170 1448 haud
1183 1382 1261 1446 enim
1276 1391 1344 1448 actu
1360 1391 1484 1463 tantum,
1502 1380 1599 1447 sed-et
1613 1381 1707 1464 ipsum
1723 1381 1753 1446 io
1767 1381 1844 1446 sub-

290 1500 375 1566 ἀλλὰ
398 1500 451 1566 καί
475 1499 545 1566 κατ’
571 1501 676 1564 οὐσίαν
700 1497 844 1590 ἀγαθόν·
1091 1493 1202 1556 senua
1222 1490 1332 1557 honum
1351 1491 1432 1557 Deus
1453 1501 1510 1557 eei.

333 1607 425 1672 u.18.
439 1607 510 1672 Ἐὰν
524 1598 569 1690 δῷ
582 1631 634 1695 μοι
647 1606 754 1671 Βαλὰκ
767 1605 871 1696 πλήρη
886 1605 941 1670 τὸν
955 1599 1037 1670 οἷκον
1130 1618 1163 1667 v.
1177 1600 1226 1665 18.
1242 1599 1279 1664 St'
1291 1599 1398 1664 dederll
1409 1599 1478 1664 mt'dt‘
1489 1597 1584 1662 Baldo
1597 1597 1711 1681 plenam
1724 1598 1841 1664 domum

290 1718 389 1780 αὑτοῦ
413 1717 556 1806 ἀργυρίου
573 1715 627 1780 καί
646 1716 782 1805 χρυσίου,
807 1719 841 1780 οὐ
866 1706 1038 1803 δυνήσομαι
1091 1725 1176 1771 tuam
1187 1707 1301 1790 arpettlt'
1314 1711 1341 1771 el
1354 1707 1429 1785 autel,
1439 1725 1496 1770 matt
1508 1711 1606 1789 palera
1619 1707 1769 1769 immolare
1782 1723 1843 1768 oet·-

291 1815 473 1911 ιιαραίῆιαι
488 1822 526 1886 τὸ
544 1825 629 1913 ῥῆμα
646 1823 758 1910 Κυρίου
773 1833 829 1886 τοῦ
842 1827 933 1902 Θεοῦ,
949 1835 1040 1898 ποιῇ.
1093 1814 1159 1880 bom
1179 1815 1298 1879 Domim‘
1316 1815 1375 1879 Dei
1394 1816 1456 1892 mei,
1476 1821 1510 1878 ut
1528 1814 1575 1880 oei
1590 1813 1667 1898 piae,
1685 1812 1732 1877 oei
1749 1811 1843 1876 minua

293 1950 346 1990 σαι
362 1927 439 1993 αὐτὸ
465 1929 572 2018 μικρὸν
589 1925 608 2000 ἢ
628 1928 710 2020 μέγα
726 1933 756 1993 ἑν
774 1940 814 2015 τῇ
833 1921 953 2016 διανοίᾳ
969 1955 1037 2021 μου.
1093 1924 1124 1987 t'tt
1143 1931 1233 1989 malla
1253 1944 1316 1990 maa
1337 1925 1449 2010 lapaut·

330 2035 404 2102 Ὅτι
428 2036 531 2126 ὥσπερ
555 2035 702 2126 μάνθανε,
725 2038 779 2102 τὸν
804 2037 911 2128 μισθὸν
935 2044 1039 2105 αὐτῶν
1133 2035 1213 2098 Sicut
1224 2043 1358 2111 noverat,
1372 2032 1525 2116 premium
1537 2049 1621 2095 suum
1634 2028 1794 2095 attulerant
1807 2035 1841 2090 ut

290 2143 397 2234 έρερον
420 2156 632 2238 προσαγαγεῖν
656 2150 750 2229 αὐτῷ.
1092 2144 1256 2210 mercedem
1278 2143 1321 2206 itti
1342 2142 1490 2208 offerrent.

333 2249 406 2332 Cap.
427 2250 530 2330 xxtv,
553 2251 582 2313 8.
606 2253 640 2316 Ὁ
657 2251 734 2328 Θεδς
755 2243 919 2345 ὡδήγησεν
943 2255 1038 2320 αὐτὸν
1132 2252 1204 2334 cap.
1220 2249 1322 2330 XXIV,
1338 2251 1368 2314 8.
1385 2248 1465 2313 Beue
1478 2246 1575 2311 eduxit
1594 2245 1676 2310 illum
1696 2244 1729 2308 de
1749 2241 1843 2326 AEpp·

288 2349 321 2434 ἐξ
345 2356 521 2448 Αἰγύπτου,
547 2363 586 2434 ὡς
611 2350 687 2436 δόξα
715 2359 920 2448 μονοκέρατος
944 2365 1039 2445 αὐτῷ·
1091 2363 1245 2444 pto‚cujue
1259 2359 1397 2441 fortitudo
1411 2356 1512 2422 similis
1525 2360 1566 2420 eei
1579 2355 1771 2419 monocerolt'e.
1789 2351 1844 2416 De·

283 2455 413 2529 Ἕδεται
436 2463 507 2537 ἔθνη
534 2468 569 2530 ἐκ
591 2476 654 2530 τῶν
678 2464 795 2556 ἐχθρῶν
818 2471 923 2532 αὑτοῦ.
1091 2466 1235 2530 vorabunt
1252 2470 1347 2548 pentes
1366 2483 1402 2526 ee
1421 2462 1544 2526 inimieie
1565 2462 1638 2543 ejus.

333 2571 394 2637 Διἰο
410 2571 561 2660 πρόσωπα
578 2574 723 2661 σημαίνει
739 2577 770 2638 ἐν
786 2572 918 2650 τούτοις·
932 2573 991 2639 εἰσί
1006 2565 1039 2640 δὲ
1131 2574 1214 2638 Duas
1228 2574 1257 2636 in
1272 2572 1353 2636 hisco
1373 2587 1514 2653 personas
1533 2569 1608 2651 egit,
1631 2583 1699 2650 qttae
1719 2575 1789 2632 suot
1809 2565 1842 2628 fi·

285 2686 403 2743 πιστῶν
428 2677 481 2742 καί
503 2687 565 2742 τῶν
591 2680 729 2744 ἀπίστων
747 2679 797 2745 ἐπὶ
816 2689 873 2744 τοῦ
897 2687 1038 2769 Χριστοῦ.
1092 2680 1200 2746 delium
1221 2688 1252 2746 et
1271 2679 1430 2744 infidelium
1451 2677 1506 2742 sub
1527 2676 1655 2742 Christo.

331 2784 470 2874 Καίμετ’
481 2786 655 2878 ὀλίγονἘν
663 2787 785 2863 τούτοις
796 2787 850 2876 μὲν
864 2781 916 2852 οὖν
931 2788 1040 2852 ἀνατί·
1132 2787 1174 2853 Et
1192 2787 1279 2871 paulo
1299 2793 1379 2871 pasl:
1399 2785 1508 2850 Eodem
1528 2785 1616 2868 igitur
1631 2781 1841 2848 recidentium

286 2894 1039 2985 τραπται,ααίὴτῶνὲναντιωμένιοντοῦἸσραὴλ
1091 2898 1220 2964 hostium
1240 2898 1272 2962 itt
1296 2895 1388 2960 Israel
1413 2895 1591 2960 infensorum
1615 2902 1758 2970 conatae,
1779 2901 1841 2956 tmn

288 3002 462 3094 έγχείρησις
478 3002 531 3068 καί
547 3009 566 3079 ἡ
584 3013 642 3079 τῆς
659 3006 790 3096 μαγείας
806 3003 1003 3094 κακοτεχνία.
1091 3005 1197 3088 magiae
1216 3021 1265 3069 ore
1285 3001 1424 3086 pessima.

325 3215 351 3252 v.
375 3199 417 3253 18.
438 3201 501 3255 Vet.
522 3199 587 3253 754.
865 3228 867 3232 -
1129 3201 1196 3274 Cep.
1217 3217 1293 3271 xxm,
1312 3200 1338 3256 8.
1361 3202 1424 3254 Vet.
1444 3197 1508 3251 754.

1045 3377 1086 3452 V.

867 3539 916 3612 Iit
940 3539 1260 3613 deuteronomium.

330 3697 402 3778 Cup.
415 3695 533 3760 XXXII.
546 3697 575 3760 8.
584 3696 664 3763 Ὅτε
677 3689 844 3788 διεμέριζεν
862 3699 1039 3790 ὁὝψιστος
1133 3697 1206 3781 Cap.
1218 3695 1335 3776 xxxa,
1348 3695 1378 3759 8.
1393 3695 1514 3772 Quando
1524 3693 1665 3758 dividebat
1674 3691 1841 3758 Allt'mt‘mue

284 3803 368 3884 ἔθνη,
392 3811 432 3881 ὡς
457 3797 625 3896 διέσπειρεν
656 3805 737 3884 υἱοὺς
760 3799 880 3896 Ἀδὰμ,
904 3811 1037 3883 ἔστησεν
1091 3815 1197 3892 paules,
1219 3806 1333 3892 plaudo
1351 3804 1714 3891 separadalfilt'oeddm
1736 3802 1839 3868 cauall-

286 3913 354 4002 ὅρια
376 3912 470 3978 ἐθνῶν
499 3913 584 3980 κατὰ
615 3913 742 4004 ἀριθμὸν
774 3917 915 4009 ἀγγέλων
948 3924 1037 3984 Θεοῦ.
1091 3919 1147 3981 lull
1164 3919 1297 3983 lermiaoe
1316 3917 1488 4001 populatam
1501 3918 1594 4000 juala
1613 3933 1761 3979 numerum
1781 3931 1839 3979 au-

292 4018 354 4085 Vm.
378 4021 449 4097 eut,
472 4024 501 4084 2.
1091 4024 1220 4108 pelorum
1240 4025 1307 4090 Dei.

331 4129 397 4205 Τὴν
421 4125 596 4220 ῦπερῦολὴν
619 4143 678 4209 τῆς
701 4143 796 4220 τιμῆς
815 4141 872 4197 τοῦ
887 4137 965 4199 λαοῦ
987 4125 1038 4200 διὰ
1130 4131 1346 4200 sublimitatem
1359 4133 1480 4199 honoris
1494 4130 1589 4215 piebis
1603 4149 1655 4214 per
1668 4128 1731 4195 haee
1744 4129 1839 4196 verbe

284 4235 404 4301 τούτων
429 4228 530 4310 δηλοῖ·
547 4244 586 4315 ὡς
603 4230 640 4313 δὴ
666 4249 729 4302 τῶν
755 4239 809 4328 μὲν
834 4239 938 4305 ἄλλων
961 4242 1038 4308 πάν·
1091 4238 1238 4320 declarem
1260 4259 1296 4306 οε
1315 4241 1341 4304 si
1361 4239 1514 4320 videlieet,
1530 4239 1602 4304 dum
1621 4237 1756 4304 omnibus
1775 4255 1838 4302 em—

284 4367 347 4408 των
361 4341 454 4408 ἐθνῶν
468 4345 618 4438 ἀγγέλους
630 4349 876 4424 ἐπιστατοῦντας
889 4348 1036 4438 ἑχόντων,
1091 4348 1161 4413 letis
1175 4349 1316 4430 gentibus
1326 4346 1424 4429 angeli
1435 4345 1576 4430 ptaesides
1589 4354 1701 4426 astant,
1713 4344 1839 4428 populus

284 4459 341 4514 τοῦ
355 4441 389 4515 δὲ
399 4454 478 4515 λαοῦ
491 4451 540 4515 ὑπ’
554 4456 649 4516 αὐτοῦ
662 4457 742 4517 Θεοῦ
755 4455 1037 4542 ἀρχομένουΚατά
1090 4456 1249 4539 ipsummet
1269 4454 1363 4520 Deum
1383 4453 1546 4538 principem
1566 4452 1698 4520 heberet.
1713 4453 1757 4519 Re
1774 4451 1841 4537 qui·

286 4558 393 4647 μέντοι
409 4559 556 4634 ἀλήθειαν
580 4561 634 4625 καὶ
649 4561 780 4638 τούτους
797 4562 929 4655 ἅγγελος
946 4568 961 4626 ὁ
979 4570 1037 4629 Μι-
1090 4563 1155 4628 dem
1174 4581 1247 4628 vem
1266 4569 1300 4627 et
1316 4561 1364 4627 hie
1377 4579 1493 4644 quoque
1507 4569 1631 4643 praeemt
1643 4559 1769 4644 angelus
1783 4560 1839 4627 iii·

282 4667 380 4755 χαήλ·
396 4668 486 4759 χάριν
502 4669 611 4758 μέντοι
625 4682 719 4759 τιμῆς
734 4681 830 4736 τοῦτο
850 4673 972 4761 εἴρηται
987 4677 1037 4739 ἐν·
1091 4669 1185 4750 chael,
1204 4669 1282 4733 sieut
1302 4668 1477 4751 agnovimus
1499 4668 1578 4752 apud
1598 4665 1761 4733 Danielem.
1783 4665 1839 4730 Ιο-

286 4773 398 4840 ταῦῦα.
1090 4786 1168 4844 terea
1192 4775 1312 4841 honoris
1330 4776 1428 4858 gratia
1442 4776 1471 4843 id
1485 4775 1541 4841 hoe
1560 4775 1624 4840 Ιοοο
1643 4775 1756 4841 dictum
1776 4783 1834 4840 est.

328 4905 361 4953 ν.
374 4885 424 4950 et.
439 4883 535 4951 Αὐτοὶ
551 4881 778 4977 παρεζήλωσοίν
795 4909 835 4975 με
850 4885 896 4951 ἐπ’
914 4891 948 4952 οῦ
965 4885 1034 4970 θεῷ,
1128 4902 1161 4950 ν.
1177 4885 1227 4948 tt.
1243 4881 1308 4968 Ipsi
1320 4903 1364 4948 me
1376 4890 1602 4968 provocaverunt
1613 4885 1645 4947 in
1665 4902 1697 4947 eo
1718 4883 1767 4966 qui
1779 4899 1836 4946 ιιοο

323 5084 360 5140 V.
381 5081 450 5154 aap.
470 5097 559 5150 xxxo,
579 5081 607 5137 8.
626 5084 692 5139 Vet.
712 5081 776 5138 754.
1089 5083 1174 5138 tacito
1186 5081 1317 5154 origenis
1328 5085 1449 5139 nomine.
1462 5084 1541 5140 Unde
1554 5099 1604 5139 noe
1617 5083 1715 5138 horum
1729 5083 1835 5136 tantum

324 5193 351 5230 ν.
364 5170 411 5241 21,
425 5169 471 5226 22.
484 5172 553 5226 ibid.
570 5173 694 5245 Uterque
706 5171 785 5227 loeus
798 5171 888 5227 fusior
899 5171 1037 5242 recipitur
1088 5172 1182 5227 brevia
1202 5172 1266 5227 dore
1292 5175 1374 5229 initia
1397 5175 1467 5230 solie
1489 5173 1645 5229 habuimus.
1664 5172 1695 5226 in
1717 5172 1773 5226 flue
1794 5169 1833 5224 cf.

287 5281 319 5319 eo
330 5264 391 5318 eine
402 5261 460 5318 ulle
471 5263 608 5318 verietate
621 5263 649 5317 in
663 5265 722 5319 Get.
737 5261 814 5334 Lipe.
828 5261 884 5318 οο1.
897 5258 975 5330 1637,
987 5261 1034 5317 eed
1090 5261 1174 5316 Hebe.
1194 5277 1245 5332 xm,
1264 5260 1311 5318 29.
