4044 6098
853 497 895 564 ΙΝ
916 496 1089 564 esauuos
1692 503 1749 568 lid

202 658 298 712 tamen
318 647 398 730 sapit
420 645 598 730 imperitiam
618 646 769 712 fastidiosa
789 648 881 713 series
900 649 951 714 ἐπὶ
966 659 1021 714 τοῦ
1037 647 1188 740 ψαλμοῦ...
1213 650 1391 742 πρόκειται,
1406 650 1658 744 προγέγραπται,
1683 668 1751 736 quac

202 771 316 820 morose
336 753 463 836 singulis
484 752 638 818 versiculis
658 754 829 819 succedunt.

242 862 286 926 3.⁰
308 870 378 928 Τῶν
402 853 499 946 ᾠδῶν,
525 878 556 924 n.
578 858 633 923 llI.
658 859 754 925 Possit
773 860 866 926 altera
887 879 952 926 esse
972 861 1167 946 appendicula
1186 861 1349 946 adjectitia.
1373 862 1430 929 Sed
1451 863 1562 947 placuit
1582 864 1751 931 vetustioris

202 967 311 1034 codicis
332 967 422 1047 uae,
439 965 590 1046 Xseculi,
607 965 782 1049 scripturam
803 966 919 1046 reterre,
940 967 1001 1051 jam
1022 969 1052 1034 in
1073 969 1140 1036 liat.
1157 969 1216 1034 llil
1231 969 1271 1034 XI
1285 969 1386 1034 saculi
1408 977 1536 1042 auctam,
1553 978 1587 1034 ut
1608 971 1706 1036 lerunt
1720 972 1751 1037 in

201 1072 352 1139 uncinulis
372 1072 499 1152 inclusa,
522 1072 610 1137 edam
632 1081 734 1138 notatu
754 1073 938 1156 dignissima.
955 1073 1075 1140 Placeat
1093 1075 1125 1140 in
1145 1075 1247 1158 primis
1268 1077 1366 1160 prisca
1387 1079 1477 1143 series
1496 1077 1537 1142 lx
1557 1078 1749 1162 cantieorum,

200 1198 268 1266 quaa
287 1180 350 1245 sola
371 1187 442 1244 sunt
462 1179 592 1244 numeris
612 1179 768 1261 diligenter
789 1185 944 1262 instructa,
961 1199 996 1246 ac
1015 1182 1040 1246 si
1059 1180 1120 1265 jam
1132 1181 1284 1266 juberetur
1297 1201 1330 1248 ea
1345 1201 1411 1250 esse
1433 1183 1540 1278 ὁρμὰς,
1564 1186 1642 1251 uude
1662 1203 1752 1269 opor-

201 1295 274 1369 teret
294 1285 438 1368 prolicisci
459 1304 568 1352 novem
588 1286 659 1350 odas
680 1303 836 1369 canonum,
858 1289 908 1371 qui
932 1295 1084 1374 tantopere
1105 1291 1137 1354 in
1158 1291 1282 1356 ecclesia
1302 1292 1405 1358 Graeoa
1426 1294 1609 1359 lrutiaarunt.

243 1396 287 1460 l.⁰
310 1405 375 1474 Τῆς
399 1389 508 1480 didaco
532 1404 594 1460 τῶν
619 1393 751 1486 ψαλμῶν
775 1387 935 1488 διαιρέσεις
958 1403 1027 1464 κτλ.
1051 1398 1126 1463 inira
1142 1417 1172 1463 n.
1188 1398 1240 1467 lv.
1258 1399 1317 1463 btu
1336 1410 1489 1483 postquam
1505 1401 1692 1486 inquisieritis
1714 1418 1751 1465 an

203 1502 312 1567 alicubi
332 1510 518 1569 occurrerent
538 1500 710 1567 inconcinna
732 1502 781 1566 illa
803 1502 966 1583 schemata,
989 1506 1120 1589 stupenti
1140 1506 1211 1571 rnihi
1233 1508 1351 1572 mndem
1375 1507 1465 1571 subiit
1490 1507 1599 1590 pagina
1624 1507 1750 1590 syriaca,
1879 1497 1880 1502 ’

200 1609 320 1674 nomine
341 1608 481 1690 inscripta
495 1607 526 1671 S.
542 1605 697 1692 Hippolyti
717 1607 853 1690 Romani,
876 1609 952 1675 iuter
966 1611 1109 1676 daubata
1123 1612 1160 1676 ol.
1177 1632 1208 1679 v.
1226 1613 1309 1678 Pauli
1324 1613 1362 1678 de
1376 1612 1527 1692 nugarum
1550 1612 1680 1696 meisque
1699 1610 1752 1677 vix

202 1715 311 1781 confidi
332 1717 443 1796 oculis,
465 1733 555 1799 quum
576 1714 705 1780 intuerer
724 1715 764 1780 ad
784 1715 923 1781 amussim
944 1717 1002 1782 sibi
1023 1720 1201 1804 respondere
1221 1720 1409 1800 drocarum,
1431 1721 1631 1805 syrorumque
1651 1720 1753 1801 perio-

201 1822 282 1899 chas,
306 1832 389 1888 tanto
409 1821 538 1886 locorum
559 1830 590 1887 et
611 1829 775 1904 temporum
794 1822 949 1887 intervallo
969 1823 1127 1907 sejunctas.
1144 1825 1275 1903 Quorum
1295 1845 1437 1893 annosam
1458 1825 1667 1909 antiquitatem
1688 1825 1752 1909 ipse

202 1929 353 1993 confirmat
366 1928 506 2008 Hilarius,
519 1929 569 2012 qui
580 1927 664 2012 plura
679 1929 734 1992 sibi
749 1928 840 1994 latina
855 1929 933 2008 lecit,
947 1939 1109 2015 cunctaque
1123 1929 1188 1996 haec
1198 1934 1404 2016 prolegomena
1419 1935 1528 2014 legisse
1543 1933 1752 2019 propemodum

203 2041 338 2099 testatur.
361 2032 422 2100 Nec
442 2034 544 2118 plura:
566 2035 626 2099 cito
644 2035 719 2100 uelit
738 2037 829 2100 lector
850 2035 881 2100 in
901 2035 979 2101 hunc
998 2037 1166 2104 condictum
1187 2041 1281 2106 amice
1305 2041 1536 2126 conspirantium
1563 2041 1749 2108 descendere.

242 2141 287 2203 li.⁰
302 2141 377 2208 Ὀτι
400 2152 467 2220 πῶς
491 2141 679 2234 ἀναχθείσης
702 2155 760 2222 τῆς
783 2137 918 2211 κιῧωτοῦ
942 2151 1012 2211 κτλ.
1037 2145 1110 2210 infra
1125 2165 1155 2211 u.
1172 2147 1209 2214 V.
1225 2149 1386 2215 Subborrui
1402 2149 1540 2233 primum,
1556 2166 1595 2213 ne
1611 2148 1682 2212 illud
1696 2147 1752 2211 dit-

201 2247 295 2330 litear,
318 2268 373 2315 nec
393 2251 450 2314 nisi
472 2268 553 2332 aegre
573 2252 686 2334 perrexi
707 2252 739 2316 in
759 2251 995 2336 perlustrandam
1015 2251 1096 2317 illam
1116 2253 1263 2337 prolixam
1282 2254 1525 2320 lucubrationem.
1549 2254 1686 2337 lneptum
1708 2253 1751 2318 in·

201 2373 307 2421 sonare
328 2357 399 2421 rnibi
421 2358 583 2439 exordium,
605 2357 740 2424 subolere
761 2361 863 2442 spuria
876 2355 1223 2443 'pseudo-Chrysostomi,
1239 2359 1378 2426 anhelare
1397 2369 1566 2442 quassatam
1587 2357 1749 2440 homiliam,

202 2464 302 2546 quales
321 2463 488 2531 effuderunt
508 2475 550 2532 tot
570 2466 764 2549 italo-graeci,
777 2484 902 2551 quorum
916 2467 1074 2533 ruditatem
1089 2467 1195 2532 soloeca
1211 2477 1241 2532 et
1254 2466 1379 2532 barbara
1391 2466 1486 2532 uerba
1506 2465 1675 2549 proderent.
1692 2466 1750 2530 Sed

203 2580 333 2637 tenacem
355 2590 400 2637 me
421 2591 510 2655 quurn
532 2573 649 2638 fastidia
669 2573 834 2639 calcaribus
855 2593 988 2657 premere
1015 2575 1147 2656 soleant,
1170 2575 1281 2642 uadum
1301 2575 1382 2640 volui
1412 2575 1495 2638 firmo
1522 2583 1554 2639 et
1578 2575 1657 2639 lento
1678 2573 1754 2657 pede

201 2678 358 2744 transilire.
380 2678 475 2747 Verba
498 2679 617 2762 quidem
632 2680 750 2746 insolita
765 2682 902 2765 superius
912 2682 1049 2765 iugulata
1065 2683 1171 2748 iterum
1186 2682 1330 2749 transiixi.
1348 2681 1423 2763 Quae
1438 2681 1522 2746 rudia
1544 2681 1669 2764 primum
1685 2682 1751 2746 hor·

200 2796 330 2868 ruerant,
352 2805 474 2855 euasere
495 2807 609 2872 asperae
629 2789 814 2872 antiquitatis
836 2791 1005 2855 tentamina.
1022 2789 1117 2856 ldovit
1131 2808 1177 2856 me
1196 2808 1372 2873 suspensum
1391 2789 1506 2855 veteris
1526 2788 1683 2872 disciplina
1706 2806 1753 2852 ar·

200 2895 285 2975 cani,
307 2895 417 2961 ueteris
437 2895 591 2977 theologias
610 2896 753 2980 symbola,
776 2895 912 2960 Christus
932 2895 1032 2960 uerbis
1053 2896 1255 2962 hutenicaenis
1274 2895 1440 2960 salutatus:
1460 2901 1540 2961 Θεοῦ
1556 2905 1638 2974 παῖς,
1656 2899 1671 2958 ὁ
1688 2901 1752 2960 Μο-

201 3000 340 3096 νογενὴς,
365 3007 380 3068 d
406 3004 570 3096 ἀγαπητὸς
593 3003 664 3094 περὶ
687 2999 721 3068 οὗ
744 3008 761 3067 ὁ
786 3001 837 3068 ἀπ’
857 3006 985 3094 οὐρανοῦ
1000 3003 1134 3097 κέκραγε
1154 3009 1224 3069 κτλ.
1242 3001 1330 3067 Nulla
1342 3003 1532 3068 recentiorum
1548 2995 1753 3065 haereticorum

201 3110 323 3192 indicia;
340 3111 392 3174 sed
406 3128 474 3174 ecce
490 3110 670 3190 Valentinus,
686 3109 770 3191 quasi
784 3126 898 3188 recens,
915 3107 1047 3191 vapulat.
1063 3105 1109 3173 En
1123 3110 1232 3192 passim
1248 3116 1357 3175 tessera
1372 3109 1420 3173 illa
1435 3107 1588 3191 Hippolyti
1603 3125 1621 3172 e
1637 3106 1753 3191 tripode

201 3217 420 3296 interrogantis,
443 3215 558 3298 objecta
583 3235 619 3280 ex
639 3217 765 3298 abrupto
787 3215 945 3298 prementis
970 3214 1190 3298 soluentisque:
1215 3219 1293 3282 Τίνα
1316 3217 1376 3308 ἄρα
1392 3219 1584 3306 repetesis..
1610 3215 1678 3281 ἀλλ’
1700 3215 1751 3289 ἢ...

200 3363 245 3376 --
265 3324 340 3413 ὑπὲρ
363 3334 422 3399 τῆς
445 3314 568 3415 ὀγδόης.
593 3324 686 3398 Ποίας
704 3313 835 3412 ὀγδόης
853 3327 909 3388 οὐκ
926 3317 994 3389 εἷπε
1009 3320 1110 3400 καθὼς
1127 3327 1333 3401 Οὐαλεντῒνος
1351 3323 1500 3408 βούλεται
1524 3317 1752 3412 τεχναζόμενος

200 3430 333 3521 λέγειν...
350 3469 394 3479 -
410 3431 496 3506 Τίνες
521 3421 547 3494 δ’
565 3429 601 3495 ἂν
626 3424 685 3495 εἷεν
708 3432 799 3503 ληνοί
807 3456 815 3510 ;
840 3429 945 3502 ἀλλ’ἢ
970 3436 999 3495 ol
1022 3430 1169 3522 μακάριοι
1185 3443 1372 3522 προφῆται...
1390 3470 1435 3480 -
1450 3431 1586 3520 Ψαλμὸς
1602 3439 1648 3514 τῷ
1672 3433 1752 3523 ἀγα-

201 3547 304 3622 πητῷ.
329 3539 382 3615 Τίς
406 3529 472 3604 Sto
496 3538 542 3611 εἴη
568 3541 585 3602 ὁ
608 3538 772 3631 ἀγαπητὸς
796 3538 908 3618 ἄλλος
934 3537 1002 3604 ἀλλ’
1027 3537 1047 3613 ἢ
1073 3543 1088 3602 d
1111 3549 1183 3615 ποιῒς
1206 3548 1262 3605 τοῦ
1286 3545 1395 3604 Θεοῦ...
1420 3537 1500 3616 Quid
1527 3536 1634 3620 plura?
1656 3536 1753 3602 Etiam

202 3642 357 3734 ἀκροατὰς
371 3643 547 3727 Hippolytus
560 3645 634 3709 solet
646 3644 819 3727 compellere
832 3643 934 3709 eodem
954 3643 1040 3710 suavi
1062 3643 1190 3723 numine,
1206 3643 1367 3727 eademque
1387 3642 1577 3726 extemporali
1598 3642 1752 3708 alacritate

201 3754 358 3832 concitare,
373 3755 543 3848 ἀγαπητοί.
560 3753 666 3818 Recole
676 3770 743 3836 quea
753 3771 841 3837 supra
853 3770 948 3835 graece
962 3761 992 3818 et
1005 3753 1152 3818 armeniae
1164 3760 1306 3836 prostant.
1320 3751 1404 3817 hddc
1415 3749 1493 3833 quod
1506 3759 1566 3816 tarn
1582 3749 1753 3833 praeimotus

200 3867 387 3931 concionator
399 3863 520 3929 alterius
534 3863 662 3946 uestigia
681 3860 785 3927 nullibi
806 3869 900 3926 terere
920 3861 1047 3938 uidetur,
1064 3869 1095 3927 et
1109 3871 1206 3926 temen
1218 3861 1243 3925 si
1258 3879 1325 3927 cum
1340 3860 1390 3926 illo
1405 3859 1576 3940 Eusebium,
1592 3858 1750 3941 Origenam

200 3973 232 4037 in
252 3971 352 4037 multis
365 3969 531 4050 contuleris,
547 3969 601 4034 tibi
615 3969 709 4033 altera
721 3977 847 4051 utraque
861 3967 1009 4032 sententia
1022 3968 1097 4034 erit:
1114 3977 1166 4032 aut
1180 3967 1310 4052 priscum
1324 3968 1405 4033 illum
1421 3966 1565 4033 ellutiisse
1580 3967 1706 4049 turpiter
1721 3975 1752 4031 et

201 4077 314 4161 prolixe
334 4095 400 4160 quae
419 4075 468 4138 alii
490 4074 619 4140 breviori
639 4074 785 4156 elegantia
801 4075 944 4153 dixerant,
960 4083 1013 4139 aut
1030 4074 1205 4157 compendia
1225 4075 1344 4140 llusehii
1359 4085 1390 4141 et
1403 4075 1542 4154 Origenis
1560 4093 1596 4140 ex
1617 4073 1752 4140 uberiore

202 4185 251 4249 illo
271 4193 301 4249 et
321 4182 486 4266 antiquiore
506 4182 666 4268 archetypo
688 4181 818 4246 lluxisse.
841 4182 901 4246 Sub
919 4182 1020 4266 judice
1041 4182 1078 4246 lis
1099 4191 1175 4248 esto.

244 4292 288 4354 ti.⁰
309 4289 458 4374 Superiori
478 4307 599 4354 numero
614 4289 651 4352 νο
665 4288 762 4353 allinis
781 4305 978 4372 germanaque
998 4289 1120 4355 ridetur
1133 4288 1165 4354 in
1179 4307 1261 4354 num.
1278 4289 1328 4364 lil,
1344 4289 1445 4354 breuis
1458 4298 1488 4355 ct
1503 4288 1630 4373 quadam
1650 4287 1752 4371 singu-

202 4394 318 4463 laritate
338 4395 462 4478 insignis
484 4397 628 4487 ἕκφραοις
649 4395 683 4458 de
704 4393 832 4459 Cocticis
845 4394 997 4477 producar,
1013 4395 1121 4478 rejecta
1136 4394 1166 4458 in
1182 4393 1246 4461 liat.
1266 4395 1336 4476 aba,
1354 4396 1429 4461 inter
1444 4396 1526 4478 plura
1542 4405 1573 4462 et
1587 4412 1748 4478 anonyma.

202 4504 283 4570 Idem
304 4503 491 4568 concionator
504 4502 621 4567 eosdem
634 4499 782 4565 auditores
802 4499 921 4566 uidetur
941 4500 1064 4583 alloqui,
1090 4504 1264 4595 ἀγαπητοὶ,
1292 4513 1326 4568 ut
1346 4520 1446 4587 supra.

243 4611 339 4692 Quam
360 4619 477 4692 gratum
496 4607 610 4688 lubeat,
632 4607 761 4690 nequid
782 4606 819 4673 de
839 4625 946 4689 magno
966 4609 1127 4695 Hippolyto
1148 4609 1447 4692 omittam,·incidere
1468 4607 1498 4674 in
1519 4611 1668 4694 copiosum
1689 4609 1750 4673 hu-

201 4717 328 4801 jusmodi
350 4716 533 4801 prooemium,
549 4715 628 4800 quod
642 4715 684 4779 illi
699 4714 838 4799 ascripsit
852 4715 962 4798 primus
975 4715 1094 4781 Simeon
1108 4716 1146 4782 de
1160 4717 1324 4800 Magistris,
1339 4717 1549 4801 inventorique
1568 4717 1663 4784 iasces
1683 4717 1752 4782 sub-

202 4823 320 4890 mittere
339 4833 370 4889 et
387 4823 537 4907 plaudere.
553 4821 646 4886 lncidi
661 4821 794 4906 quidem:
811 4822 902 4888 codex
916 4821 995 4888 enirn
1009 4824 1226 4905 casanatensis,
1243 4843 1329 4908 quem
1343 4824 1525 4906 designauit,
1541 4823 1643 4890 sodex
1663 4824 1750 4902 siglis
1850 4890 1853 4898 ,

204 4931 367 5015 antiquatis
387 4930 424 4995 0.
446 4930 470 4994 l.
494 4930 544 5010 lb,
568 4929 618 4995 diu
639 4938 669 4995 et
689 4947 768 5012 aegre
794 4930 971 5015 perquisitus
993 4929 1023 4996 in
1044 4930 1100 4997 hoc
1126 4933 1255 4999 tumultu
1275 4932 1471 4998 Romanarum
1492 4931 1750 5011 bibliothecarum,

203 5057 295 5124 quum
312 5039 373 5122 jam
393 5039 588 5123 desperarem,
608 5039 646 5105 ad
666 5058 713 5105 me
733 5057 825 5122 usque
845 5039 1057 5122 benignissime
1078 5039 1171 5120 uenit,
1194 5040 1347 5106 aestatim
1366 5039 1459 5123 spolia
1480 5039 1577 5123 opima
1599 5040 1637 5104 de
1657 5039 1752 5118 blagi-

204 5148 290 5228 stris,
312 5147 355 5212 uti
377 5150 438 5214 iere
457 5165 585 5231 semper,
608 5149 639 5212 in
660 5165 747 5213 auras
766 5156 967 5226 evanuerunt,
988 5155 1020 5212 ut
1038 5149 1098 5232 jam
1119 5148 1149 5214 id
1171 5165 1259 5232 snpra
1281 5147 1395 5213 notari.
1417 5147 1460 5212 Ex
1481 5145 1644 5230 llippolyto
1666 5144 1751 5226 nihil,

204 5266 310 5342 praetcr
330 5257 430 5325 tritum
453 5259 713 5349 ὰποοποιομάτιον
736 5257 836 5324 decem
858 5257 1076 5331 versiculorum,
1099 5275 1173 5342 quos
1194 5258 1260 5324 sine
1280 5256 1446 5335 interuallo,
1465 5275 1520 5322 nec
1540 5257 1604 5322 sine
1625 5253 1753 5326 fallacia,
