4064 6108
266 445 324 512 etl
863 443 912 510 be
936 440 1216 508 reextuuututs

266 613 320 661 suo
340 593 517 676 excogitant,
534 594 601 658 dunr
622 593 679 658 sibi
701 593 818 676 lingunt
837 592 997 661 Ecclesiam
1018 591 1082 658 sine
1102 589 1383 675 episcopiumque
1401 587 1592 654 christianum
1612 591 1678 656 sine
1698 588 1808 672 capite,

266 718 302 764 ac
322 701 381 766 lere
402 699 552 765 civitatem
575 701 604 765 io
625 716 693 765 aere
705 700 847 782 pensilem
861 699 926 764 sine
938 697 1090 776 religione,
1105 696 1178 779 quin
1194 696 1284 760 immo
1303 696 1408 762 coelom
1428 695 1494 760 sine
1513 695 1576 760 Deo
1590 696 1723 776 Christo;
1739 695 1809 761 dum

266 807 389 874 barbara
412 805 566 871 intrudunt
578 805 698 871 nomina
712 806 858 887 Petriana,
876 805 1031 881 Paulinus,
1046 805 1123 868 inter
1136 821 1169 868 se
1181 802 1390 884 digladiantes,
1405 820 1471 886 quae
1484 821 1522 868 ne
1541 803 1726 869 somniarunt
1746 801 1811 886 qui-

266 915 331 980 dem
352 913 524 978 audaciores
545 913 623 978 inter
643 913 866 979 Alexandrinos.

1010 1199 1072 1295 H.

304 1447 446 1530 Negtndo
470 1457 568 1511 tamen
589 1463 646 1510 non
669 1463 744 1523 sum,
768 1463 864 1529 neque
884 1443 1107 1523 dissimulando,
1128 1453 1244 1509 nostros
1263 1443 1429 1528 AEgyptios,
1446 1442 1535 1509 nimio
1555 1440 1694 1519 abreptos
1714 1439 1812 1503 studio

269 1553 300 1618 in
315 1553 449 1635 legendis
470 1561 501 1618 et
520 1551 730 1617 coacervandis
744 1549 928 1617 ethnicorum
943 1551 1025 1616 libris
1039 1561 1069 1616 et
1082 1550 1269 1630 testimoniis,
1286 1551 1411 1616 alacrius
1425 1569 1513 1634 quam
1526 1549 1641 1614 cautius
1655 1545 1813 1611 accessisse

268 1660 307 1725 ad
327 1658 529 1744 philosophos,
550 1657 589 1722 ad
609 1658 766 1741 sophistas,
782 1657 820 1722 ad
841 1665 953 1741 poetas,
970 1659 1009 1722 ad
1028 1657 1166 1723 Hebraeos
1178 1657 1289 1738 hostes,
1305 1658 1343 1722 ad
1363 1675 1466 1738 omnes
1484 1656 1656 1722 exotericas.
1671 1651 1810 1717 AEmulari

270 1765 343 1832 milri
363 1765 503 1832 uidentur
517 1765 641 1830 disertos
662 1763 729 1829 illos
749 1763 841 1829 Musei
863 1763 1054 1830 Alexandrini
1075 1765 1249 1847 magistrum
1272 1782 1326 1828 neo
1343 1763 1415 1847 pati,
1433 1761 1622 1829 bibliothecas
1638 1757 1813 1826 Christianis

271 1874 444 1956 desiderari,
467 1874 569 1941 deesse
589 1873 697 1939 nostris
712 1872 879 1957 gymnasia,
895 1873 1014 1938 exulare
1032 1892 1067 1939 ex
1082 1874 1165 1938 libris
1179 1874 1270 1939 sacris
1291 1872 1401 1938 scholia
1422 1881 1452 1938 et
1471 1870 1703 1948 commentarios,
1726 1868 1814 1932 inter·

269 1991 384 2068 protum
405 1981 515 2048 Christi
536 1973 685 2064 quiescere
706 1980 847 2046 tumultus
868 1991 899 2047 et
919 1981 1090 2048 certamina.
1109 1983 1151 2048 dc
1164 1982 1250 2062 sicut,
1268 1982 1298 2047 in
1318 1980 1375 2047 hoo
1396 1981 1459 2064 ipso
1478 1980 1536 2046 aeri
1555 1988 1586 2046 et
1605 1978 1685 2044 orbis
1704 1976 1812 2060 spatio,

269 2091 412 2156 Homerus
427 2089 531 2155 habuit
544 2107 628 2154 suum
644 2087 855 2167 Aristarchum,
871 2106 957 2153 suum
971 2107 1077 2172 agmen
1091 2088 1326 2169 scholiastarum,
1342 2106 1427 2153 suum
1443 2085 1611 2170 disputandi
1626 2096 1657 2152 et
1670 2081 1813 2150 ariolandi
1914 2081 1919 2088 ’

268 2214 422 2282 campum:
440 2198 480 2262 ita
502 2197 604 2278 nostri,
621 2197 738 2281 pruritu
751 2195 916 2262 academico
931 2197 1042 2279 perciti,
1057 2198 1160 2281 jubent
1174 2197 1211 2263 de
1224 2217 1303 2264 nouo
1317 2206 1347 2262 et
1367 2197 1488 2280 antiquo
1510 2195 1616 2261 ludere
1638 2193 1813 2278 frequentari

268 2321 418 2386 acroascs,
441 2303 478 2369 de
498 2304 578 2386 Lege
597 2315 628 2370 et
648 2303 799 2388 prophetis
827 2304 959 2370 interseri
982 2306 1250 2400 προγυμναστικά,
1272 2305 1310 2371 de
1332 2305 1426 2372 Verbo
1448 2305 1583 2372 Muscam
1597 2302 1723 2383 institui,
1739 2318 1815 2366 exe—

267 2414 404 2496 geticam,
427 2422 460 2478 ut
479 2413 571 2479 uerbo
590 2413 698 2492 dicam,
720 2412 806 2478 condi
827 2421 859 2478 et
879 2413 994 2479 absolui
1015 2414 1211 2498 disciplinam.

308 2521 434 2586 Condita
448 2520 566 2605 quidem
580 2529 611 2588 et
624 2520 835 2602 adcumulem,
852 2529 1083 2604 prateromnem
1104 2541 1198 2605 spem,
1221 2522 1308 2588 ducta
1330 2523 1388 2589 fuit
1407 2521 1516 2587 biblica
1536 2520 1670 2603 exegesis
1690 2519 1815 2584 Alexan-

271 2628 365 2694 drina.
381 2627 546 2712 Statimque
561 2628 599 2693 ah
614 2627 700 2693 initio
713 2627 825 2710 grande
846 2645 919 2713 opus
939 2627 1108 2711 incoepisse,
1129 2627 1303 2696 documento
1324 2638 1393 2695 sunt
1413 2645 1506 2713 pauca
1525 2645 1592 2710 quae
1612 2627 1649 2694 de
1663 2627 1813 2706 Panlmno,

272 2734 516 2819 protodidascalo,
533 2736 572 2802 ad
587 2754 640 2800 nos
654 2743 871 2821 peruenerunt:
887 2754 976 2818 quum
990 2738 1145 2802 Anastasio
1158 2746 1245 2818 teste,
1261 2755 1279 2801 a
1294 2739 1387 2822 primo
1407 2737 1567 2803 bibliorum
1581 2735 1666 2801 initio
1683 2751 1814 2814 exorsus,

272 2843 472 2908 flexaemeron
488 2845 655 2926 exposuerit
670 2843 694 2922 ¹)
705 2859 720 2923 ;,
729 2860 831 2926 quum,
847 2841 989 2908 referente
1003 2842 1146 2926 discipulo
1159 2844 1319 2919 Clemente,
1336 2847 1373 2911 ab
1388 2845 1490 2912 eodem
1507 2843 1617 2909 oriatur
1631 2843 1732 2926 gravis
1753 2841 1817 2907 her·

272 2951 456 3016 meneuticus
477 2967 571 3015 canon
589 2950 626 3017 da
640 2950 809 3036 prophetico
823 2951 1012 3029 sermonem
1028 2969 1118 3036 quum
1134 2961 1285 3036 praeterea,
1308 2954 1387 3037 apud
1408 2952 1497 3018 lndos
1517 2960 1662 3035 receptus,
1686 2952 1716 3016 in
1737 2967 1818 3035 pras-

274 3058 364 3124 mium
381 3057 534 3141 apostolici
555 3057 664 3123 laboris
677 3055 811 3124 retulerit
823 3055 956 3124 ldatthaei
969 3059 1169 3141 euangelium,
1185 3059 1331 3126 hebraicis
1345 3061 1451 3126 litteris
1465 3059 1605 3142 scriptum
1619 3059 1657 3140 ³),
1674 3069 1814 3125 remotum

272 3165 403 3252 quidem,
424 3165 477 3230 sed
498 3165 623 3248 primum
643 3175 674 3230 et
694 3165 809 3230 lirmum
830 3165 914 3231 molis
935 3166 1108 3251 llexaplaris
1129 3167 1360 3235 fundamentum.

312 3273 385 3339 lndo
403 3274 501 3338 audax
522 3271 676 3339 consilium
696 3273 737 3338 ita
759 3282 930 3357 prouectum
948 3282 1004 3355 est,
1021 3284 1054 3340 ut
1073 3275 1187 3340 collatis
1208 3275 1365 3356 diligenter
1385 3285 1415 3342 et
1433 3276 1632 3360 undequaque
1651 3275 1815 3352 codicibus,

272 3381 498 3465 interpretibus,
519 3379 697 3462 scholiastis,
718 3383 867 3448 accersitis
889 3381 919 3446 in
940 3383 1082 3448 auxilium
1103 3384 1223 3467 Iudeis,
1240 3385 1336 3470 Syris,
1354 3383 1556 3463 Samaritanis,
1576 3383 1733 3462 chaldeis,
1749 3401 1818 3448 con·

272 3487 391 3555 sociatis
411 3486 549 3552 omnibus
568 3488 697 3554 Orientis
716 3498 748 3555 et
761 3489 929 3557 Occidentis
943 3490 1053 3573 linguis
1066 3500 1097 3557 et
1114 3490 1259 3572 dialectis,
1276 3503 1343 3575 post
1363 3490 1469 3557 itinera
1489 3490 1586 3556 Sicula
1606 3501 1637 3555 et
1656 3487 1818 3555 orientalia

273 3593 418 3673 Pantaeni,
430 3593 580 3660 llelladica
591 3596 761 3676 Clementis,
773 3597 917 3676 llomana,
931 3595 1034 3660 Graeca
1047 3605 1078 3660 et
1089 3597 1198 3661 Asiana
1209 3597 1358 3677 Origenis,
1372 3597 1541 3680 prodigioso
1552 3595 1679 3681 quodam
1690 3604 1720 3661 et
1734 3595 1820 3659 nubo

273 3703 334 3767 lere
354 3700 499 3785 exemplo,
522 3705 740 3794 Κατηχήσεων
761 3703 859 3770 schola
879 3702 1090 3786 Alexandrina,
1113 3705 1152 3770 ad
1172 3713 1290 3771 etatem
1310 3723 1403 3789 usque
1424 3715 1565 3786 nostram,
1584 3702 1714 3770 nondum
1734 3718 1819 3784 supe·

276 3817 340 3874 rato
361 3805 460 3873 luerit.

1006 4103 1090 4199 ΙΠ.

319 4361 389 4441 Sed,
405 4377 472 4444 quae
487 4357 624 4428 humanae
638 4358 815 4424 infirmitatis
829 4359 958 4425 conditio
971 4368 1027 4444 est,
1043 4360 1175 4443 cogitatu
1186 4359 1296 4444 optima
1312 4358 1389 4426 haud
1403 4377 1519 4444 semper
1533 4359 1562 4424 in
1574 4358 1735 4444 proficuum
1749 4376 1824 4444 opus

279 4477 398 4548 exeunt,
420 4476 452 4534 et
470 4486 530 4552 quo
550 4467 685 4550 cupidius
707 4465 813 4550 placita
827 4467 905 4532 hono
919 4468 1017 4533 animo
1031 4469 1119 4552 petis,
1136 4488 1171 4534 eo
1191 4468 1279 4534 citius
1293 4469 1323 4532 in
1343 4468 1489 4533 deteriora
1511 4467 1571 4532 ruis
1592 4485 1735 4551 preceps,
1758 4486 1825 4550 quaa

279 4575 410 4658 proxime
423 4576 570 4660 adjacent.
586 4575 792 4646 Alexandrinis
805 4593 930 4658 pronum
944 4585 1007 4642 erat
1020 4595 1098 4643 noua
1113 4578 1202 4642 nimis
1216 4577 1381 4661 quaeritare,
1397 4587 1500 4644 vetera
1514 4576 1653 4643 audacius
1668 4593 1824 4655 renouare,

277 4682 429 4768 acquirere
450 4682 613 4767 promptius
633 4681 745 4764 aliena,
769 4683 967 4768 inexspectata
990 4685 1141 4769 indagare,
1164 4695 1194 4750 et
1215 4685 1369 4768 peregrina
1391 4685 1421 4749 in
1442 4684 1634 4752 domesticum
1653 4693 1824 4752 conuertere
1883 4727 1887 4736 -

277 4788 427 4874 peculium
438 4805 448 4871 3
470 4807 506 4855 ac
520 4805 573 4874 pro
586 4787 688 4854 innata
708 4789 814 4874 cuique
834 4789 999 4875 voluptate,
1021 4791 1104 4857 hisce
1124 4789 1245 4856 curiosis
1266 4790 1455 4870 indaginibus
1468 4810 1503 4858 eo
1518 4791 1648 4857 ursacius
1662 4790 1824 4872 adhaerere,

277 4917 336 4984 quo
357 4899 453 4983 magis
473 4917 491 4966 a
511 4907 631 4984 recepte
650 4899 856 4985 communique
876 4900 1088 4968 consuetudine
1107 4899 1284 4965 recederent.

318 5007 392 5075 inde
412 5009 481 5075 novi
503 5008 636 5092 magistri
659 5009 837 5091 maluerunt,
859 5029 913 5076 sua
934 5027 1012 5094 saepe
1039 5009 1169 5092 prolerre
1188 5025 1277 5092 quam
1298 5009 1463 5093 expendere
1489 5010 1573 5091 trita,
1600 5025 1653 5076 suo
1673 5009 1826 5092 indulgere

321 5205 343 5272 1)
357 5207 422 5264 Vid.
435 5223 520 5279 supra
532 5226 561 5280 p.
578 5205 638 5265 160.
659 5239 690 5248 -
706 5207 731 5281 2)
746 5207 831 5263 clem.
848 5207 928 5265 Alex.
949 5209 1055 5262 Pottsr.
1073 5225 1101 5280 p.
1118 5204 1196 5262 1002.
1211 5237 1245 5248 -
1258 5211 1282 5272 ³)
1299 5207 1458 5280 Hieronym.
1478 5208 1512 5263 de
1532 5209 1594 5263 Ser.
1608 5211 1685 5265 Eccl.
1700 5225 1762 5279 cap.
1776 5205 1822 5261 36.
