4044 6098
826 491 868 561 IN
889 492 1062 562 rennues
1665 495 1723 564 un
1791 541 1801 563 ,

171 642 225 730 [ni.
250 653 307 710 τοῦ
331 637 601 736 τετραῶασιλείουψ
619 644 650 728 ¹).
675 642 896 735 Ἐστερεῶθη...
1019 652 1053 710 Η.
1066 643 1181 735 ’Υμνος
1197 654 1260 712 τῶν
1282 647 1406 733 [αὐτῶν]
1426 645 1520 740 ἁγίων
1536 655 1631 737 τριῶν
1654 647 1725 712 παί-

215 740 252 814 δ.
277 742 463 838 Ἀμῶαιιοὺμ
493 750 673 841 προφήτου,
696 749 761 827 ένδς
791 759 854 816 τῶν
880 749 919 834 ιβ’
976 746 1047 820 δων.
1071 752 1279 848 Εὑλογητός..

169 866 347 947 προφητῶν.
372 858 492 949 Κύριε...
1023 860 1195 951 [Προσευχή
1221 871 1284 926 τῶν
1301 865 1402 926 αὐτῶν
1427 862 1523 953 ἁγίων
1547 851 1573 953 γ’
1595 849 1724 925 παίδων.

217 965 249 1030 ε’.
275 965 398 1031 Ἡσαΐου
429 966 601 1056 προφήτου,
620 966 685 1044 ένδς
714 975 777 1032 τῶν
807 967 848 1051 ιβ’
873 955 920 1054 [δ’
975 973 1183 1062 Εὐλογεῒτε...]

171 1080 235 1136 τῶν
260 1072 420 1168 μεγάλων]
445 1083 624 1165 προφητῶν.
648 1074 702 1140 Ἐκ
725 1074 864 1152 νυκτός...
1020 1071 1057 1139 θ’.
1073 1066 1175 1161 [ᾫδή]
1190 1085 1249 1151 τῆς
1261 1073 1414 1166 παναγίας
1432 1070 1580 1138 θεοτόιιου
1598 1072 1725 1162 Μαρίας,

217 1173 251 1265 [ι’.
268 1180 356 1247 Ἰωνᾶ
368 1191 424 1248 τοῦ
436 1184 608 1275 προφήτου,
625 1183 689 1260 ένὸς
708 1193 770 1248 τῶν
790 1183 828 1269 ιβ’
845 1207 921 1275 πφο-
976 1187 1017 1258 είς
1034 1182 1072 1248 τὸ
1088 1180 1173 1247 κατά
1188 1188 1308 1248 Δουιιᾶν
1326 1179 1437 1273 [ἅγιον]
1457 1177 1646 1272 εὐαγγέλιον.
1663 1182 1726 1244 Με-

172 1295 290 1376 φητῶν.
316 1281 463 1361 Ἐῧόησα
975 1287 1131 1382 γαλίινει...

219 1392 392 1483 [Προσευχή
419 1389 570 1484 Ἐζεχίου,
597 1392 746 1478 βασιλέως
762 1403 824 1459 τῶν
846 1393 921 1460 ’lcu-
1020 1395 1182 1488 Προσευχή
1202 1389 1368 1486 Ζαχαρίου,
1382 1402 1438 1459 τοῦ
1451 1393 1568 1482 πατρὸς
1581 1402 1636 1458 ccii
1648 1399 1726 1483 Προ-

172 1490 276 1564 δαίων.
301 1497 383 1590 Ἐγὼ
407 1494 509 1565 είπα...
977 1493 1102 1593 δρόμου,
1128 1507 1169 1578 τίς
1193 1502 1230 1568 τὸ
1254 1509 1375 1566 Λουαᾶν
1396 1499 1507 1591 [ἅγιον]
1532 1498 1724 1592 εὐαγγέλιον.

216 1604 378 1696 Προσευχή
405 1605 554 1680 Μανάσση
582 1607 734 1691 βασιλέως
756 1617 820 1673 τῶν
844 1606 922 1672 Ἰου-
975 1609 1183 1702 Εὑλογητός...

176 1703 280 1778 δαίων.
306 1712 438 1803 Κύριε...]
1021 1718 1183 1809 Προσευχὴ
1203 1715 1331 1806 Συμεὼν
1347 1725 1403 1782 τοῦ
1419 1706 1605 1806 πρεσῧίιτου,
1623 1718 1665 1790 είς
1688 1713 1725 1794 τὸ

217 1826 249 1884 Ζ.
267 1819 429 1910 Προσευχή
447 1829 511 1884 τῶν
527 1830 621 1910 τριῶν
635 1811 755 1886 παίδων
773 1820 921 1907 [Ἀνανίοη
976 1824 1061 1890 κατὰ
1083 1833 1203 1892 Αουοιάν
1231 1825 1341 1917 ψάγιον]
1363 1822 1552 1916 εὐαγγέλιον.
1568 1829 1626 1888 Νῦν
1651 1824 1727 1886 ἀπο-

172 1922 299 2016 Αζαρία,
324 1927 450 2001 Μισαήλ
473 1928 528 1992 καί
551 1932 593 2005 είς
617 1928 673 1994 τὸν
690 1927 778 2020 ἅγιον
803 1927 922 2001 Δανιήλ
977 1934 1086 2010 λύεις...

171 2034 227 2099 τὸν
250 2036 428 2126 προφήτου]
454 2043 496 2114 εἰς
520 2037 575 2102 τὸν
598 2037 763 2127 προφήτην
779 2036 835 2102 τὸν
859 2042 922 2100 ne·
1016 2039 1132 2131 Ὕμνος
1154 2039 1285 2118 ἑωθινός.
1315 2032 1408 2124 [Δόξα
1430 2041 1461 2104 ὲν
1485 2033 1662 2126 ὑψίστοις...]

173 2140 255 2220 νιήλ,
277 2143 330 2207 ἕνα
353 2151 416 2208 τῶν
441 2135 467 2208 δ’
492 2153 660 2235 προφητῶν
684 2153 747 2209 τῶν
764 2145 921 2237 μεγάλων.
1017 2145 1132 2236 Ὕμνος
1153 2145 1298 2236 λυχνιιιός
1326 2149 1407 2230 [Φῶς
1432 2143 1559 2232 ίλαρόν].

173 2249 382 2344 Εὐλογητὸς...

1 2467 2 2511 i
133 2527 140 2536 ,
199 2465 222 2530 1)
256 2466 464 2536 Τιτραβιιοιλιίου
482 2466 561 2522 deest
580 2464 690 2537 lexicis,
709 2471 741 2522 ut
760 2465 891 2539 pisceque
910 2483 1051 2522 sacrorum
1071 2469 1176 2524 rituum
1194 2464 1343 2534 recubuit,
1363 2466 1491 2538 quamuis
1518 2464 1726 2544 antiquissima.

922 2713 980 2786 IV.

237 2922 301 2990 Τής
326 2908 435 2998 βίῧλου
458 2923 520 2980 τῶν
545 2913 677 3005 ψαλμῶν
701 2904 759 2986 ήδε
783 2911 819 2978 ἂν
844 2914 890 2986 είη
917 2893 1072 3002 διαίρεσις,
1096 2914 1137 2985 ῶς
1160 2907 1202 2974 τά
1226 2901 1337 2998 ἀκριάῆ
1363 2915 1425 2972 τῶν
1451 2903 1658 2997 ἀντιγράφων,

573 3059 583 3076 =
674 3020 752 3086 αὐτό
774 3043 812 3085 τε
835 3021 873 3086 τὸ
897 3011 1058 3109 Ἐὅραῶιδν
1082 3015 1230 3106 περιέχει.

300 3165 419 3229 Diuisio
441 3165 507 3228 iibri
526 3163 715 3248 psalmorum,
736 3175 810 3240 quae
829 3155 894 3237 fieri
913 3158 1015 3237 petest,
1037 3155 1113 3216 sieut
1131 3149 1236 3214 iubent
1254 3154 1392 3215 οοσαιυίο
1412 3146 1595 3231 εσσοιρίονίο

684 3274 712 3330 et
732 3266 828 3348 ipsum
848 3261 1020 3343 archetypos
1041 3257 1212 3322 hebraicum.

170 3487 175 3496 ·
219 3459 297 3537 Τοὺς
322 3451 356 3525 δὲ
379 3457 500 3534 πάντας
516 3453 656 3544 ψαλμοὺς
673 3448 921 3540 καθολικώτερον
1016 3446 1125 3512 Omnes
1136 3451 1237 3508 autem
1247 3439 1385 3525 psalmos,
1395 3457 1485 3521 quum
1497 3441 1662 3522 generatim
1671 3441 1727 3506 Da·

175 3562 419 3658 ὀνομαζομένους
443 3574 499 3631 τοῦ
530 3553 627 3628 Δαυίδ
651 3561 689 3645 ¹),
714 3559 841 3635 εἰκότως
864 3568 922 3634 της
976 3553 1056 3618 vidis
1070 3551 1257 3635 potissimum
1272 3557 1488 3632 nuncupentur,
1503 3557 1562 3613 tcto
1577 3549 1615 3615 ud
1631 3549 1727 3634 ipsum

174 3673 250 3750 ὅλης
267 3679 308 3750 εἰς
325 3673 418 3739 αὑτὸν
437 3669 667 3762 ἀναφερομένης
686 3661 804 3754 βίῶλου,
819 3657 871 3732 διὰ
887 3665 924 3731 τὸ
977 3660 1053 3725 iibrc
1071 3661 1151 3744 justu
1172 3677 1208 3724 er
1228 3677 1318 3724 ceusu
1338 3655 1443 3736 relate,
1459 3666 1522 3721 tunr
1536 3656 1605 3740 quin
1627 3666 1729 3724 auctor

175 3782 271 3846 αὑτὸν
284 3782 386 3846 αἰτίαν
395 3778 652 3873 γεγενῆσθαιτῆς
664 3785 727 3840 τῶν
740 3765 827 3859 ᾠδῶν
838 3776 927 3838 έιιλο-
979 3768 1035 3834 init
1055 3787 1108 3834 cut·
1129 3767 1243 3832 cantica
1257 3765 1466 3849 colligerentur
1481 3763 1512 3828 in
1532 3765 1640 3830 scriem
1660 3762 1729 3828 hac·

174 3900 242 3982 γῆς,
260 3890 344 3954 οὔπω
359 3888 508 3979 πρότερον
525 3884 730 3980 Ιεγνωσμένης,
749 3881 803 3947 καί
820 3873 871 3946 διά
887 3881 924 3946 τὸ
979 3885 1064 3943 tenus
1080 3875 1274 3960 incognitam,
1292 3882 1353 3939 ium
1368 3873 1438 3956 quia
1459 3872 1592 3938 conditur
1613 3871 1670 3937 tuit
1684 3889 1730 3936 ttr-

175 3996 268 4061 αὐτὸν
287 3997 426 4088 ἀρχηγὸν
444 3994 606 4087 γεγονέναι
621 4002 677 4057 τοῦ
694 3989 835 4079 ψάλλειν,
853 3991 925 4055 cirec-
980 3985 1017 4052 iis
1038 3985 1196 4070 psallendi,
1219 4000 1405 4066 consequens
1420 3991 1466 4046 esi
1479 3979 1520 4044 itu
1542 3979 1670 4063 psalmos
1684 3977 1729 4043 di·

174 4099 284 4167 incisu
308 4101 393 4167 κατά
416 4101 506 4191 μέρος
526 4093 754 4190 διαιρουμένους
772 4089 924 4178 δηλῶσαι,
978 4090 1090 4172 siingui
1111 4089 1229 4175 purtim,
1253 4097 1286 4154 ut
1307 4087 1474 4153 innotescat
1494 4089 1614 4169 quinum
1632 4083 1729 4149 Davi-

176 4209 257 4286 τίνες
280 4232 317 4274 τε
341 4210 401 4274 ε’ίεν
426 4213 540 4286 αὑτοῦ,
565 4206 620 4271 καί
642 4206 723 4281 τίνες
746 4204 868 4295 ἑτέρων·
891 4209 926 4269 σὺ
979 4196 1026 4261 dis
1045 4197 1116 4276 sint,
1139 4196 1261 4280 quinum
1281 4211 1353 4261 vero
1373 4192 1514 4258 eliorum:
1543 4189 1623 4256 haud
1650 4188 1729 4254 enim

175 4314 235 4408 γὰρ
252 4314 324 4391 τοὺς
336 4316 426 4391 ὅλους
439 4316 532 4390 αὐτὸς
544 4309 678 4401 ἔψαλλεν
692 4316 708 4375 ὁ
722 4302 830 4398 Δαυίδ,
843 4309 926 4376 ἀλλὰ
979 4320 1080 4368 omnes
1091 4302 1155 4387 ipse
1168 4300 1266 4366 David
1281 4298 1399 4378 cecinit,
1413 4298 1464 4364 sed
1478 4297 1598 4381 quidam
1612 4295 1731 4360 inerunt

175 4423 255 4499 τινὲς
279 4422 334 4513 μέν
359 4422 434 4488 eicie
457 4421 507 4487 ὑπ’
533 4425 629 4486 αὑτοῦ
653 4419 821 4510 εἰρημένοι,
846 4417 925 4496 τινὲς
979 4410 1105 4495 abipso
1131 4409 1252 4491 dictati,
1275 4408 1395 4493 quidam
1423 4423 1531 4473 veroa
1557 4403 1728 4471 cantoribus

177 4522 211 4594 δέ
225 4540 288 4595 τῶν
304 4529 354 4594 ὑπ’
373 4533 469 4594 αὑτοῦ
485 4525 718 4620 ἐκλελεγμένων
740 4515 925 4615 ψαλτῳδῶν,
980 4537 1053 4603 quos
1074 4517 1216 4600 eiegetai,
1238 4514 1341 4600 quales
1362 4513 1464 4599 psalmi
1479 4521 1550 4578 suni
1570 4509 1680 4595 Aseph,
1697 4509 1731 4574 ii-

177 4635 239 4704 οίον
252 4637 363 4729 Ἀσάφ,
380 4647 442 4704 τῶν
459 4645 531 4704 υἱῶν
550 4636 638 4728 Κορὲ,
654 4633 767 4724 neten,
781 4624 925 4721 Ἰδιθοὺμ,
981 4625 1088 4690 iiorum
1101 4624 1186 4703 Cere,
1202 4621 1331 4703 AEthum,
1343 4619 1483 4698 ldithum,
1493 4627 1524 4685 et
1534 4618 1585 4684 aiii
1596 4617 1730 4696 eliorum,

177 4745 364 4837 celeripes
388 4748 497 4836 ἕτεροι,
527 4744 576 4823 οὓς
599 4748 720 4811 ἐκτῶν
749 4747 925 4834 ἐπιγραφῶν
980 4749 1055 4814 qucs
1076 4731 1245 4798 inuentibus
1270 4728 1531 4812 inscriptionibus,
1553 4743 1731 4809 cognoscere

178 4847 282 4934 ἔξεστι
307 4847 448 4920 συνιδεῖν.
981 4841 1026 4905 its
1047 4848 1104 4905 esi.

222 4962 290 5027 Εἰσί
312 4963 414 5029 τοίνυν
432 4968 460 5028 οι
476 4961 531 5054 μὲν
546 4962 661 5040 πάντες
678 4962 790 5028 ἕκατον
811 4963 928 5037 We.
1022 4948 1099 5013 Sunt
1118 4946 1225 5031 pscimi
1240 4944 1408 5012 summatim
1422 4961 1543 5009 numeru
1564 4951 1680 5008 centum
1701 4950 1733 5007 et

216 5160 263 5216 Ν.
284 5161 326 5214 Fit
344 5159 444 5216 iitdem
462 5161 527 5216 Vni·
546 5159 575 5228 5.
593 5159 621 5216 6.
982 5168 1127 5237 ῶψηορείιι
1136 5168 1365 5221 Athanasium
1377 5164 1484 5220 Ρσινοί.
1496 5178 1592 5234 xxunr,
1603 5159 1665 5218 351.
1677 5161 1731 5217 Sed

218 5253 240 5313 ¹)
262 5249 363 5304 lterum
382 5249 466 5305 velim
491 5256 617 5306 recurrat
640 5249 728 5306 lectur
752 5249 876 5324 diligens
894 5251 928 5305 nd
982 5255 1011 5309 in
1031 5254 1129 5325 primis
1142 5253 1418 5326 notetudignissimn
1430 5256 1496 5308 sunt
1512 5268 1573 5324 quse
1593 5250 1732 5322 incipiunt
