3976 6078
970 495 1104 570 xxxn

340 647 375 711 ln
398 644 562 738 Danielem
589 665 619 727 p.
646 649 696 724 47,
720 646 789 711 alt.
1062 642 1113 725 di,
1136 645 1206 710 330.

337 761 427 835 Item,
452 779 482 840 p.
507 759 557 834 51,
583 758 652 820 323.
1139 759 1176 821 ln
1206 757 1469 824 Resurrectionem
1499 765 1627 840 Lazari,
1660 763 1820 834 armenica

283 867 286 878 '
341 871 386 932 De
409 857 816 952 discessisseeaperseo,
833 890 863 949 p.
881 869 1013 944 elaea.
1058 891 1098 934 ex
1117 871 1183 938 cod.
1204 869 1453 953 Parisieusibas,
1476 894 1506 954 p.
1532 875 1581 951 64,
1609 877 1678 940 331.

291 959 293 966 ’
340 988 378 1048 n
400 983 609 1063 tesselatum,
633 984 684 1063 ea,
706 983 776 1045 ase.
1110 973 1178 1046 'n
1201 983 1459 1060 Valentinianos,
1484 1005 1513 1065 p.
1540 985 1591 1061 os,
1617 987 1686 1050 aaa.

339 1097 389 1156 iix
412 1113 554 1158 sermone
576 1101 609 1158 et
631 1095 797 1176 psalmata.
816 1117 846 1177 p.
872 1097 922 1174 57,
944 1097 1014 1159 323.
1134 1097 1328 1177 Fragmenta
1350 1099 1395 1161 IV
1417 1096 1585 1162 armenice.

340 1209 482 1272 Homilia
506 1209 540 1270 in
567 1210 768 1289 epiphaniam
794 1230 824 1288 p.
849 1209 899 1282 57,
925 1211 994 1271 326.
1137 1211 1273 1274 Arabica
1297 1209 1820 1292 fragmentadiversaX.V1,quae

339 1320 383 1380 De
416 1319 649 1381 resurrectione
674 1320 712 1398 ad
737 1317 942 1380 Mammaeam
974 1341 1004 1400 p.
1068 1319 1154 1384 infra
1175 1321 1398 1384 subnotantur.

341 1428 606 1494 Quemadmodum
644 1427 677 1487 in
711 1427 934 1506 conquirendis
983 1429 1129 1510 operibus
1164 1429 1375 1493 Alexandrini
1408 1427 1590 1490 Adamantii
1628 1443 1722 1489 nemo
1761 1445 1824 1491 me·

265 1542 330 1602 tam
355 1537 499 1616 attingit,
524 1539 571 1600 iia
595 1537 747 1614 Origenes
772 1537 829 1597 iiie
864 1537 1122 1614 occidentalium,
1153 1539 1362 1618 Hippolytus,
1396 1539 1442 1599 uti
1479 1537 1603 1599 nullum
1639 1537 1734 1598 finem
1767 1538 1823 1598 ha·

266 1647 335 1710 buit
360 1648 530 1722 scribendi,
558 1649 685 1709 docendi
722 1655 755 1712 et
787 1651 1032 1726 commentandi,
1061 1653 1106 1713 sic
1128 1653 1277 1731 ejusdem*
1291 1651 1360 1712 sine
1381 1649 1443 1710 ilna
1464 1655 1636 1712 versantur
1659 1647 1821 1710 variarum

264 1755 444 1834 linguarum
486 1757 606 1818 codices
643 1776 794 1837 nusquam
833 1760 1053 1821 exhauriendi.
1088 1762 1166 1821 Ecce
1204 1761 1287 1820 enim
1324 1764 1396 1840 post
1432 1763 1481 1819 tot
1513 1775 1646 1837 graece,
1682 1756 1819 1835 syriace,

263 1866 432 1943 armenica,
463 1867 564 1928 latina
585 1870 666 1948 apud
693 1889 748 1930 nos
772 1873 805 1931 et
826 1870 908 1932 alios
931 1870 1077 1952 collecta,
1102 1872 1277 1933 adhucdum
1310 1871 1348 1932 ad
1373 1886 1485 1930 manus
1514 1868 1725 1929 sunteodices
1748 1885 1820 1929 ara·

259 1976 322 2036 bici
345 1975 506 2051 Vaticani,
530 1977 582 2056 qui
604 1978 754 2038 hactenus
770 1978 881 2040 intacti
904 1983 1138 2041 remanserunt.
1154 1980 1302 2058 Equidem
1318 1977 1470 2040 Eusebius
1484 1977 1698 2040 Renaudoiius
1715 1974 1740 2053 1)
1753 1976 1819 2038 lit-

260 2087 346 2145 ieras
370 2084 514 2146 arabicas
547 2087 632 2146 eruit
663 2087 790 2148 ioannis
813 2087 1014 2160 antiocheni,
1042 2087 1130 2148 circa
1164 2105 1183 2147 a
1212 2087 1272 2148 968
1304 2087 1453 2165 scriptas,
1479 2086 1511 2146 in
1544 2087 1657 2165 quibus
1690 2084 1823 2146 affertur

261 2179 398 2274 epistola
434 2193 602 2273 Hippolyti
635 2195 671 2256 ad
697 2194 883 2274 Dionysium
920 2196 1055 2274 Cypriae
1078 2196 1269 2275 episcopum,
1296 2195 1497 2273 Eutychiana
1529 2193 1650 2254 imbuta
1685 2211 1818 2254 veneno.

260 2305 376 2364 Eadem
402 2302 538 2377 videtur,
562 2304 652 2380 cujus
678 2300 763 2362 infra
786 2307 937 2384 excerpta
961 2304 1132 2374 subdimus,
1159 2321 1256 2380 neque
1280 2301 1396 2364 melius
1432 2301 1570 2381 sapiunt,
1594 2307 1712 2378 praeter
1728 2319 1821 2360 unum

261 2417 316 2474 aut
331 2412 467 2474 alierum
489 2415 649 2474 vetustum
676 2429 838 2485 canonem,
861 2430 929 2472 oum
952 2411 1037 2472 hisee
1062 2411 1283 2473 conferendum
1306 2430 1383 2491 quos
1407 2426 1506 2488 nuper
1529 2427 1569 2469 ex
1593 2407 1720 2470 arabico
1739 2407 1823 2470 eruit

261 2523 371 2585 doctus
387 2521 482 2582 abbas
507 2518 689 2580 Bonifacius
715 2515 966 2597 Hannebergius.
992 2521 1059 2580 Duo
1084 2520 1186 2581 nostri
1210 2520 1298 2584 codd.
1327 2519 1545 2580 inscribuntur
1569 2519 1641 2580 cili
1664 2519 1697 2579 ei
1720 2515 1822 2579 cxxi

263 2647 394 2711 quornm
419 2629 492 2690 side
515 2627 757 2706 descriptionem
781 2628 812 2686 in
835 2630 980 2706 catalogo
1002 2629 1081 2689 Maii
1103 2635 1135 2690 et
1159 2631 1356 2693 Assemanni.

344 2741 393 2798 Ex
418 2738 531 2816 quibus
554 2737 632 2798 salis
657 2736 722 2797 erit
745 2739 867 2799 tantum
886 2736 981 2797 initia
1006 2737 1186 2816 praelibare
1214 2736 1413 2816 singulorum
1440 2738 1705 2816 fragmentorum,
1742 2755 1822 2817 quae

260 2850 390 2927 accepta
411 2845 580 2910 referimus
604 2845 727 2907 erudito
747 2844 860 2926 juveni
882 2843 1028 2909 blasiano
1053 2844 1196 2931 Ugoiini‚
1222 2844 1341 2932 optimo
1363 2845 1404 2912 cl.
1431 2847 1466 2909 P.
1494 2845 1606 2910 Ciasca
1628 2845 1800 2930 discipulo.

304 3217 446 3272 illedixit
463 3223 573 3272 sanctus
590 3219 701 3274 Bulidus
715 3221 737 3278 Ξ>
749 3221 902 3276 Palrlnrcna
915 3223 1019 3289 homae,
1073 3224 1149 3288 priae
1165 3225 1375 3292 haereticorum,
1394 3226 1443 3278 sed
1461 3229 1553 3291 potius
1571 3227 1668 3282 aemuli
1686 3228 1739 3280 sint
1762 3239 1814 3292 pro

268 3307 295 3360 in
311 3321 360 3362 sua
377 3310 494 3372 epistola
511 3310 550 3362 od
565 3311 751 3376 Dionysium,
779 3313 840 3364 cod.
860 3315 901 3365 iil
931 3313 947 3364 f.
964 3316 987 3365 7.
1068 3317 1185 3369 veritate
1203 3318 1349 3370 Ecclesiae.
1366 3319 1450 3371 vivas
1468 3317 1589 3382 feliciter,
1614 3319 1737 3370 Domine.

345 3401 377 3452 ht
395 3413 445 3454 nos
460 3400 576 3456 dicimus
589 3405 675 3457 toturn
688 3415 752 3454 esse
765 3403 799 3454 de
817 3403 893 3455 coelo
905 3409 1021 3468 propter
1096 3407 1143 3463 lV.
1161 3409 1226 3460 ibid.
1245 3409 1276 3461 m
1303 3409 1370 3461 [lixit
1392 3408 1512 3472 liuidus,
1537 3407 1690 3474 patriarcha
1709 3407 1812 3461 homae

268 3489 471 3554 divinitatem*
482 3495 510 3544 et
524 3490 641 3543 dicimus
663 3493 749 3544 totum
762 3504 826 3543 esse
839 3493 873 3544 de
891 3493 1012 3559 muliere,
1070 3499 1095 3551 ln
1114 3513 1162 3552 sua
1180 3501 1297 3562 epistola
1310 3500 1348 3550 od
1366 3500 1529 3563 ilerdensis.

268 3588 383 3649 propter
399 3583 608 3648 humanitatem
627 3581 931 3650 neque‘cognosamus
944 3583 1012 3637 divi·
1100 3593 1186 3644 santo
1203 3593 1247 3657 qul
1271 3591 1393 3656 adjungit
1415 3591 1493 3644 allam
1507 3591 1819 3650 transrhenanam

268 3675 374 3728 Sionem
393 3673 488 3738 ⁰8¹¹?OE
506 3673 655 3738 (immiti)
684 3674 781 3738 unil'oe,
805 3686 894 3738 neque
916 3674 1015 3727 dividi-
1068 3681 1146 3734 aliam
1166 3683 1272 3734 laudem
1291 3721 1297 3746 ,
1316 3695 1384 3746 quae
1403 3694 1456 3734 non
1473 3681 1509 3733 sit
1526 3680 1568 3732 illa
1587 3681 1812 3744 seraphinorum,

268 3777 330 3818 mus
348 3765 421 3818 illum
451 3764 495 3830 qni
513 3768 557 3817 est
584 3765 618 3817 da
645 3769 717 3818 terra
745 3766 779 3819 ab
796 3780 830 3818 eo
847 3767 891 3832 qui
917 3771 961 3820 est
982 3767 1016 3820 de
1064 3771 1222 3826 dicentium:
1240 3785 1253 3818 ιι
1271 3772 1396 3837 Sanctus,
1415 3774 1537 3836 sanctus,
1555 3775 1665 3822 sanctus
1678 3769 1810 3822 Dominus

268 3859 353 3918 terra;
372 3867 459 3921 neque
476 3855 550 3907 iilum
584 3855 689 3922 quiesi
713 3858 747 3910 de
762 3857 890 3911 coeioab
917 3870 951 3910 eo
968 3858 1013 3923 qui
1069 3860 1141 3914 Deus
1155 3861 1286 3916 sabaoth:
1309 3859 1380 3923 pleni
1408 3864 1472 3913 sunt
1500 3859 1567 3911 coeli
1586 3864 1613 3911 et
1631 3864 1703 3911 terra
1725 3859 1811 3923 gloria

169 4007 174 4018 .
267 3949 312 3998 est
327 3947 361 3998 de
379 3945 483 3997 terra...
1068 3955 1121 4015 tua,
1134 3967 1148 3998 a
1172 3952 1313 4004 anathema
1329 3951 1373 4002 sit.
1388 3951 1425 4002 ita
1437 3950 1579 4014 Seraphim
1593 3948 1702 4001 laudant
1715 3949 1814 4001 trinam

306 4034 337 4086 il.
355 4035 371 4086 l.
391 4036 414 4085 6.
433 4033 490 4086 iioc
505 4035 594 4099 itaque
612 4034 647 4087 ita
663 4035 777 4095 credito,
796 4039 823 4088 el
841 4035 866 4088 in
885 4037 936 4089 hoc
953 4047 1011 4088 ma·
1065 4038 1245 4104 divinitatem,
1264 4044 1293 4093 ul
1310 4043 1426 4092 testatur
1444 4039 1557 4091 loannes
1574 4044 1602 4090 et
1620 4038 1725 4090 Paulus.
1737 4039 1814 4102 Quod

267 4128 330 4176 nete
347 4125 494 4189 separatim
513 4124 547 4176 ab
573 4124 644 4184 aliis,
661 4129 689 4177 et
714 4125 847 4178 declinato
864 4126 897 4178 ab
915 4127 957 4179 his
980 4127 1012 4178 ti·
1066 4131 1184 4194 pertinet
1202 4131 1235 4182 ad
1254 4131 1391 4194 loannem,
1409 4130 1475 4182 dixit
1497 4128 1570 4193 quod
1592 4129 1727 4192 propheta
1746 4128 1816 4180 vidit

270 4216 377 4269 mendis
396 4215 595 4281 implicatisque
612 4215 672 4268 viis.
689 4215 727 4270 lie
740 4215 896 4270 dividamus
907 4217 1010 4270 doctri·
1064 4221 1179 4286 gloriam
1192 4221 1259 4285 Filii,
1271 4221 1336 4273 dum
1350 4220 1385 4273 illi
1399 4217 1542 4272 laudabant
1557 4231 1620 4270 eum
1636 4217 1688 4270 hoc
1701 4216 1815 4270 cantico.

268 4317 330 4358 nam
348 4308 464 4370 propter
480 4317 578 4357 vanum
597 4317 693 4358 eorum
706 4318 873 4372 sermonem,
887 4307 935 4360 sed
948 4321 1014 4360 con·
1069 4311 1101 4364 Et
1118 4311 1215 4365 Paulus
1237 4311 1409 4364 demonstrat
1435 4311 1488 4362 hoc
1515 4309 1649 4362 canticum
1675 4307 1815 4374 pertinere
1885 4357 1887 4360 .

267 4395 388 4448 formiter
400 4395 462 4448 huic
472 4394 613 4447 doctrinae
625 4394 887 4464 operibusagamus,
895 4409 1012 4463 eamque
1066 4401 1100 4454 ad
1117 4400 1246 4464 Spiritum
1266 4405 1420 4452 sanetum...

266 4485 385 4540 unanimi
404 4485 584 4537 consensione
602 4484 810 4537 confiteamur...
1103 4489 1136 4542 V.
1153 4489 1222 4544 ibid.
1242 4488 1365 4541 nidisti
1387 4491 1487 4542 etiam:
1505 4489 1568 4553 ipse
1597 4487 1642 4535 est
1659 4483 1731 4535 Deus
1757 4493 1823 4546 per·

307 4575 351 4628 iti.
367 4575 384 4626 f.
401 4577 417 4626 8
432 4585 522 4626 verse.
541 4575 657 4628 Proinde
675 4576 838 4629 conveniant
855 4577 934 4629 simul
951 4591 1016 4629 una·
1068 4579 1154 4632 iectus
1172 4579 1198 4629 in
1217 4589 1344 4644 corpore,
1361 4583 1389 4631 et
1416 4579 1475 4642 ipse
1502 4581 1546 4632 est
1567 4577 1650 4630 homo
1679 4575 1817 4640 perfectus

269 4665 333 4718 nimi
351 4664 542 4729 consensione,
561 4676 649 4729 neque
666 4677 736 4717 unus
753 4666 920 4720 contradicat
934 4667 1011 4720 alteri
1068 4668 1093 4719 in
1109 4669 1217 4732 spiritu.
1236 4668 1268 4720 Et
1286 4667 1345 4730 ipse
1363 4680 1415 4721 non
1433 4675 1477 4720 est
1493 4668 1578 4720 duo...

270 4754 407 4822 inutiliter,
426 4765 514 4822 neque
531 4753 650 4808 incidant
666 4753 693 4808 in
706 4754 776 4825 lites,
789 4768 861 4823 quae
874 4760 936 4809 sunl
948 4769 1014 4823 pro·
1090 4757 1135 4812 lii.
1150 4756 1219 4813 told.
1244 4755 1278 4812 tlt
1295 4755 1368 4811 dicit
1384 4758 1480 4810 eliam:
1495 4758 1544 4825 Qut
1561 4758 1627 4812 dicit
1638 4756 1673 4812 de
1687 4757 1757 4824 iesu,
1770 4755 1815 4826 qul

323 5087 349 5156 l)
367 5087 471 5141 histor.
490 5087 677 5144 Potriarcioe.
704 5086 892 5144 Alexandria.
917 5101 945 5154 p.
963 5089 1017 5142 666.
1068 5089 1164 5158 Butes,
1184 5087 1313 5143 libidides
1330 5091 1382 5143 etc.
1401 5089 1429 5143 ln
1446 5087 1596 5144 canonibus
1615 5087 1731 5142 arabicis
1747 5085 1816 5152 iiip-

270 5169 380 5223 Potrot.
398 5170 423 5224 ll
439 5169 490 5223 col.
508 5171 563 5235 366,
580 5176 636 5224 ιιοι.
653 5173 692 5223 ot.
1068 5171 1179 5236 polylns
1196 5169 1351 5223 inscribitur
1375 5181 1502 5223 summus
1526 5171 1673 5232 episcopus
1700 5167 1814 5233 nonme,

320 5252 346 5308 al
364 5249 442 5316 apud
454 5251 600 5304 orientales
613 5249 744 5303 solemnis
756 5255 798 5303 est
811 5249 955 5315 perversio
967 5262 1014 5302 no·
1064 5251 1150 5304 immo
1166 5253 1276 5314 primus
1286 5253 1456 5315 patriarcha
1467 5250 1581 5305 Romae.
1594 5249 1633 5304 Cf.
1644 5246 1816 5316 henneberg,

270 5333 387 5387 nominis
404 5333 571 5400 Hippolytus
589 5332 615 5386 in
644 5329 771 5397 italides,
791 5331 903 5385 [tutides
928 5331 1016 5398 Bolis,
1072 5341 1101 5397 p.
1118 5333 1142 5397 6,
1159 5331 1198 5398 at,
1214 5333 1254 5398 ti,
1271 5333 1310 5397 66,
1327 5333 1366 5386 eo.
