3978 6086
280 497 340 561 niu
849 493 1017 559 SANCTUS
1035 491 1213 558 [RENAEUS

280 674 341 728 τως
356 646 418 738 elul
435 648 708 741 Ἀνθρωπόμορρον
725 641 776 713 οὖν
790 647 828 712 τὸ
847 647 1028 741 εὐαγγίλιον

280 768 375 824 τοῦτο
377 805 1028 823 .....................

323 865 444 958 Μάρκος
468 858 501 932 δὲ
524 865 585 931 ἀπὸ
601 874 656 931 τοῦ
671 875 864 956 προρητικοῦ
887 863 1027 953 Πνεύμα-
1120 858 1210 924 Porro
1223 859 1341 926 Marcus
1354 881 1372 926 u
1386 861 1559 945 prophetico
1579 861 1701 946 Spiritu,
1721 860 1758 928 de
1775 879 1828 926 er·

278 998 342 1052 τος,
358 985 414 1041 τοῦ
433 967 466 1053 ἐξ
488 973 581 1063 ὕψους
603 971 741 1050 ἐπιόντος
765 983 829 1050 τοῖς
846 970 1023 1063 ἀνθρώποις,
1079 965 1157 1032 euleu
1177 975 1350 1049 properante
1364 965 1540 1047 huminibuS,
1555 965 1672 1032 initium
1687 965 1825 1044 1σσίῐ,(11·

278 1083 338 1158 τὴν
370 1083 470 1175 ἀρχὴν
502 1084 683 1158 ἐποιήσατο,
704 1081 814 1174 λέγων·
847 1080 944 1172 Ἀρχὴ
969 1089 1025 1146 τοῦ
1078 1089 1164 1136 cens:
1181 1071 1329 1137 «Initium
1350 1072 1501 1155 evangelii
1521 1072 1592 1137 tesu
1611 1070 1729 1148 Christi,
1749 1070 1826 1136 sicut

278 1193 461 1285 εὐαγγελίου
473 1192 573 1265 Ἰησοῦ
589 1199 730 1281 Χριστοῦ,
747 1196 787 1266 ὡς
802 1189 978 1281 γέγραπται
994 1191 1024 1252 ἐν
1078 1181 1283 1264 scriptumest
1308 1180 1338 1244 in
1366 1180 1530 1264 prophetis:
1552 1180 1629 1245 Ecce
1654 1198 1709 1259 ege
1736 1180 1827 1244 inlitu

281 1298 411 1387 [Ἡσαΐᾳ]
437 1309 484 1384 τῷ
507 1300 665 1390 προφήτῃ,
680 1298 739 1372 τὴν
763 1295 960 1387 crepacula
984 1301 1026 1361 εῑ-
1077 1288 1214 1371 angelum
1225 1289 1514 1354 meumanteiuciem
1529 1297 1619 1367 tuam,
1633 1311 1647 1346 r
1662 1297 1821 1372 pennatem

276 1407 353 1473 κόνα
365 1417 420 1473 τοῦ
434 1409 617 1501 εὐαγγελίου
635 1398 790 1482 δεικνύων,
807 1397 870 1490 [διὰ
882 1415 977 1470 τοῦτο
990 1396 1024 1469 δὲ
1077 1396 1225 1479 evangelii
1246 1415 1298 1481 per
1318 1396 1382 1461 haec
1402 1397 1558 1465 ostendens
1580 1397 1747 1480 imaginem.

277 1515 331 1580 scat
354 1514 505 1603 σύντομον
529 1514 582 1578 καὶ
605 1513 861 1604 παρατρέχουσοιν
877 1510 937 1586 τὴν
961 1535 1025 1575 κα-

276 1623 450 1714 ταγγελίαν
474 1621 665 1708 πεποίηται]

1018 1842 1084 1916 XI.

649 2039 767 2104 Scholia
787 2039 827 2102 au
846 2038 963 2104 Ireuoei
982 2055 1048 2118 cop.
1071 2038 1087 2102 1
1110 2055 1183 2121 quoe
1203 2037 1290 2102 Flori
1310 2038 1452 2106 edentur.

314 2229 405 2283 Horo.
427 2231 448 2282 t.
468 2245 489 2296 r,
507 2246 537 2299 p.
559 2225 585 2281 1.
601 2229 756 2288 Quatenus.
780 2228 949 2300 conjunctio,
974 2244 1024 2298 pro
1184 2230 1346 2299 Syncrcsis,
1368 2230 1540 2300 commixtio,
1561 2234 1822 2302 temperamentum.

277 2327 311 2372 ut
327 2318 450 2387 ponitur.
471 2327 622 2388 quatenus,
639 2316 801 2372 adverbium
820 2317 954 2388 temporie
972 2334 1024 2389 pro
1185 2317 1281 2387 Pictis,
1301 2318 1380 2372 fides.

200 2457 206 2466 ,
278 2419 425 2474 quousque
442 2402 486 2459 sel
506 2405 655 2475 quamdiu.
672 2403 694 2470 ¹)
1185 2407 1323 2477 Patricos,
1342 2412 1487 2481 paternus.

276 2507 307 2562 p.
344 2492 371 2547 8.
393 2494 514 2564 Bythios,
532 2493 559 2549 id
580 2498 624 2550 eat
650 2494 858 2566 inenarrabilis,
877 2495 1024 2550 immensi·
1184 2498 1326 2566 Metricos,
1345 2502 1497 2554 maternus.

456 2588 501 2639 tas
519 2583 624 2639 dicitur
641 2601 658 2638 a
674 2583 883 2640 Valentinianis
901 2603 972 2641 esec.
1185 2589 1292 2657 Aqope,
1311 2601 1399 2644 emor.

384 2674 464 2729 Aeon
488 2676 582 2728 entem
601 2674 689 2728 virtue
707 2679 824 2740 aemma,
843 2673 887 2730 vel
905 2676 1024 2729 invicem
1179 2678 1271 2745 Eoos,
1293 2675 1364 2734 leus.

455 2761 588 2818 dictincta
607 2766 636 2817 et
651 2760 806 2835 singularia
819 2764 853 2817 ab
866 2779 944 2819 oeone
956 2763 1023 2818 alia.
1185 2766 1313 2835 synesis,
1332 2765 1534 2839 intelligentie.

383 2852 558 2923 Proarchen,
580 2853 810 2924 principatorem.
1185 2855 1363 2925 Macarictes,
1384 2857 1535 2914 beatitudo.

383 2941 550 3014 Propotoro,
561 2930 790 3016 praegenitorem,
802 2929 885 3017 cujus
895 2961 975 3000 nemo
985 2947 1025 3002 eit
1188 2945 1318 3015 Telestes,
1335 2947 1486 3018 perfector,
1504 2945 1659 3002 absolutor.

454 3037 548 3105 pater.
1185 3037 1300 3107 Sophia,
1320 3037 1469 3109 sapientie.

276 3137 306 3192 p.
342 3119 370 3176 9.
391 3123 540 3194 Ennaton,
550 3124 578 3178 id
592 3127 637 3179 eet
648 3127 800 3194 rariorem,
816 3127 1021 3196 ooqiccrioncm.
1076 3143 1105 3197 p.
1129 3125 1171 3181 13.
1190 3127 1351 3201 Monogeni,
1365 3128 1526 3200 unigenito.

382 3214 449 3287 δέρε
467 3215 485 3272 i.
505 3232 531 3270 e.
551 3215 704 3270 silentium.
1183 3219 1370 3290 luccpuhitis,
1388 3216 1691 3291 incompreheusibilis.

381 3301 457 3374 Nus,
476 3318 565 3372 mena,
585 3302 758 3359 intellectus.
1076 3326 1106 3381 p.
1129 3306 1170 3365 15.
1190 3307 1301 3376 Horon,
1320 3308 1481 3378 terminum,
1499 3306 1629 3362 timitem.

274 3410 304 3465 p.
326 3389 369 3449 10.
388 3395 512 3463 alethio,
532 3395 551 3448 i.
575 3411 601 3448 e.
623 3395 737 3450 veritae.
1077 3413 1105 3467 p.
1128 3393 1171 3452 18.
1191 3397 1328 3466 Stourcn,
1348 3413 1469 3452 crucem.

381 3483 492 3556 Lepon,
511 3484 645 3539 Verbum.
1184 3487 1335 3555 Leuctra,
1355 3485 1569 3560 redemptorem.

383 3571 562 3641 Pleromatis,
576 3571 784 3644 complementi,
795 3568 871 3644 pleni
885 3574 1022 3630 universi.
1186 3577 1351 3648 Carpum,
1379 3581 1560 3634 assertorem.
1591 3578 1731 3648 Carpistt,
1760 3577 1825 3630 sin-

382 3663 472 3732 Zcen,
491 3663 587 3718 ritem.
843 3717 847 3723 ,
1254 3665 1335 3720 dicia.

383 3751 629 3824 Maeonio-femini
652 3769 754 3810 aeones
777 3754 794 3807 i.
814 3771 839 3810 e.
868 3754 1023 3825 conjugati,
1183 3757 1367 3826 Emortuom,
1386 3759 1536 3814 terminum
1553 3758 1689 3816 divirm.

448 3847 485 3910 ¹ut
501 3858 561 3897 maa
579 3843 618 3897 eit
636 3847 665 3898 et
684 3842 789 3900 femina
806 3841 900 3900 simul.
1183 3848 1372 3921 Methogen,
1403 3848 1616 3906 traductionem.
1648 3849 1824 3922 Metoqoqee',

274 3950 314 4004 p„
327 3929 371 3986 ll.
391 3928 481 4002 Bytht
498 3936 564 3987 sunt
581 3931 646 4001 duo,
664 3931 772 4004 primus
791 3936 820 3989 et
837 3933 883 3987 hic
902 3933 973 4004 ipae.
1254 3937 1432 3995 traductoria.

381 4019 493 4090 Noeris,
511 4019 677 4090 intellectio,
696 4019 896 4093 intelligentia.
1183 4027 1294 4096 Sother,
1312 4025 1495 4084 salvatorem.

382 4112 528 4183 Ageratos,
544 4111 732 4180 insenescene,
752 4109 952 4181 infatigabilia,
978 4111 1024 4165 in·
1184 4120 1338 4174 Achamoth
1365 4121 1410 4172 aet
1435 4115 1556 4171 interior
1580 4116 1695 4189 Sophia,
1724 4117 1752 4172 id
1777 4121 1821 4172 aet

454 4195 638 4255 senescibilis.
1253 4210 1433 4277 enthymesis,
1454 4221 1516 4277 quoa
1535 4209 1580 4262 eet
1597 4205 1763 4262 recordatio.

380 4289 514 4356 Emittit,
533 4289 634 4358 unifitb
652 4289 730 4344 unio.
1112 4293 1179 4354 Tria
1195 4296 1337 4368 principia
1354 4281 1449 4349 mundi
1467 4296 1501 4348 ab
1520 4294 1685 4365 Achamoth,
1703 4311 1739 4349 ex
1756 4311 1825 4366 paa-

381 4381 557 4452 Autophyes,
576 4377 724 4448 naturalis,
743 4397 796 4450 per
812 4397 875 4435 aeae
894 4386 986 4438 natue.
1076 4386 1165 4455 sione,
1184 4383 1341 4452 materiale,
1363 4383 1391 4437 id
1409 4388 1462 4451 est,
1480 4382 1633 4457 hylaioum3
1650 4369 1689 4438 ¹ex
1707 4400 1825 4439 conver-

381 4468 509 4538 nanee,
528 4465 669 4540 voluptas.
1076 4477 1171 4545 sione,
1194 4472 1327 4541 animale,
1346 4472 1374 4526 id
1393 4479 1447 4541 eet,
1465 4474 1642 4546 psychicum
1668 4489 1701 4528 ex
1727 4479 1822 4545 partu,

382 4562 523 4627 Acinetos,
542 4557 705 4617 immobilia.
1075 4561 1233 4636 spirituale.

308 4700 357 4756 xi.
385 4701 424 4758 Ut
446 4700 506 4756 dixi
529 4700 669 4773 superius,
695 4699 756 4755 haec
782 4699 918 4757 scholiola
946 4700 1023 4756 dedit
1078 4697 1296 4780 disceptaturum
1323 4707 1357 4762 de
1383 4708 1461 4762 hisce
1478 4711 1509 4762 et
1534 4708 1714 4779 sequentibus
1741 4709 1826 4779 nugis

275 4790 406 4847 Ottobon.
424 4788 490 4860 752,
510 4791 543 4845 ab
563 4790 654 4846 initio·
1076 4799 1210 4854 bonorum
1237 4801 1289 4853 seri
1318 4797 1440 4854 Carolini
1471 4799 1725 4870 grammaticorum,
1756 4816 1826 4870 quoa

312 4880 335 4945 1)
349 4879 487 4936 insulsum
501 4879 649 4952 grommo,
662 4897 746 4952 quum
766 4885 892 4936 recurret
910 4881 940 4935 in
953 4896 1022 4954 qua·
1076 4885 1160 4954 inter,
1174 4884 1257 4941 facile
1274 4887 1406 4959 princepe
1425 4886 1479 4940 erit
1491 4885 1601 4956 Florus,
1615 4888 1640 4939 ai
1654 4885 1765 4940 tandem
1778 4885 1824 4940 hic

274 4975 339 5026 tuor
359 4969 628 5039 codicihue,videtur
639 4971 707 5026 oriri
728 4987 762 5025 ex
781 4970 956 5043 primogenio
977 4987 1023 5025 er·
1076 4991 1139 5028 eum
1158 4979 1284 5030 tenemus
1303 4979 1333 5029 et
1349 4967 1496 5029 audimus?
1510 4973 1622 5030 Placuit
1644 4974 1754 5030 codices
1772 4993 1825 5046 po-

274 5058 404 5132 chetypo.
423 5058 477 5115 Sed
496 5060 633 5115 exorbitat
651 5057 812 5128 scholiasta,
829 5060 912 5133 idque
931 5059 1021 5115 solum
1075 5061 1214 5118 herimum
1235 5062 1380 5120 admovere
1406 5063 1569 5120 Harreienoe
1593 5064 1721 5134 editioni,
1740 5068 1821 5136 cujus

274 5149 370 5204 omisit
388 5146 460 5219 quod
472 5147 505 5202 ad
531 5165 588 5202 rem
602 5153 672 5219 erat,
685 5159 825 5221 queuntes
839 5149 941 5203 ibidem
960 5164 1022 5204 esse
1075 5149 1219 5224 elegantes
1237 5157 1265 5210 et
1286 5154 1407 5211 minores
1425 5156 1535 5226 paginae
1555 5153 1696 5210 collationi
1717 5159 1820 5210 nostrae

275 5253 325 5309 pro
334 5235 812 5308 quondoquidem,qucninm.Nemo
823 5254 866 5292 ms
877 5241 1023 5310 exspectet
1057 5261 1065 5274 ·
1077 5239 1215 5294 favebant.
