4038 6088
271 541 330 606 bos

273 697 436 774 Goopttobor
448 697 509 768 tibi,
523 695 661 768 Doouiooe,
676 685 800 772 qualiter
815 686 841 768 ¹)
857 684 912 750 hoo
925 682 1018 748 intel-

271 781 427 866 legendum
446 779 515 848 est‘l

310 871 401 956 dleop.
417 870 484 936 Nun
496 887 611 953 semper
623 865 826 952 paenitentiam
840 862 960 929 ridetur
977 860 1018 924 si·

270 961 411 1042 gnifirare
430 966 579 1040 ooofmsio.
600 957 676 1023 Nam
697 962 850 1034 moritebor
870 951 1017 1018 interdum

270 1051 388 1134 ponitur
409 1069 461 1134 pro
481 1055 622 1126 laudabo,
643 1045 691 1113 vel
712 1065 765 1130 pro
783 1052 901 1128 prutina
919 1064 1017 1122 apem,

270 1139 319 1206 uel
340 1159 392 1223 pro
409 1145 578 1222 glorificabo
599 1143 773 1204 Domimam.

310 1233 448 1294 XLVIII.
463 1227 508 1293 Da
529 1243 658 1291 senuaar
679 1240 833 1290 conronurr
852 1239 887 1285 rr
908 1235 1018 1284 nunno-

270 1336 330 1384 nurr
344 1323 380 1400 ¹).
394 1318 497 1382 Iubar.
511 1315 568 1396 Qui
578 1325 649 1380 suut
659 1313 731 1399 pulli
742 1328 897 1377 curvorum
906 1309 943 1372 de
953 1306 1019 1390 qui-

271 1405 328 1472 bus
338 1407 484 1472 scribitur:
495 1412 538 1472 Et
545 1411 641 1486 poue
654 1425 807 1471 corvorum
816 1403 1020 1466 ioooooottiou

271 1499 364 1562 eum?

311 1584 403 1668 desp.
424 1584 539 1651 Fideles
559 1583 635 1648 lilios
655 1579 816 1664 significat,
830 1578 868 1643 de
888 1573 1020 1641 inlideli-

273 1675 328 1740 bus
348 1683 527 1759 procreatus.

522 1861 564 1940 [ru
583 1859 772 1938 rnommrrs1.

313 2033 420 2100 XLIX.
441 2029 544 2093 roms.
570 2032 681 2096 Gerous
701 2029 850 2092 amicitiae
870 2029 896 2086 et
916 2022 1021 2119 pullus

271 2125 442 2200 gratiarum
459 2122 610 2198 fabuletur
630 2126 723 2182 tecture
736 2115 780 2196 ⁸),
802 2111 873 2195 quid
894 2109 942 2172 huc
966 2125 1020 2172 se·

296 2207 397 2272 uiturl

273 2227 293 2292 q
313 2295 540 2380 Resp.Cerrum
550 2284 1022 2375 amicitimaceipiendumhicqui-

274 2383 343 2449 dam
357 2393 462 2467 putant
476 2383 639 2461 Christum,
653 2382 742 2446 tutius
758 2377 923 2445 dilectionis
933 2385 964 2441 et
974 2390 1023 2439 ca·

274 2473 373 2538 ritatis
392 2473 423 2554 [l.
440 2473 509 2554 100]
526 2471 713 2551 magistrum.
731 2469 844 2534 Pullum
858 2465 1021 2550 gratiarum

275 2563 415 2646 Spiritum
426 2571 570 2638 sanetum,
583 2560 635 2645 qui
649 2564 688 2624 sit
702 2558 833 2623 omnium
846 2555 1019 2639 gratiarum,

275 2651 305 2716 id
333 2659 380 2716 est
405 2649 593 2716 carismatum
620 2648 799 2714 distrlbutor.
827 2645 1023 2710 admonemur

784 527 1096 600 rusulumluttutt
1115 526 1296 594 bueflanrl

1203 698 1277 745 mur.
1301 698 1336 744 ll!
1358 697 1524 746 stannatio
1544 697 1681 747 ΙΑΠΗΙΙ.

1109 861 1160 922 LI.
1182 857 1286 922 loun.
1309 858 1405 936 Quam
1426 859 1463 924 ob
1484 877 1602 926 causam
1623 861 1653 924 in
1674 862 1816 945 propbeta

1070 947 1263 1025 euangelistae
1281 957 1421 1032 quattuor
1433 948 1552 1016 diuersa
1566 951 1738 1018 animalium
1751 971 1818 1036 spe·

1070 1036 1114 1102 eie
1134 1038 1326 1120 designantur
1340 1037 1383 1117 ⁶)‘l

1110 1123 1201 1209 Ileap.
1225 1125 1374 1192 Mattheus
1400 1126 1529 1191 hominis
1549 1127 1663 1195 obtinet
1682 1130 1816 1210 turmam,

1072 1213 1140 1295 quia
1155 1232 1173 1278 u
1188 1215 1346 1282 nativitate
1359 1216 1486 1281 hominis
1500 1218 1611 1282 orditur
1625 1219 1745 1284 dicens:
1762 1225 1819 1286 Li·

1071 1307 1121 1367 ber
1131 1311 1333 1384 determinetis
1351 1311 1425 1372 Jesu
1441 1309 1553 1372 cumei
1564 1313 1623 1384 filii
1636 1315 1748 1386 Dauid,
1759 1314 1820 1388 fibi

1071 1395 1236 1459 Abrabam
1252 1395 1368 1461 Marcus
1382 1395 1474 1460 leonis
1493 1397 1591 1478 specie
1602 1399 1816 1480 praefiguratur,

1072 1500 1107 1546 eo
1122 1482 1201 1565 qnod
1214 1493 1249 1548 ut
1267 1483 1314 1549 leo
1328 1485 1442 1564 ingenti
1456 1486 1557 1550 intulit
1570 1506 1660 1552 roco:
1680 1494 1741 1555 Vos
1759 1493 1820 1556 eiu·

1072 1578 1184 1638 montio
1195 1579 1230 1638 io
1244 1579 1374 1640 deserto:
1391 1581 1503 1641 Porote
1522 1581 1603 1642 aman
1615 1583 1749 1643 Domini.
1763 1577 1820 1642 Ln-

1073 1679 1123 1728 cas
1143 1663 1332 1728 adnuntiatur
1353 1664 1383 1728 ln
1403 1664 1511 1740 ritulo,
1531 1666 1609 1747 quod
1630 1683 1648 1729 a
1668 1667 1820 1732 sacrificiis

1073 1750 1122 1817 rel
1132 1767 1150 1813 a
1160 1750 1323 1817 sacerdotio
1333 1761 1428 1816 sumat
1437 1752 1601 1834 exordium,
1614 1753 1714 1820 dicens
1724 1775 1731 1818 :
1743 1761 1819 1822 mett

1072 1846 1108 1906 in
1127 1847 1228 1906 diebus
1240 1848 1371 1908 Herodis
1383 1851 1462 1923 repis
1475 1849 1610 1910 Judaeue
1621 1851 1758 1912 sacerdos
1769 1869 1820 1912 rto

1072 1937 1153 1996 mine
1165 1936 1340 1996 Zooborim
1350 1931 1501 1996 lohannes
1514 1932 1613 2016 aquila
1627 1941 1820 2015 prenotatur,

1074 2020 1144 2102 quia
1163 2019 1271 2102 spiritu
1285 2019 1442 2102 pervolans
1456 2018 1495 2085 ud
1509 2039 1648 2103 superna,
1671 2031 1820 2106 tamquam

1074 2107 1111 2173 de
1131 2109 1248 2173 sublimi
1266 2110 1386 2192 prolert,
1403 2108 1522 2174 dicens:
1540 2117 1582 2175 In
1590 2117 1745 2191 principio
1757 2122 1823 2178 erut

1079 2204 1212 2276 Verbum,
1222 2208 1249 2264 ct
1267 2204 1391 2266 Verbum
1404 2209 1468 2266 erud
1481 2205 1564 2279 apuu
1577 2205 1684 2277 Deum,
1699 2211 1726 2267 et
1737 2207 1822 2268 Deera

1075 2299 1139 2354 erut
1165 2295 1297 2355 Verbum.

1114 2383 1181 2443 LII.
1192 2376 1296 2442 Interr.
1310 2378 1463 2459 Quomodo
1473 2378 1677 2462 accipiendum
1687 2381 1822 2464 estquod

1075 2467 1216 2533 Dominus
1227 2469 1333 2534 ihesus
1346 2468 1481 2534 Christus
1495 2468 1593 2534 Ilarid
1608 2469 1685 2535 iilius
1699 2470 1820 2552 dieitur,

1075 2576 1141 2622 cunr
1163 2558 1264 2641 utique
1285 2566 1371 2622 natus
1392 2575 1451 2623 non
1470 2557 1567 2623 aiter
1587 2559 1706 2642 ioseph,
1722 2561 1822 2644 quiex

1076 2645 1175 2712 Dauid
1195 2649 1286 2731 stirpe
1308 2647 1340 2727 [l.
1364 2647 1434 2728 llll]
1457 2646 1609 2713 descendit
1622 2648 1674 2730 ⁸)‘l

1115 2735 1206 2820 lisap.
1228 2737 1262 2802 ln
1281 2737 1420 2820 conjugio
1442 2746 1511 2801 tunc
1536 2737 1641 2818 Judei,
1662 2737 1823 2804 secundum

1075 2827 1172 2911 legem
1186 2829 1224 2894 de
1236 2827 1502 2911 consanguinium,
1518 2828 1665 2912 proximas
1684 2828 1823 2896 adsume·

1075 2916 1161 2982 hant.
1177 2916 1239 2983 Nec
1253 2916 1447 2982 dubitandum
1461 2926 1518 2995 est,
1538 2916 1617 3001 quod
1637 2915 1693 2982 hae
1709 2917 1824 2983 ratione

1076 3007 1165 3072 etiam
1186 3005 1280 3072 llaria
1301 3025 1337 3074 ex
1362 3007 1465 3074 eadem
1487 3007 1564 3072 tribu
1584 3006 1726 3089 ueniens,
1747 3006 1826 3074 sient

1075 3089 1195 3179 loseph,
1213 3114 1249 3162 ex
1262 3095 1360 3162 David
1375 3099 1465 3181 stirpe
1479 3096 1642 3175 descendit,
1659 3096 1749 3162 immo
1760 3113 1826 3179 pru·

316 3189 351 3251 L.
372 3183 478 3248 lotor.
493 3183 572 3264 Quid
586 3192 633 3249 est
653 3183 726 3248 illud
739 3180 818 3266 quod
837 3179 876 3244 de
892 3178 1023 3244 Ecclesia
1076 3185 1207 3249 cesserit.
1223 3184 1293 3250 Ideo
1306 3193 1403 3250 autern
1416 3205 1468 3269 per
1485 3185 1704 3268 generationem
1716 3184 1827 3268 ioseph

274 3274 805 3353 scribiturrFauoosumetaoeeioso,
817 3275 1024 3350 fitioeHiero·
1075 3272 1554 3357 origollariaesignibcatnr,quia
1563 3273 1827 3340 consuetudoScri·

274 3371 388 3432 solon?
409 3364 439 3428 Si
462 3363 542 3429 lusca
562 3383 638 3442 sum,
661 3361 806 3446 quomodo
830 3360 960 3444 speciosa
975 3356 1024 3438 ⁴)‘l
1077 3370 1230 3444 ptururum
1251 3373 1306 3440 est,
1322 3363 1454 3428 uirorum
1476 3363 1684 3447 potiusquam
1705 3361 1826 3428 lamina·

315 3453 404 3538 desp.
422 3451 498 3534 Quia
514 3461 584 3518 ante
597 3451 840 3519 examinationem
855 3447 1023 3530 sui,Eccle
1077 3470 1143 3516 rum
1163 3451 1267 3517 seriem
1289 3452 1319 3516 in
1340 3453 1528 3534 generatione
1548 3460 1714 3516 contexere.
1735 3450 1827 3535 Cujus

275 3542 319 3607 sia
337 3561 390 3626 pro
404 3541 576 3607 diuersitate
592 3543 623 3605 in
638 3559 670 3606 se
683 3538 907 3605 consistentium
920 3536 1025 3621 biper-
1078 3539 1191 3620 Mariae,
1212 3559 1278 3624 que
1297 3552 1433 3624 cognata,
1454 3540 1532 3606 sicut
1553 3539 1671 3621 legitur,
1693 3539 1749 3603 luit
1767 3539 1828 3603 Eli-

276 3631 333 3694 tita
347 3637 410 3696 est:
428 3632 457 3694 in
472 3631 581 3694 sanctis
594 3631 725 3711 speciosa
742 3638 799 3706 est,
815 3628 847 3691 in
868 3628 1025 3710 peccatori·
1078 3629 1194 3710 sabeth,
1214 3646 1282 3712 quaa
1303 3629 1390 3696 luisse
1409 3630 1546 3694 scribitur
1565 3629 1604 3694 de
1622 3625 1740 3692 filiabus
1760 3630 1826 3691 ba-

275 3719 332 3783 bus
346 3720 437 3800 lusca,
452 3719 529 3783 sicut
547 3727 577 3782 et
591 3715 773 3782 Hierusalem
786 3716 873 3780 modo
893 3725 1024 3780 sanctam
1078 3736 1150 3798 ron,
1173 3719 1440 3784 manifestissimum
1464 3727 1527 3798 est,
1552 3716 1630 3801 quud
1659 3716 1689 3780 in
1709 3715 1829 3782 Christo

275 2758 346 2823 ergo
360 2759 397 2806 cx
411 2739 475 2820 boc,
489 2748 524 2805 ut
535 2755 649 2823 semper
662 2736 769 2806 Christi
783 2735 832 2802 vel
847 2733 942 2800 sancti
958 2732 999 2815 Sp
1009 2767 1023 2779 ·

277 2829 351 2895 ritus
371 2828 483 2896 solacia
502 2829 696 2914 requiramus.

446 3018 486 3098 [m
506 3033 635 3081 caurrcrs
655 3015 859 3094 carurrconmr]¹

166 3843 170 3849 ·
276 3809 431 3874 civitatem
445 3807 596 3892 Scriptura
609 3815 826 3885 commemorat,
843 3805 940 3886 [modo
960 3825 1026 3888 pec-
1078 3807 1238 3874 secundum
1258 3827 1375 3874 carnem
1395 3826 1432 3875 er
1452 3818 1577 3893 utroque
1590 3823 1699 3890 genere
1718 3824 1827 3872 eonve-

276 3897 439 3978 mutant
1079 3896 1169 3977 nerii,
1180 3916 1283 3978 regum
1295 3899 1408 3966 seilicet
1417 3899 1658 3981 sacerdotumque
1669 3897 1826 3964 successio.

278 4087 417 4143 convertit
435 4085 465 4140 in
484 4100 582 4141 noram
598 4084 846 4156 interrogationem
859 4089 888 4140 at
906 4101 1024 4157 respon·
1082 4085 1123 4142 19.
1133 4087 1281 4144 dmiticiaa
1290 4088 1331 4141 sie
1340 4087 1369 4142 (i.
1378 4085 1524 4142 Traaallaa
1533 4087 1704 4160 quaestiones
1713 4086 1743 4140 in
1752 4083 1825 4142 libro

276 4178 395 4232 aionem.
408 4176 466 4232 Pro
477 4180 552 4231 mitti
564 4175 625 4231 edd.
636 4175 848 4231 habantmanta.
863 4174 892 4228 ln
904 4174 959 4229 fine
969 4176 1025 4230 ite-
1079 4175 1237 4233 Salomonis
1250 4177 1318 4232 aditi
1330 4178 1483 4233 ronhnent.
1499 4206 1531 4220 -
1548 4179 1571 4242 ⁴)
1586 4177 1665 4234 cant.
1677 4192 1698 4245 ι,
1711 4175 1736 4232 4.
1749 4177 1829 4231 Seri·

276 4267 552 4338 munimentorum-
567 4269 589 4330 ¹)
601 4263 841 4336 Ps.ux,l.Saps...
851 4266 1021 4325 uidentur...
1079 4270 1156 4323 nirata·
1174 4267 1269 4339 filio...
1289 4271 1493 4323 consistentium
1508 4269 1640 4337 bipertito
1654 4265 1683 4319 (l.
1697 4293 1732 4306 -
1745 4271 1768 4330 ³)
1789 4263 1829 4318 n-

275 4357 485 4428 eomsassionum
506 4354 580 4428 (lere
599 4371 653 4410 uno
672 4353 782 4430 aerbo).
801 4385 837 4396 -
856 4353 878 4416 ²)
900 4353 1025 4410 Titulum
1078 4354 1156 4408 asch.
1177 4370 1197 4423 r,
1216 4353 1244 4410 5.
1263 4355 1335 4410 Tum
1354 4355 1456 4412 Mattb.
1475 4371 1495 4425 1,
1519 4353 1544 4410 l.
1563 4355 1652 4410 Marc.
1671 4371 1692 4422 1,
1712 4354 1739 4409 8.
1759 4351 1827 4408 Luc.

277 4443 423 4512 insulsum,
432 4444 453 4500 f.
462 4461 605 4500 curruum
615 4460 650 4498 ax
659 4444 796 4514 margine,
807 4444 932 4498 neurius
942 4445 1025 4498 etiam
1078 4459 1098 4512 1,
1116 4441 1144 4499 5.
1163 4443 1244 4500 Josn.
1264 4459 1285 4512 1,
1302 4442 1326 4499 l.
1341 4447 1551 4517 Designatur...
1571 4445 1616 4513 fito·
1626 4443 1705 4500 bis...
1719 4446 1828 4514 marica

276 4537 448 4606 rejecilposl
457 4535 678 4604 responsionem.
688 4561 724 4573 —
735 4533 781 4586 Pu.
791 4547 884 4599 cxnvr,
893 4530 921 4587 3.
933 4533 1023 4589 Foda·
1075 4535 1323 4605 praeficeratur...
1337 4535 1472 4590 roardus
1484 4551 1516 4590 as.
1530 4535 1737 4590 decolorius...
1745 4547 1829 4601 praa·

277 4623 317 4679 lea
328 4624 407 4696 pilius
418 4639 441 4678 s.
456 4623 491 4679 da
507 4623 677 4694 insedelibus
691 4623 721 4678 C.
736 4651 771 4661 -
784 4622 922 4675 Habemus
935 4623 1025 4693 igitur
1079 4633 1212 4678 numbur-
1227 4624 1294 4677 Hane
1306 4639 1372 4678 varo
1384 4639 1448 4677 curn
1466 4622 1571 4677 Irenaeo
1586 4621 1671 4676 velim
1688 4619 1827 4689 conseram

276 4713 311 4768 da
325 4712 442 4785 psalmis
455 4713 484 4766 in
497 4713 591 4768 codiee
604 4712 772 4784 quaestiones
784 4726 850 4780 xnus
864 4711 892 4764 in
902 4709 1025 4782 vulgatis
1078 4711 1151 4765 hand
1170 4713 1245 4765 anina
1267 4712 1327 4765 sine
1349 4710 1468 4766 consilio
1487 4712 1616 4783 superius
1637 4728 1666 4783 p.
1685 4706 1741 4764 208
1763 4707 1828 4763 lon·

277 4819 343 4858 raro
352 4817 407 4858 non
418 4802 564 4873 pauciores
577 4817 660 4874 qnam
672 4815 737 4856 axv.
751 4799 862 4856 Seleeta
875 4803 982 4854 tantum
995 4801 1024 4853 in
1079 4819 1145 4872 gum
1159 4801 1283 4874 eJuadem
1295 4800 1387 4857 locum
1400 4801 1433 4856 de
1446 4817 1475 4856 ιι
1487 4799 1676 4872 Evangeliatis
1686 4815 1749 4854 eum
1759 4816 1828 4853 nou·

276 4893 385 4944 veteres
403 4889 578 4943 membranas
597 4893 709 4959 recepta
731 4887 819 4943 fuisso
841 4889 872 4942 in
892 4893 1024 4961 promptu
1079 4887 1156 4943 nullo
1169 4895 1304 4961 apparatu
1319 4905 1412 4960 graeeo
1426 4894 1455 4944 at
1466 4888 1555 4943 latino
1568 4887 1677 4942 reduxi.
1690 4917 1723 4928 -
1738 4893 1761 4952 ⁸)
1778 4887 1829 4943 Di-

276 4980 417 5050 opinarar,
429 4979 485 5033 nisi
497 4995 562 5033 mox
571 4979 606 5033 ob
618 4994 689 5034 nova
701 4981 729 5032 al
741 4977 898 5050 prolixiora
909 4978 939 5031 iu
953 4993 1024 5033 novo
1078 4979 1187 5034 scandit
1204 4977 1343 5050 pluries...
1358 4979 1490 5035 iudeis...
1503 4981 1741 5052 computabam...
1757 4991 1827 5030 ron-

275 5067 455 5124 Testamenta
463 5068 608 5142 problema
618 5069 807 5124 intricaralur.
819 5097 852 5110 -
863 5067 885 5133 ³)
899 5067 981 5123 Prov.
992 5081 1023 5138 u,
1077 5068 1226 5124 rotrado...
1246 5085 1415 5126 oea-orum...
1437 5069 1549 5124 scilicit.
