4064 6108
1707 514 1767 588 tet

311 831 728 973 SANCTUS
769 834 814 969 J
815 835 1219 970 USTINUS
1263 834 1681 969 MARTYR.

862 1137 1128 1148 ———-——-·-

262 1414 287 1478 l.
310 1414 402 1480 Extra
421 1413 525 1479 seriem
547 1423 712 1497 tempomm
733 1424 763 1480 et
783 1423 867 1480 extra
889 1415 995 1493 locum,
1017 1417 1094 1479 inter
1115 1415 1177 1479 haec
1190 1416 1350 1496 lnecdota,
1373 1417 1475 1499 paucis
1495 1415 1591 1480 dicam
1611 1415 1648 1482 de
1667 1425 1767 1480 sancto

222 1531 352 1604 martyre
372 1522 518 1602 Romanu,
541 1541 628 1603 quem
648 1522 768 1587 omnino
787 1523 907 1588 silentio
927 1525 1149 1606 praetermittere
1168 1534 1343 1601 statueram,
1364 1541 1454 1606 quum
1475 1522 1549 1590 nihil
1570 1526 1641 1588 noui
1661 1534 1768 1607 prosto

221 1627 270 1690 sit
293 1627 350 1692 Sed
371 1647 461 1693 unum
482 1647 528 1693 me
548 1629 705 1694 sollicitum
728 1639 819 1707 tenet,
839 1647 876 1694 ac
895 1629 1056 1708 dolentem,
1072 1630 1137 1696 ideo
1157 1631 1234 1713 quod
1250 1628 1345 1696 ultimi
1360 1629 1500 1711 editores,
1522 1630 1658 1696 lenensis
1677 1649 1766 1711 unus,

222 1736 297 1800 alter
318 1735 502 1816 Parisiensis,
524 1735 614 1801 missa
636 1755 754 1821 prorsus
776 1737 897 1804 fecerint
916 1755 1106 1821 quacumque
1126 1738 1241 1804 tustino
1260 1739 1390 1823 ascripta
1410 1739 1503 1817 luere,
1524 1737 1591 1804 sive
1611 1738 1640 1802 in
1659 1738 1768 1804 Calena

222 1841 368 1926 lipsiensi
390 1843 468 1908 edita
489 1862 517 1908 a.
541 1844 632 1921 ttae,
653 1844 720 1910 siue
741 1847 771 1910 in
793 1845 864 1912 ldaii
886 1847 1082 1926 collectaneis,
1104 1865 1172 1929 quae
1191 1847 1255 1931 ipss
1275 1866 1331 1931 ego
1352 1847 1510 1912 parisiensi
1531 1845 1657 1911 curatori
1677 1865 1768 1912 revo-

222 1950 314 2014 canda
336 1949 494 2032 diligenter
512 1968 696 2017 curaveram.
719 1953 803 2019 llaud
823 1954 1003 2033 negandum,
1026 1971 1060 2020 aa
1082 1954 1141 2020 lere
1161 1954 1257 2020 omnia
1277 1973 1342 2021 esse
1361 1955 1473 2038 spuria,
1489 1954 1579 2019 immo
1598 1963 1711 2019 recoaa
1732 1973 1768 2018 ex

222 2056 305 2122 lihris
315 2058 377 2142 jam
391 2059 535 2141 vulgatis.
551 2060 609 2125 Sed
629 2079 729 2142 quum,
746 2070 781 2126 ut
796 2071 874 2128 recte
888 2063 977 2128 hahet
988 2062 1068 2142 Otto,
1086 2062 1203 2128 «ualde
1218 2064 1258 2127 sit
1271 2062 1439 2141 dolendum,
1455 2061 1534 2144 quod
1547 2061 1632 2142 pauci
1654 2069 1767 2127 tantum

223 2173 381 2246 supersunt
400 2166 516 2230 codices
536 2183 655 2250 operum
677 2167 910 2234 lastinianorum
924 2169 1140 2251 manuscripti,
1157 2187 1279 2252 quorum
1294 2168 1426 2253 plerique
1439 2168 1606 2251 suppositos
1627 2175 1768 2232 tractatus

223 2271 390 2352 continent,
403 2297 420 2332 s
441 2273 494 2338 ahs
516 2293 548 2338 re
569 2293 627 2340 uon
648 2285 711 2340 erat
731 2276 885 2342 sollicitius
900 2277 1048 2360 inquirere
1068 2276 1138 2361 quid
1161 2276 1286 2359 impiger
1306 2276 1433 2343 llaiuse
1451 2275 1603 2343 Vaticanis
1623 2274 1770 2340 thesauris

223 2377 385 2457 eduxisset,
404 2380 514 2462 quidve
534 2400 569 2445 ex
590 2381 749 2448 ldoldaviae
768 2383 879 2448 tabulis
899 2384 1050 2449 attulisset
1070 2383 1232 2448 monachus
1251 2381 1446 2466 Nicephorus.

265 2484 305 2550 ll.
328 2486 448 2565 llaium,
463 2487 641 2568 ntarhitror,
664 2489 818 2556 decantata
834 2490 967 2556 codicum
981 2489 1101 2575 penuria
1116 2491 1220 2568 morit,
1237 2498 1270 2555 ut
1288 2499 1401 2574 septem
1423 2490 1586 2572 fragments
1606 2488 1686 2554 haud
1705 2486 1770 2556 siue

227 2593 358 2677 improbo
379 2597 480 2660 labore
500 2605 615 2662 erueret
634 2615 670 2662 ex
691 2597 740 2661 illo
761 2598 964 2681 stribliginoso
984 2599 1085 2663 codice
1105 2597 1246 2666 Vaticano
1266 2596 1355 2671 esto,
1369 2596 1407 2661 de
1426 2614 1485 2678 quo
1506 2611 1594 2677 supra
1615 2611 1652 2658 ex
1672 2593 1771 2658 abuu-

223 2697 323 2764 dantia
345 2701 461 2784 scripsi,
483 2721 512 2786 p.
537 2703 607 2782 itt,
630 2722 696 2786 quae
712 2703 788 2769 idern
802 2705 832 2769 in
847 2705 901 2772 Vll
916 2716 1026 2773 tomum
1042 2704 1223 2771 Collectiouis
1242 2723 1332 2768 nocue
1346 2711 1470 2768 calaum
1490 2701 1614 2766 Petrum
1634 2700 1768 2765 inseruit.

224 2806 380 2874 Prolitetur
400 2809 516 2892 quidem
538 2828 571 2875 se
592 2820 706 2876 tuntum
726 2813 869 2878 anecdota
889 2832 925 2878 ex
946 2813 997 2878 illo
1025 2813 1124 2880 codice
1152 2811 1311 2890 selegisse3
1330 2826 1366 2874 ac
1385 2809 1454 2874 dum
1477 2809 1539 2872 hec
1559 2825 1656 2890 graece
1676 2807 1767 2887 dedit,

224 2913 306 2979 siluit
325 2917 442 2999 penitus
462 2918 499 2984 dc
521 2919 620 2984 indole
639 2930 670 2986 et
690 2919 864 2985 auctoritate
878 2919 979 2984 horum
997 2921 1209 2998 analectorum,
1223 2918 1360 3002 quamvis
1380 2916 1471 2984 semel
1487 2916 1518 2980 in
1536 2916 1628 2999 prima
1651 2925 1681 2979 ct
1693 2934 1769 2997 sup-

223 3037 324 3103 pressa
345 3022 415 3086 tomi
438 3022 451 3086 l
471 3023 612 3102 editione,
634 3025 796 3109 iterumque
817 3026 847 3090 in
870 3036 946 3091 tomo
967 3026 1020 3093 llll
1040 3026 1142 3093 eadem
1164 3025 1348 3092 tractaverit.
1370 3025 1409 3088 tt
1428 3041 1465 3088 ex
1480 3026 1581 3087 notula
1603 3023 1633 3086 in
1653 3020 1768 3086 schedis

224 3127 323 3193 relicta
337 3139 453 3195 constat
469 3129 644 3196 indefessum
655 3132 754 3197 virum
766 3133 918 3213 statuisse,
933 3133 993 3198 lore
1004 3143 1036 3198 ut
1047 3133 1142 3198 tertiis
1151 3133 1241 3212 curis,
1254 3148 1329 3215 quas
1343 3130 1497 3194 immatura
1511 3147 1589 3192 mors
1602 3127 1767 3210 intercepit,

224 3243 371 3301 excuteret
390 3235 445 3301 hos
464 3235 580 3302 codices
602 3256 750 3322 nunquam
772 3237 942 3305 exhaustos.
965 3239 1054 3322 Operi
1076 3241 1211 3323 quamvis
1233 3239 1344 3323 impar,
1367 3257 1440 3322 opus
1460 3241 1668 3319 interruptam,
1690 3235 1768 3317 quod

224 3342 383 3424 spectatad
396 3343 555 3422 lustinum,
570 3345 686 3410 tandem
697 3345 818 3427 aggredi
827 3345 923 3428 juvat,
936 3363 1029 3410 noras
1043 3345 1145 3410 saltem
1157 3354 1191 3409 ut
1199 3345 1349 3424 lectiones,
1362 3343 1387 3408 si
1399 3361 1466 3426 quae
1476 3342 1592 3416 luerint,
1602 3341 1766 3408 exhibeam.

266 3448 342 3516 Sunt
363 3451 453 3533 igitur
473 3460 584 3534 septem
599 3452 660 3518 loca
676 3471 741 3535 qum
755 3451 852 3518 Maius
866 3451 981 3534 accepit
993 3469 1029 3516 ex
1043 3450 1109 3516 cod.
1125 3451 1215 3530 aaut,
1232 3470 1353 3530 quorum
1368 3469 1419 3516 sex
1434 3449 1620 3535 reperiuntur
1634 3449 1664 3514 in
1678 3449 1771 3515 altero

225 3558 313 3623 simili
335 3559 401 3624 cod.
417 3559 483 3625 liat.
501 3560 597 3640 taum
614 3559 787 3642 quibuscum
802 3559 929 3624 solueret
943 3557 1049 3622 mirum
1064 3558 1095 3622 in
1109 3549 1227 3623 modum
1241 3557 1464 3624 vetustissimus
1483 3555 1574 3622 codex
1594 3553 1771 3620 Bodleianue

223 3665 292 3731 olim
306 3666 558 3748 claromontanus,
575 3686 654 3732 nunc
667 3667 802 3749 sigmtus
816 3667 899 3730 duct.
918 3665 950 3729 T.
968 3663 996 3745 l,
1013 3670 1046 3745 6,
1057 3665 1110 3730 uix
1125 3684 1183 3732 non
1197 3667 1296 3731 saeculi
1310 3665 1347 3732 X.
1364 3666 1458 3745 Quem
1472 3683 1529 3745 eqo
1542 3661 1771 3729 venerabundus

224 3775 303 3841 tenui
318 3775 387 3839 olim
402 3794 437 3839 ac
457 3776 588 3855 versari,
611 3774 745 3855 multam,
763 3775 815 3840 sed
836 3774 953 3840 inanem
973 3772 1044 3837 mihi
1067 3791 1149 3855 spem
1164 3772 1295 3838 nutriens
1307 3773 1432 3857 plurima
1448 3771 1489 3836 ihi
1510 3771 1653 3836 anecdota
1674 3769 1771 3852 expis-

225 3879 324 3958 candi,
336 3881 422 3945 etiam
437 3880 553 3947 tustino
567 3881 752 3947 ascribenda.
767 3882 908 3966 Equidem
920 3897 1059 3947 noveram
1072 3892 1184 3964 septem
1199 3880 1270 3946 llaii
1281 3882 1462 3964 fragmenta3
1478 3897 1544 3963 quas
1558 3887 1588 3944 et
1603 3880 1632 3942 in
1645 3877 1701 3942 hoc
1713 3877 1772 3941 sin-

224 3989 292 4070 gula
308 4007 398 4072 quum
419 3990 600 4073 reperissem,
621 4002 758 4055 octavum
779 3990 839 4055 cito
860 3989 1006 4072 rescripsi,
1028 3989 1079 4072 qui
1101 3997 1132 4053 et
1151 3988 1230 4053 lllaio
1244 3997 1274 4053 et
1287 3988 1430 4055 Vaticano
1443 3986 1535 4051 codici
1550 3985 1642 4051 deest.
1660 3983 1717 4050 Sed
1740 4003 1771 4050 re

224 4097 365 4161 attentius
386 4099 545 4180 explorata,
567 4107 632 4164 octo
653 4115 843 4183 quascumque
863 4096 926 4161 loca
947 4114 1002 4160 nec
1022 4112 1111 4174 noea,
1132 4114 1187 4160 nec
1206 4095 1316 4160 lustini
1339 4103 1441 4172 erant;
1463 4102 1568 4158 cuncta
1588 4109 1671 4169 xero,
1689 4089 1770 4156 nullo

224 4213 358 4287 excepto,
379 4203 517 4286 leguntur
535 4205 611 4269 inter
630 4208 744 4287 spuria,
768 4205 797 4269 in
818 4203 1004 4289 dispositione
1022 4209 1114 4268 rectas
1137 4202 1320 4286 consessionis
1343 4201 1410 4282 (llll.
1432 4220 1463 4284 p.
1487 4199 1571 4280 titt,
1591 4198 1629 4262 da
1648 4215 1707 4282 qua
1728 4195 1772 4261 sic

223 4310 374 4377 exorditur
395 4309 554 4376 llarauus:
579 4312 705 4394 «Longe
719 4311 758 4375 ah
770 4318 858 4376 etate
871 4309 994 4388 tustini,
1009 4309 1060 4375 sad
1075 4308 1192 4391 longius
1209 4311 1335 4372 multoc
1354 4307 1386 4372 S.
1401 4303 1543 4388 llartpris
1561 4302 1660 4368 animo
1679 4300 1773 4366 distat

223 4417 400 4484 Nestorisue
414 4419 478 4484 haec
498 4418 566 4484 fidei
590 4419 740 4498 professio,
756 4442 770 4478 n
790 4437 856 4502 quae
873 4429 967 4482 tamen
982 4416 1055 4481 clam
1070 4415 1210 4498 prodierit
1224 4426 1292 4482 ante
1305 4411 1481 4482 Nestorium.
1498 4409 1663 4494 Aliquando
1678 4425 1772 4494 pseu-

224 4524 406 4610 depigrapha
427 4527 505 4610 apud
526 4526 675 4592 Mauricos
695 4528 828 4610 asperius
843 4526 994 4610 vapulant.
1009 4523 1136 4588 Nestorii
1159 4534 1256 4589 tamen
1270 4540 1395 4606 anguem
1410 4520 1466 4586 hac
1479 4519 1536 4586 sub
1555 4518 1645 4584 herba
1665 4516 1770 4596 latere,

224 4633 275 4698 vix
296 4634 549 4699 dissimulandum.
572 4639 610 4700 tt
631 4635 728 4700 mirari
750 4635 846 4714 subit,
869 4652 921 4698 cur
941 4631 1102 4697 doctissimi
1123 4631 1228 4697 horum
1248 4631 1375 4695 locorum
1395 4627 1576 4705 collectores,
1598 4623 1773 4690 anasusius

224 4760 341 4824 nempe,
353 4742 536 4824 Sophronias
546 4755 577 4807 et
590 4743 700 4820 Helias,
711 4741 812 4808 lolium
824 4757 876 4823 pro
889 4739 982 4804 tritico
993 4738 1161 4804 habuerint.
1172 4738 1230 4804 llos
1241 4733 1571 4804 enimesseconditores
1581 4729 1772 4796 collectaneo·

224 4868 288 4915 rum
303 4849 390 4915 fidem
404 4850 475 4914 lacit
489 4849 638 4914 indubiam
653 4859 741 4916 vetus
754 4849 942 4929 Bodleianus,
958 4849 1008 4930 qui
1020 4845 1171 4912 Anastasii
1184 4856 1216 4912 et
1229 4847 1354 4912 aliorum
1368 4843 1488 4910 nomina
1504 4840 1629 4925 prefixit
1646 4836 1773 4918 singulis

225 4957 344 5023 scholiis
364 4958 443 5042 apud
464 4956 574 5024 ldaium
594 4956 811 5040 anepigraphis.
833 4956 922 5036 Quod
943 4955 1034 5020 etiam
1055 4953 1150 5036 magis
1170 4953 1348 5033 mirandum,
1371 4953 1510 5018 Leontius
1531 4950 1591 5030 ille,
1613 4946 1772 5013 acerrimus

226 5065 352 5130 Nestorii
373 5063 557 5149 profligator,
576 5063 679 5130 eadem
700 5064 758 5129 lere
778 5061 889 5145 recepit
909 5061 1036 5139 incaute,
1058 5059 1100 5126 uti
1121 5059 1180 5125 duo
1199 5059 1308 5125 uetusti
1329 5059 1414 5125 codd.
1438 5065 1593 5136 testantur,
1611 5054 1770 5122 Vaticanus

225 5191 315 5254 unus,
336 5173 411 5240 alter
431 5172 608 5251 Genuemis,
623 5171 731 5255 dequo
751 5190 830 5237 nox.
845 5171 991 5238 ueterum
1011 5170 1085 5235 adeo
1105 5168 1223 5235 subtilis
1235 5178 1290 5251 est,
1307 5177 1477 5252 unumque
1496 5167 1614 5251 prefert
1636 5165 1770 5250 antiqui-

229 5290 317 5346 tatem
330 5282 380 5346 illa
391 5281 536 5365 expositio
547 5279 733 5362 Nestorisue,
746 5292 778 5345 ut
787 5279 935 5363 Ephesius
946 5279 1087 5360 Concilio,
1099 5288 1171 5344 teste
1181 5278 1315 5356 llarano,
1329 5276 1367 5341 sit
1377 5275 1536 5359 antiquior3
1548 5293 1583 5340 ac
1592 5273 1617 5338 si
1628 5274 1770 5357 conjicere
