4044 6098
869 509 910 580 IN
931 509 1105 582 PSALMOS

857 791 1026 867 Pootmus
1048 793 1077 867 Ι
1080 793 1118 868 V.

255 1010 286 1055 ν.
311 991 339 1054 1.
362 997 413 1070 Et(
437 991 474 1058 τά
490 992 591 1072 τέλος,
608 997 639 1059 ἐν
656 989 800 1084 ψαλμοῖς,
821 984 887 1077 ᾠδὴ
912 1001 958 1079 τῷ
1052 1008 1085 1056 v.
1102 991 1131 1054 1.
1144 989 1180 1054 In
1190 990 1285 1074 finem,
1299 993 1329 1056 ιἰι
1337 993 1472 1076 possimis,
1486 995 1638 1062 carmem
1648 995 1761 1062 Dauid.

212 1091 317 1167 Δαυίδ.
346 1097 434 1164 Votis.
458 1118 487 1182 p.
511 1099 581 1178 625,
604 1101 634 1164 2.

262 1209 431 1287 ’Υπάθεσις
463 1213 593 1275 Πολλῶν
625 1205 756 1300 ψαλμῶν
788 1208 873 1276 κατὰ
905 1207 959 1299 μὲν
1053 1204 1401 1288 sermomonem
1420 1208 1504 1274 motti
1527 1209 1633 1292 psalmi
1651 1229 1763 1278 secun-

212 1318 283 1394 τοὺς
308 1317 343 1383 0'
367 1317 503 1407 ἐχόντων
527 1315 701 1408 ἐπιγραφήν
724 1321 775 1392 Εἰς
799 1317 836 1382 τὸ
859 1315 959 1396 τέλος,
1013 1312 1084 1378 durn
1104 1313 1179 1378 LXX
1199 1313 1332 1397 inscripti
1354 1315 1415 1380 siut
1434 1315 1472 1380 Io
1492 1316 1586 1400 finem,
1602 1321 1761 1386 secundum

213 1425 297 1493 κατά
321 1416 356 1491 δὲ
378 1424 450 1502 τοὺς
472 1423 598 1501 λοιποὺς
622 1423 665 1489 τά
692 1423 884 1498 κατάλληλα
913 1433 960 1508 τῷ
1012 1429 1112 1486 numm
1132 1420 1205 1485 aiios
1226 1421 1445 1504 inscriptionem
1465 1422 1595 1491 habeant
1611 1425 1706 1492 eidem
1727 1427 1764 1491 ti-

213 1539 264 1610 Εἰς
280 1533 317 1598 τδ
333 1531 422 1608 τέλος
435 1521 544 1597 ἐνθάδε
558 1520 778 1618 ἀποδιδόμενα,
792 1523 887 1609 ἀξιον,
900 1531 956 1603 ὅση
1016 1529 1075 1594 tuto
1096 1528 1132 1593 Io
1151 1530 1236 1613 finem
1255 1542 1494 1613 consentaneam,
1517 1551 1615 1616 operes
1635 1534 1762 1617 pretinm

213 1633 350 1731 δύναμις,
364 1633 537 1729 ἐξιχνεῦσαι
551 1639 607 1703 τὸν
625 1629 816 1727 δηλούμενον
830 1640 959 1715 ὑπὸτῆς
1015 1644 1061 1701 est
1071 1655 1124 1720 pru
1134 1637 1250 1703 viribus
1261 1639 1441 1719 investigare
1452 1638 1538 1724 hujus
1549 1641 1685 1707 dictionis
1696 1660 1764 1708 sen·

212 1743 324 1828 λέξεως
347 1759 424 1814 νοῦν.
449 1746 563 1813 Ἱστέον
588 1738 630 1826 δέ,
655 1747 714 1825 ὅτι,
732 1747 834 1838 ὥσπερ
856 1747 959 1824 πάσης
1013 1745 1264 1822 snmsnendnm,
1277 1757 1309 1813 nt
1320 1749 1393 1814 ortis
1404 1748 1559 1833 cujuslibet
1568 1758 1656 1833 etque
1667 1750 1763 1816 seien-

212 1859 326 1949 τέχνης
349 1855 403 1922 καὶ
426 1857 602 1945 ἐπιστήμης
626 1851 693 1920 ἐστὶ
708 1855 747 1920 τὸ
762 1855 862 1934 τέλος,
880 1854 924 1945 ἐφ’
943 1853 959 1919 ὃ
1014 1851 1065 1917 tiae
1078 1853 1199 1936 quidum
1214 1853 1279 1918 finis
1292 1864 1349 1935 est,
1367 1855 1398 1920 in
1419 1875 1507 1939 quem
1528 1853 1654 1922 intendit
1670 1856 1696 1920 is
1710 1855 1763 1939 qui

212 1957 338 2031 σπεύδει
362 1965 529 2056 ὸγνησίως
544 1961 604 2037 τήν
624 1961 741 2052 τέχνην
765 1961 785 2036 ή
812 1961 871 2037 τήν
896 1966 961 2028 ἐπι·
1014 1969 1107 2026 ortem
1129 1963 1177 2028 vei
1198 1962 1351 2028 seientiam
1371 1963 1447 2029 surio
1468 1971 1594 2043 exornet,
1612 1963 1654 2028 itu
1671 1965 1762 2030 etium

212 2075 338 2164 στήμην
360 2072 485 2162 μετιὼν,
502 2072 598 2147 οὕτως
614 2073 668 2137 καὶ
683 2083 742 2149 της
758 2075 887 2164 λογικῆς
904 2071 960 2161 φά-
1014 2077 1129 2134 notnrae
1139 2069 1291 2136 rationalis
1300 2071 1388 2138 tinem
1400 2072 1527 2154 aliquem
1537 2089 1603 2136 esse
1613 2080 1759 2155 oportere.

212 2206 289 2259 σεως
307 2173 356 2247 δεῖ
364 2181 454 2256 τέλος
470 2178 648 2272 τυγχάνειν.
667 2187 768 2245 Τοῦτο
789 2169 823 2243 δέ
838 2167 905 2243 ἐστι
922 2178 959 2243 τδ
1013 2175 1043 2241 is
1057 2195 1144 2260 porro
1163 2177 1229 2242 finis
1250 2187 1295 2244 est
1312 2179 1459 2244 vivificari
1481 2179 1514 2245 in
1528 2178 1656 2259 Christo,
1676 2178 1761 2262 justu

212 2294 244 2355 ἐν
261 2297 382 2379 Χριστῷ
398 2282 639 2369 ζωοποιηθῆναι,
655 2285 740 2352 κατά
754 2285 797 2351 τά
813 2285 960 2374 εἰρημένα
1013 2285 1163 2351 oraculum
1177 2287 1388 2370 sapientissimi
1399 2287 1495 2368 naun,
1509 2287 1539 2352 in
1550 2287 1644 2372 prima
1658 2286 1760 2353 udilo·

212 2396 328 2480 Παύλῳ
343 2404 389 2478 τῷ
406 2392 579 2484 σοφωτάτῳ
592 2397 623 2458 ἐν
636 2404 676 2480 τῇ
692 2392 800 2485 πρώτῃ
814 2393 889 2483 πρὸς
902 2396 961 2457 Κο-
1014 2393 1142 2460 riuthios
1156 2394 1297 2478 epistola:
1317 2394 1427 2460 «Sicut
1443 2395 1473 2461 in
1484 2395 1578 2461 Adam
1591 2412 1762 2461 ornnesmu·

215 2502 340 2595 μνθίους
356 2504 517 2587 ἐπιστολῇ·
528 2499 649 2591 Ὠσπερ
664 2497 724 2591 γάρ
741 2501 833 2584 ἀντῷ
856 2489 960 2588 Ἀδάμ
1013 2503 1139 2585 rinntur,
1147 2503 1189 2568 ite
1200 2511 1231 2569 et
1241 2503 1272 2568 in
1281 2502 1399 2570 Christo
1408 2519 1509 2591 onmes
1519 2503 1760 2569 vivificabuntur:

213 2608 328 2686 πάντες
343 2605 598 2688 ἀποθνήσκουσιν,
612 2609 709 2685 οὕτως
721 2607 774 2674 καὶ
785 2610 817 2674 ἐν
829 2616 876 2692 τῷ
890 2613 961 2697 Χρι-
1013 2614 1217 2695 unnsquisque
1230 2619 1330 2676 eutem
1344 2610 1377 2676 in
1390 2631 1444 2677 suo
1459 2611 1594 2678 ordine.»
1611 2610 1761 2690 Quantum

214 2729 278 2802 στῷ
295 2718 409 2796 πάντες
423 2712 723 2799 ζωοποιηθήσονται,
736 2717 867 2794 ἕκαστος
881 2709 957 2783 δὲέν
1013 2737 1086 2785 nero
1098 2728 1212 2804 spectet
1225 2719 1263 2784 ud
1274 2718 1361 2784 iilud:
1378 2719 1441 2784 «lu
1455 2737 1509 2785 suo
1522 2718 1635 2798 ordine,
1650 2739 1665 2777 υ
1681 2717 1762 2783 haud

211 2835 258 2910 τῷ
277 2817 343 2908 ἰδίῳ
355 2823 508 2918 τάγματι.
524 2823 670 2891 -Ὅσον
687 2816 721 2890 δὲ
737 2829 768 2890 ἐν
784 2834 830 2908 τῷ
845 2824 958 2918 λέγειν·
1012 2847 1089 2894 unns
1103 2827 1170 2892 finis
1191 2826 1321 2892 omnium
1336 2826 1515 2908 assignetur.
1536 2827 1662 2910 AEquum
1682 2825 1760 2892 eninr

212 2937 243 2999 ἀν
259 2943 305 3018 τῷ
320 2926 386 3018 ῑδίῳ
398 2934 551 3027 τάγματι,
565 2937 623 3024 οὐχ
636 2931 666 2998 έν
680 2933 770 3010 τέλος
787 2933 959 3026 ὑπογράφει
1012 2935 1486 3020 est,unnmqnemquesecnndnm
1498 2934 1599 2999 merita
1610 2943 1760 3016 gestorum

209 3041 347 3107 πάντων·
360 3039 440 3118 εἰκάς
464 3039 524 3133 γάρ
540 3041 672 3106 ἕκαστον
690 3039 774 3105 κατά
792 3039 852 3114 τὴν
869 3033 957 3118 ἀξίαν
1011 3040 1243 3119 νὶνίέίοάεἰ,εἱνθ
1253 3040 1366 3124 absque
1383 3060 1470 3124 poeuu
1483 3043 1520 3108 ud
1535 3059 1655 3125 scopum
1667 3051 1760 3107 teten-

210 3158 273 3214 τῶν
304 3147 530 3240 πεπραγμένων
555 3141 861 3227 ζωοποιηθήσεσθαι,
884 3147 958 3219 ήτοι
1013 3148 1101 3228 derit,
1122 3148 1189 3214 sive
1210 3159 1277 3233 post
1291 3150 1510 3231 castigationes
1528 3149 1687 3233 Postquam
1708 3169 1761 3215 uu-

209 3256 302 3346 χωρὶς
321 3256 456 3340 βασάνου
473 3254 524 3321 ἐπέ
539 3264 634 3320 τοῦτο
647 3255 823 3346 ἐρχόμενον,
837 3252 856 3326 ή
876 3253 958 3343 μετά
1013 3262 1070 3321 tem
1081 3253 1216 3322 Christus
1226 3274 1329 3321 omues
1343 3256 1393 3338 qui
1408 3259 1438 3321 in
1454 3257 1567 3322 Adamo
1581 3258 1757 3339 moriuntur,

210 3361 362 3438 κολάσεις.
380 3362 580 3438 Ζωοποιήσας
597 3353 631 3428 δέ
646 3363 776 3452 Χριστός
790 3359 910 3438 πάντας
926 3365 956 3425 ἐν
1011 3361 1043 3426 in
1063 3361 1161 3444 seipso
1182 3361 1254 3427 vitae
1274 3362 1413 3444 restituit,
1436 3381 1486 3428 rex
1507 3362 1632 3429 efficitur
1652 3364 1760 3431 viriti-

212 3476 297 3554 αὐτῷ
305 3469 377 3547 τοὺς
387 3470 421 3537 ἐν
430 3462 587 3560 τῷἈδάμ
596 3468 860 3548 ἀποθνήσκοντας,
871 3472 959 3554 βασι·
1011 3479 1154 3534 catorum.
1167 3503 1208 3516 -
1221 3468 1428 3535 Existimomus
1441 3469 1543 3553 itaque
1556 3469 1694 3554 psalmos,
1709 3475 1760 3557 qni

210 3577 295 3644 λεύει
305 3588 368 3644 τῶν
383 3563 646 3658 ζωοποιηθέντων,
656 3617 700 3627 -
710 3573 883 3669 Νομῖζομεν
896 3579 959 3642 τοί-
1013 3575 1049 3640 lo
1062 3576 1148 3659 finem
1163 3575 1373 3656 inserinuntur,
1387 3594 1507 3642 sensum
1522 3579 1678 3662 quemdam
1694 3579 1760 3646 finis

210 3709 261 3750 νυν
275 3685 346 3762 τοὺς
362 3689 412 3762 Εἰς
428 3686 466 3752 τδ
482 3687 571 3762 τέλος
584 3685 867 3779 ἐπιγεγραμμένους
880 3683 959 3774 ψαλ·
1012 3704 1074 3769 prae
1094 3703 1126 3751 se
1147 3686 1231 3765 ferre,
1246 3694 1275 3753 et
1288 3683 1377 3750 finem
1390 3687 1428 3752 ud
1443 3685 1524 3752 illum
1540 3705 1591 3753 eos
1611 3688 1661 3772 qui
1683 3688 1761 3755 hanc

211 3793 295 3883 μοὺς,
311 3805 366 3859 τοῦ
386 3793 495 3871 τέλους
518 3793 590 3860 τινά
613 3795 791 3887 ἐπιγράφειν
807 3804 886 3873 νοῦν,
902 3794 956 3858 καὶ
1012 3795 1189 3878 scripturam
1219 3795 1407 3877 intelligunt,
1435 3795 1589 3862 eohorturi.
1611 3833 1652 3846 -
1672 3797 1760 3864 Omni

210 3901 256 3967 ἐπ’
271 3905 368 3967 έκεῖνο
380 3901 452 3978 τοὺς
465 3900 622 3979 συνιέντας
634 3903 676 3968 τά
688 3903 846 3994 λεγόμενα
858 3926 957 3992 παρα·
1010 3911 1109 3969 nutem
1129 3912 1279 3969 certemen
1300 3905 1447 3970 exeroeuti
1469 3904 1539 3969 finis
1556 3914 1601 3971 est
1621 3906 1757 3974 uictoria.

209 4013 326 4073 καλεῖν.
344 4045 388 4060 -
404 4007 505 4073 Παντὶ
522 3999 555 4073 δὲ
572 4003 788 4099 ἀγωνιζομένῳ
804 4009 956 4100 τυγχάνει
1010 4009 1113 4076 nune
1134 4028 1219 4093 porro
1241 4019 1310 4092 snut
1330 4010 1502 4093 singulatim
1523 4021 1653 4095 ooeeptae
1667 4012 1760 4078 vieto·

245 4197 292 4254 Ρε.
310 4197 363 4253 IV·
383 4197 503 4269 Arpum.
523 4196 580 4251 vot
600 4193 642 4249 13.
662 4195 803 4263 Quamvis,
817 4198 847 4250 ut
862 4194 955 4268 palam
1012 4201 1043 4250 ‘0
1062 4198 1160 4259 Παῢλὸς
1180 4217 1249 4268 φησι·
1266 4197 1321 4250 ὅσον
1340 4199 1366 4249 δέ
1384 4197 1463 4271 λέγειν
1477 4199 1499 4251 ἐν
1513 4200 1548 4268 τῷ
1562 4199 1617 4268 ἰδίῳ
1637 4203 1758 4273 τάγματι,

208 4288 242 4341 snt
260 4303 275 4341 o
294 4285 409 4357 regione
421 4283 520 4355 letina,
535 4300 628 4356 graeos
640 4284 728 4338 serios
741 4284 845 4353 saepius
864 4283 955 4338 inter·
1010 4290 1080 4339 δοκεῖ
1096 4285 1131 4357 μή
1154 4286 1186 4351 [ἓν
1206 4285 1272 4345 εελος
1292 4287 1465 4358 ῦπογραφῆναι
1478 4289 1616 4353 ἀπάντων].
1630 4287 1670 4341 Ae
1683 4294 1760 4342 verte

209 4379 294 4445 rupte
312 4375 358 4442 sit,
377 4373 508 4427 continuo
525 4375 615 4426 temen
634 4371 708 4425 amni
727 4387 817 4443 neque
836 4369 955 4442 ignobili
1010 4376 1070 4430 fere
1089 4379 1119 4430 nt
1136 4391 1222 4446 snprs
1241 4391 1301 4429 nos.
1314 4376 1433 4429 -Tum
1453 4375 1528 4428 inira
1545 4377 1575 4429 in
1594 4375 1690 4428 eedem
1709 4392 1759 4429 eo·

209 4463 295 4520 fluere
314 4463 433 4529 videtur,
452 4477 484 4515 ee
502 4462 528 4516 si
547 4465 580 4518 in
596 4462 683 4534 finem
697 4459 955 4515 christianemente
1009 4464 1118 4519 lomna:
1140 4467 1174 4516 Τά
1194 4466 1219 4515 oi
1237 4465 1261 4516 tn
1281 4463 1387 4534 ψαλμοῖς
1407 4469 1476 4534 παρὰ
1490 4468 1540 4525 τοῖς
1553 4463 1585 4516 0'
1601 4468 1643 4516 ost
1662 4461 1759 4534 Ἀκήλφι

210 4556 312 4609 iterum
330 4569 489 4623 excurrens,
503 4551 640 4622 Origenes
653 4551 776 4606 notuerit
787 4567 821 4605 es
837 4567 900 4622 quae
913 4552 955 4605 De
1009 4553 1143 4625 ιίρημένον,
1157 4552 1305 4625 σαφέστερον
1320 4553 1482 4637 ἀ.Σάμμαχος
1495 4559 1542 4606 Διά
1555 4554 1689 4624 ψαλτήριον
1709 4552 1759 4616 ἀξί-

208 4646 266 4714 fine
272 4643 463 4714 philosophico
473 4641 556 4695 habet
565 4643 592 4694 in
603 4638 818 4711 prolegomenis,
829 4638 955 4695 evolvere
1009 4645 1080 4710 δωκι,
1100 4643 1276 4707 διδασκό[ντων
1287 4644 1355 4714 ἐμᾶς
1369 4645 1418 4695 τῶν
1431 4645 1513 4713 τριῶν]
1529 4643 1573 4699 τήν
1593 4644 1658 4714 ᾠδήν
1678 4645 1760 4715 εἰρήσ-

210 4735 239 4784 st
248 4731 392 4802 perficere.
404 4729 448 4786 Cf.
459 4745 545 4801 supra
554 4747 582 4800 p.
597 4724 660 4781 437.
671 4727 819 4796 Eusebius,
829 4727 866 4822 λψ
873 4743 954 4799 quem
1008 4736 1048 4785 θαι
1068 4736 1121 4796 [sni
1140 4732 1282 4803 μιλῴδπμα
1300 4735 1350 4798 διὰ]
1372 4736 1404 4785 τὰ
1424 4731 1555 4803 ψαλτήρια,
1574 4733 1694 4798 Πλιί[ονα
1708 4737 1759 4804 γὰρ

208 4819 298 4876 multe
315 4820 516 4891 migraverunt,
535 4835 553 4872 ιι
570 4818 663 4890 eapite
680 4817 747 4872 adeo
766 4815 882 4873 mutilus
901 4817 956 4871 ἰω-
1009 4821 1136 4887 ζητητέον]
1158 4827 1191 4874 τά
1209 4823 1301 4894 ὄργανα
1320 4824 1407 4892 ptores
1425 4824 1453 4875 τὸ
1473 4823 1514 4882 Εἰς
1533 4822 1609 4883 τέλος.
1629 4823 1759 4878 Nostrum

208 4908 314 4982 dusqne
324 4917 376 4980 est,
387 4907 431 4962 vel
440 4910 470 4962 in
482 4907 626 4963 horridulo
639 4903 789 4974 latinitate,
800 4911 831 4961 ut
843 4906 954 4980 piaculo
1011 4913 1100 4983 igitur
1113 4910 1198 4965 telem
1211 4913 1239 4965 in
1251 4911 1303 4965 hoo
1317 4915 1492 4982 argumento,
1507 4911 1581 4966 sieut
1593 4912 1622 4965 in
1635 4928 1715 4967 versu
1729 4911 1756 4978 4,

208 5001 311 5055 sitnon
325 4999 451 5072 quaedem
463 4996 554 5069 ligare
566 4996 691 5053 vulnera.
707 4995 781 5069 Lege
795 5014 874 5069 ergo,
889 5013 953 5052 enm
1009 5001 1131 5054 retexuit
1149 5000 1296 5069 Eusebius,
1317 5000 1365 5054 sed
1383 5000 1446 5054 rudi
1464 5017 1526 5068 suo,
1539 5003 1570 5054 ut
1583 4997 1666 5067 solet,
1686 5005 1758 5054 strn-

206 5088 268 5143 eod.
288 5090 353 5146 Vst.
373 5086 497 5160 impletis
516 5085 750 5158 ΙεουιιίειὯσπερ
763 5090 845 5148 πάσης
865 5085 953 5155 τέχναις
1009 5089 1084 5143 mine
1102 5089 1307 5161 interpolatam.
1327 5092 1392 5155 Qnae
1406 5089 1493 5144 semei
1506 5091 1581 5144 diets
1600 5091 1701 5159 insius,
1722 5107 1756 5143 ne

204 5183 247 5231 καὶ
267 5179 487 5247 incommonitos
500 5179 564 5231 ἐστιν
580 5177 629 5250 [ἀφ’
648 5180 660 5232 δ
673 5178 770 5232 οπιύδιι
784 5179 795 5231 t
808 5177 897 5247 τέχνην
910 5183 953 5231 καὶ
1010 5178 1084 5235 ultre
1094 5187 1288 5253 roooqnantnr.
1301 5211 1334 5222 -
1344 5180 1383 5238 ot.
1394 5199 1403 5238 r
1415 5181 1478 5236 Cor.
1488 5196 1536 5249 nv,
1545 5178 1590 5240 22.
1602 5179 1682 5236 Rom.
1694 5195 1754 5248 vrrr,

206 5271 355 5343 ἐπιστήμην]
369 5271 718 5344 κατανοῆσαιμιτιρχόμινος,
731 5285 764 5326 ao
777 5267 952 5343 paulopost:
1008 5266 1053 5327 37.
1073 5284 1094 5324 u
1112 5271 1185 5328 Tum·
1205 5287 1244 5342 tv,
1262 5272 1291 5343 7,
1310 5272 1339 5329 Β.
