4064 6108
843 457 1108 524 INTENICAENIS
1691 464 1746 528 aot

202 611 300 696 loquia
321 611 410 678 etlam
433 628 499 675 cum
515 610 593 676 Jullo
613 609 778 694 patriarcha
799 609 967 676 iudaeorum
980 619 1011 676 et
1025 629 1091 675 cunr
1105 610 1218 677 cereris
1233 611 1401 694 Synagogae
1414 610 1598 695 sapientibus
1614 611 1656 690 ¹);
1680 613 1749 679 iude
1800 709 1804 716 ⁸

200 739 267 788 acre
288 730 436 787 certamen
457 739 523 786 cum
544 719 642 786 littera
663 736 741 786 crece
761 729 919 804 etsspera,
934 717 1013 802 quod
1033 716 1118 784 iacilo
1137 716 1349 802 digladIautem
1369 717 1401 782 in
1419 717 1596 801 multiplices
1616 720 1750 803 scopulos

199 829 304 896 allisit.
335 879 338 884 -

906 1021 1039 1119 VIII.

241 1257 279 1323 Et
300 1260 452 1324 certamini
473 1278 546 1326 sane
567 1279 687 1327 necesse
707 1266 773 1324 erat
791 1256 893 1322 adesse
914 1264 943 1319 et
965 1271 1091 1337 praeesse
1111 1253 1317 1336 agonothetas,
1341 1264 1495 1321 veteranos
1513 1256 1660 1339 juniorum
1681 1255 1748 1320 bra-

201 1365 267 1432 chia
288 1376 319 1432 et
339 1385 425 1433 arcus
446 1367 592 1450 dingere,
613 1367 744 1434 seniores
764 1365 795 1430 in
814 1365 926 1448 judiees
948 1363 1044 1446 campi
1065 1373 1096 1428 et
1122 1363 1245 1427 arbitros
1266 1363 1384 1442 sedere,
1406 1364 1484 1446 quod
1510 1363 1609 1430 minus
1628 1364 1748 1430 videtur

203 1473 384 1540 intellexisse
404 1476 560 1556 Origenes,
576 1475 602 1539 si
615 1472 798 1540 Demetrium
813 1471 966 1549 laceravit,
979 1471 1003 1534 si
1019 1469 1292 1562 ilippolptumcum
1307 1469 1420 1552 invidia
1436 1469 1521 1552 legit,
1538 1471 1561 1534 si
1575 1471 1746 1538 Illelitonem

202 1581 315 1664 spreuit
327 1581 366 1663 ²),
382 1601 469 1665 quem
483 1593 562 1650 certe
576 1579 658 1666 legit,
674 1582 758 1665 cuius
773 1579 889 1644 Olorem
904 1579 1007 1657 tenuit,
1024 1577 1071 1643 cui
1091 1577 1144 1643 soli
1166 1578 1203 1643 ab
1219 1578 1302 1644 initio
1314 1579 1513 1645 commentarii
1528 1579 1559 1644 in
1577 1579 1704 1662 psalmos
1717 1585 1748 1644 et

202 1688 342 1769 Genesin,
364 1708 431 1757 eum
452 1692 569 1756 nomine
590 1689 775 1774 appellando,
795 1687 977 1766 locumJecit
990 1686 1028 1766 ³).

243 1798 372 1865 Omnino
394 1807 571 1865 tamennon
592 1798 685 1864 detuit
704 1797 846 1876 Origenes
865 1793 998 1878 religioni
1019 1812 1090 1877 crgo
1105 1803 1220 1878 patres,
1242 1802 1344 1878 utpote
1363 1793 1413 1878 qui
1434 1793 1514 1860 solus
1542 1794 1628 1858 nobis
1655 1793 1747 1859 mini-

200 1903 308 1967 strarit
327 1921 395 1986 quae
415 1904 490 1968 inira
511 1903 650 1986 colligere
667 1903 746 1987 juvit
766 1901 820 1966 sub
841 1905 897 1966 bac
925 1901 1104 1985 epigraphe:
1131 1901 1264 1965 Senatores
1284 1901 1486 1966 tornedriso.
1508 1901 1551 1968 Ita
1574 1911 1686 1967 tantum
1708 1919 1743 1966 cr

199 2007 319 2073 scholiis
334 2009 364 2075 iu
379 2010 509 2094 psalmos
524 2011 694 2092 selegimus,
709 2026 800 2093 quum
814 2009 907 2074 multo
921 2008 1037 2074 uberior
1051 2009 1155 2075 messis
1166 2009 1230 2090 erit,
1244 2008 1269 2072 si
1281 2009 1348 2093 quis
1362 2019 1468 2075 cerere
1482 2015 1742 2093 operareoenseat.

199 2115 258 2179 Sed
279 2116 396 2200 placent
417 2117 480 2182 haec
500 2135 606 2201 pauca,
622 2118 731 2202 quibus
743 2136 779 2183 cx
794 2117 893 2202 aliqua
907 2116 1032 2182 scintilla
1048 2116 1181 2198 splendet
1195 2116 1242 2181 on
1258 2116 1306 2180 illa
1320 2133 1388 2199 qua
1408 2115 1445 2182 de
1464 2134 1553 2180 mano
1574 2115 1604 2182 in
1626 2133 1744 2180 manum

199 2223 355 2288 transtila
378 2225 408 2289 S.
431 2225 531 2292 Illarco
554 2226 592 2292 ad
606 2225 778 2290 Panaenum
794 2234 823 2292 et
836 2225 1017 2291 Clementem
1029 2227 1073 2302 ⁴):
1095 2222 1211 2288 utinam
1225 2222 1275 2287 lux
1289 2223 1380 2305 major
1393 2221 1534 2304 affulgeat
1553 2221 1621 2286 inde
1641 2221 1680 2284 ab
1701 2219 1746 2285 in-

198 2332 351 2398 cunabulis
372 2335 592 2426 Κατηχήσεων
616 2351 708 2419 usque
729 2333 767 2400 ad
795 2333 951 2418 splendida
977 2330 1131 2416 Gymnasii
1160 2329 1287 2395 lumina!
1311 2331 1394 2395 Tunc
1412 2330 1508 2410 enlm,
1530 2329 1595 2400 sine
1616 2327 1745 2411 periculo

197 2439 354 2522 ariolandi,
377 2450 494 2526 pateret
514 2440 617 2508 horum
638 2448 774 2507 veterum
795 2440 950 2506 methodus
970 2441 1003 2505 in
1024 2437 1218 2523 explanandis
1232 2437 1400 2521 scripturis,
1416 2455 1494 2520 quae,
1511 2446 1654 2521 quantum
1674 2454 1743 2501 con·

193 2544 304 2628 jectare
324 2547 402 2629 licet,
426 2549 543 2615 ridetur
563 2550 652 2616 Iuleae
672 2549 785 2627 brevis,
806 2567 919 2633 pressa,
942 2557 1039 2630 acum,
1063 2565 1115 2630 per
1135 2545 1298 2634 ephpmnia
1310 2555 1341 2613 et
1359 2545 1542 2630 aphorismos
1561 2546 1659 2628 potius
1681 2546 1741 2630 eja·

199 2652 308 2733 calata,
331 2670 419 2738 quam
440 2655 596 2722 enunciata
618 2656 650 2721 iu
670 2654 790 2739 prolixis
804 2663 836 2721 et
849 2655 1008 2722 elaboratis
1022 2653 1238 2721 commentariis
1252 2653 1288 2736 ὅ).
1305 2653 1413 2718 Βοοωι
1427 2652 1519 2733 enim,
1538 2650 1618 2717 haud
1630 2669 1744 2736 semper

197 2779 234 2826 er
255 2762 361 2845 otiolo,
384 2781 480 2848 neque
502 2782 538 2830 ex
558 2764 694 2830 eubiculo
714 2764 853 2848 prodibat
860 2782 869 2845 ;
892 2764 944 2830 sed
958 2764 1105 2830 interdum
1118 2772 1224 2848 sponte
1244 2763 1430 2846 assurgebat,
1446 2762 1495 2827 rel
1517 2760 1591 2827 inter
1610 2759 1742 2844 plebeios

198 2868 298 2936 tideles
318 2879 350 2937 et
367 2871 498 2954 juniores
523 2871 629 2957 [qualis
650 2872 775 2954 primum
790 2873 843 2938 tuit
856 2872 1021 2954 Origenes),
1034 2880 1066 2938 st
1078 2871 1164 2956 quasi
1178 2879 1253 2935 astu
1268 2869 1410 2937 hieratico
1431 2867 1573 2952 parcitus,
1589 2885 1641 2950 per
1661 2867 1744 2950 plau·

197 2993 262 3040 sum
284 2975 386 3043 lectori
408 2977 592 3059 succinebat,
609 2977 658 3042 illa
673 2977 793 3044 mittens
806 2977 976 3062 epbpmnis,
992 2996 1060 3062 quar
1072 2979 1192 3044 tortasse
1205 2984 1412 3044 remanserunt
1425 2975 1456 3041 iu
1469 2973 1591 3042 conteis
1604 2973 1745 3040 Ecclesiae

196 3083 367 3166 Orientalis,
390 3094 420 3150 et
440 3084 538 3150 adhue
558 3084 790 3168 frequentantur.

237 3192 339 3259 Meum
361 3203 408 3260 est
428 3194 548 3273 addere,
569 3195 621 3260 rix
642 3213 700 3260 uon
721 3196 785 3278 ejus
806 3195 922 3278 generis
947 3213 1011 3261 esse
1031 3195 1207 3260 brevissima
1228 3194 1364 3277 Origenis
1386 3193 1508 3275 scholia,
1531 3209 1598 3276 quae
1617 3189 1743 3275 primurn

198 3297 261 3380 ipsa
281 3299 442 3381 exiguitate
461 3319 514 3366 sua
535 3301 632 3385 potius
653 3302 771 3368 fastidio
792 3319 879 3386 quam
900 3303 1084 3369 meditationi
1106 3321 1171 3370 esse
1191 3313 1314 3387 queunt.
1337 3303 1431 3384 Quasi
1452 3302 1596 3386 igniculos
1616 3301 1740 3378 alacres,

197 3424 232 3470 ae
252 3407 345 3473 relidi
365 3407 459 3492 prima
481 3407 659 3475 lincamenta
679 3410 850 3495 interpretis
870 3411 999 3477 nondum
1020 3410 1111 3477 adulti
1134 3427 1169 3476 ea
1190 3410 1317 3494 primum
1337 3409 1438 3491 hebui,
1461 3408 1590 3474 maxime
1609 3406 1647 3474 ob
1668 3407 1744 3472 Phi-

197 3513 317 3579 louiana
337 3514 445 3600 quibus
465 3525 590 3583 scatent.
614 3516 672 3583 Sed
692 3536 750 3600 quo
771 3535 806 3582 ea
827 3518 1011 3586 considerari
1032 3520 1190 3598 attentius,
1211 3523 1308 3584 minus
1328 3518 1523 3600 displicuere:
1545 3526 1579 3582 ut
1599 3516 1690 3582 etiam
1712 3515 1742 3580 in

198 3621 352 3686 consilium
371 3623 516 3705 venerim,
540 3640 575 3689 ea
596 3625 753 3712 seperatim
767 3625 872 3706 edere;
889 3645 923 3691 ac
942 3626 993 3692 vir
1013 3644 1073 3692 nou
1091 3643 1137 3690 me
1150 3626 1232 3710 piget
1245 3625 1349 3691 saltem
1364 3643 1424 3690 non
1443 3623 1562 3690 dedisse
1581 3643 1618 3690 er
1639 3623 1746 3689 ordine

198 3730 295 3796 omnia
311 3749 430 3797 numero
444 3741 561 3798 centum
576 3751 611 3798 ae
625 3752 678 3799 sex
692 3751 780 3816 supra
794 3735 992 3818 septuaginta,
1007 3753 1073 3818 quae
1087 3735 1234 3820 psalmum
1248 3731 1365 3802 CXVIII
1378 3733 1572 3815 distinguunt.
1588 3732 1646 3799 Sed
1659 3731 1743 3799 tImui

196 3857 233 3903 ue
256 3838 309 3906 lux
329 3839 445 3906 deesset
464 3841 502 3906 ad
523 3841 699 3909 secernenda
721 3841 771 3906 illa
792 3841 932 3908 scholiola
953 3859 989 3908 cr
1009 3842 1238 3921 commentariis,
1251 3842 1283 3906 in
1297 3860 1381 3926 quos,
1399 3850 1518 3907 auctore
1533 3841 1655 3906 sortasse
1674 3839 1745 3904 Ori-

196 3963 282 4028 gene,
305 3948 417 4030 passim
437 3947 549 4014 inserta
570 3958 650 4014 sunt.
673 3949 791 4016 iudicet
811 3949 913 4034 lector,
936 3970 1007 4018 aure
1027 3962 1057 4017 et
1077 3951 1172 4034 digito
1193 3949 1327 4030 callidus,
1350 3967 1388 4014 an
1409 3946 1457 4011 bic
1476 3949 1586 4014 lateant
1606 3963 1674 4030 qum
1694 3955 1746 4012 ut-

195 4071 320 4152 rumque
341 4055 478 4138 dixerim,
500 4067 635 4124 veterum
657 4059 850 4141 interpretum
870 4058 1042 4143 ephymnia.

857 4269 1012 4424 ιιι.

238 4575 347 4638 Horum
370 4575 516 4640 seniorum
536 4575 594 4641 duo
615 4584 730 4641 tuntum
751 4577 870 4641 nomina
892 4575 929 4641 od
950 4595 1006 4641 nos
1027 4584 1236 4660 pervenerunt,
1258 4576 1389 4642 Pautaeni
1412 4586 1441 4642 et
1461 4575 1633 4642 Clementis.

237 4677 371 4745 Pantaeui
384 4679 526 4746 hactenns
538 4701 575 4747 ne
586 4682 742 4749 verbulum
753 4682 872 4767 quidem
882 4693 1045 4768 aucupatus
1058 4703 1135 4766 sum,
1148 4702 1183 4749 ac
1196 4703 1267 4752 rere
1280 4685 1450 4765 dolendum,
1465 4704 1554 4769 quum
1564 4685 1743 4769 hieronymo

196 4793 226 4850 et
237 4785 343 4851 Rufino
354 4786 558 4868 referentibus,
573 4811 587 4850 o
600 4788 684 4854 multi
697 4790 760 4872 ejus
774 4789 806 4855 in
820 4799 952 4856 sanctam
966 4790 1145 4875 Scripturam
1158 4801 1306 4858 exstarent
1320 4790 1533 4872 commentarii,
1546 4789 1638 4855 multa
1648 4788 1744 4854 libro-

231 5020 254 5091 ¹)
268 5021 376 5077 Patrol.
396 5037 448 5088 uu,
467 5021 522 5076 eol.
546 5020 753 5093 1055.-2)1n
772 5025 840 5081 Oen.
860 5040 881 5093 1,
894 5024 940 5082 26.
997 5027 1026 5082 in
1045 5025 1096 5080 hoc
1116 5024 1176 5080 loco
1195 5025 1301 5097 aliquid
1322 5023 1492 5078 verecundiae
1506 5022 1687 5077 desideratur.
1708 5051 1742 5062 --

191 5107 261 5163 Ihid.
272 5108 327 5165 ool.
337 5108 383 5166 93.
397 5111 435 5166 cf.
450 5111 548 5180 Spicil.
570 5112 685 5169 Solcsm.
699 5129 730 5181 rr,
750 5131 778 5183 p.
795 5129 891 5168 xxxiv.
906 5147 941 5158 -
996 5115 1023 5191 ⁴)
1045 5115 1159 5170 Hieron.
1180 5116 1214 5170 dc
1234 5117 1334 5184 Seript.
1354 5113 1400 5168 46.
1413 5143 1449 5154 -
1462 5112 1486 5175 5)
1500 5111 1635 5184 Exempla
1652 5111 1676 5162 id
1689 5127 1741 5184 *gs-

192 5197 215 5260 ³)
237 5200 265 5252 In
285 5217 327 5272 ps.
341 5217 380 5268 ru,
401 5221 427 5257 v.
452 5200 476 5258 l.
498 5203 576 5257 Patr.
598 5219 644 5273 xri,
663 5202 718 5257 eol.
741 5201 818 5259 1126.
838 5205 939 5260 Iterum
996 5223 1048 5259 nus
1066 5205 1119 5259 duo
1138 5203 1182 5259 vel
1202 5208 1257 5258 tria
1275 5220 1339 5258 mox
1358 5206 1519 5258 recitantur.
