4038 6088
868 486 1004 552 sebert
1027 485 1209 553 accusati

1013 675 1059 747 ΙΙ.

492 794 573 879 ouo
587 817 827 878 senonachio
840 816 991 877 ιιιιιιιιο
1007 816 1159 878 susurru
1175 817 1227 891 ιι...
1243 819 1294 877 en
1308 819 1580 895 susorrrnuou

442 929 492 989 ET
513 929 559 988 IN
578 928 658 988 XPO
680 923 929 1003 deri[a]ciissimo,
945 943 1048 1002 popae
1068 927 1216 988 Eucherio
1237 928 1370 1001 erumpo
1390 929 1532 990 Hilarius
1552 947 1632 1004 epus.

302 1059 376 1123 Cum
391 1073 439 1123 me
460 1055 577 1122 libellos
599 1065 665 1120 tuos
685 1073 799 1121 mecum
819 1054 978 1120 relaturum
999 1052 1234 1138 precedentibus
1255 1052 1361 1119 litteris
1382 1053 1567 1138 indicassem,
1592 1057 1768 1124 instantiam
1783 1072 1813 1125 et

263 1165 445 1231 exactionem
460 1163 543 1247 pueri
557 1181 644 1246 quem
658 1162 794 1242 miseras,
818 1161 930 1226 lentare
951 1160 1119 1225 nullatenus
1140 1160 1220 1242 potui
1236 1163 1271 1237 ¹).
1294 1159 1391 1225 Emisi
1402 1161 1502 1246 itaque
1516 1161 1671 1229 llorulenta
1686 1165 1813 1232 beatitu-

262 1271 342 1336 dinis
364 1279 432 1336 tuae
452 1287 553 1353 opera,
577 1287 760 1350 nonnarum
782 1270 898 1351 anxius,
924 1270 982 1349 [ne]
1007 1266 1132 1332 necdum
1147 1270 1172 1346 8)
1193 1265 1353 1350 descripta,
1375 1276 1434 1333 tam
1453 1269 1576 1352 iugiter,
1599 1280 1659 1336 um
1680 1273 1815 1354 graviter

264 1378 418 1444 ruentibus
432 1378 584 1455 imbribus,
600 1375 860 1442 labefactarentur.
887 1374 1030 1455 [Percurri
1046 1392 1080 1439 ea
1094 1373 1184 1438 semel
1201 1383 1327 1454 uotum,
1343 1375 1485 1442 uniuersa
1499 1378 1649 1462 miratus].
1667 1380 1815 1446 Concedat

262 1472 337 1566 bis,
359 1496 393 1551 ut
412 1487 546 1569 speciosa
567 1483 631 1547 baec
652 1483 683 1548 iu
703 1482 780 1549 XPO
791 1485 819 1560 ⁴)
841 1481 1067 1546 instructionum
1087 1488 1254 1546 nostrarum
1269 1479 1446 1563 gloriatus
1466 1500 1566 1567 opera,
1591 1492 1621 1550 te
1640 1485 1672 1550 iu
1693 1485 1812 1569 paginis

265 1592 325 1658 tuis
345 1592 432 1672 dure,
454 1591 615 1675 aliquando
629 1591 651 1673 ὅ)
676 1608 875 1673 percenseam.
905 1590 969 1654 Eoc
992 1609 1083 1654 unum
1113 1608 1214 1673 precor
1227 1591 1267 1674 θ),
1297 1609 1337 1656 ne
1364 1609 1413 1658 me
1433 1592 1484 1657 diu
1505 1592 1552 1657 bis
1573 1593 1815 1661 instructionibus

268 1699 397 1765 iraudari
420 1701 507 1781 laras,
531 1698 585 1764 sed
605 1717 695 1763 unum
716 1716 763 1763 me
784 1698 821 1762 dc
839 1697 1002 1781 juvenibus
1027 1697 1096 1779 tuis,
1118 1715 1242 1780 quorum
1264 1697 1328 1762 bae
1348 1699 1508 1764 eruditioni
1530 1700 1673 1766 ordinasti
1694 1705 1733 1780 τ),
1756 1701 1815 1765 ha-

265 1807 348 1886 beus,
371 1807 426 1871 boc
452 1806 611 1871 instantius
631 1805 740 1869 babere
760 1822 808 1869 me
828 1801 892 1867 broc
907 1807 931 1883 ⁸)
953 1802 1042 1881 nelis,
1065 1821 1122 1886 quo
1143 1821 1189 1868 mc
1210 1805 1307 1886 magis
1320 1806 1378 1870 avi
1395 1809 1506 1873 senium
1528 1809 1560 1888 [l.
1583 1809 1612 1889 b]
1639 1812 1746 1894 [qnam]
1766 1811 1814 1893 ju·

264 1923 364 1978 rents
386 1913 524 1996 inperitia
546 1912 653 1995 premit
666 1913 702 1992 ⁹).
725 1909 885 1976 Memorem
909 1919 937 1976 te
957 1909 1016 1975 mei
1030 1909 1105 1976 DNS
1119 1909 1181 1992 o[d]
1205 1911 1367 1995 proiectum
1387 1915 1526 1982 Ecclesia
1546 1933 1609 1982 sua
1629 1917 1681 1982 diu
1702 1926 1811 1996 servet,

265 2021 435 2087 beatissime
456 2039 543 2104 popa.

300 2156 333 2212 ll.
355 2155 455 2212 Hilarii
468 2154 588 2229 epistola
597 2159 681 2228 juxta
693 2154 775 2208 Edem
789 2152 914 2226 ejusdcm
931 2153 1010 2210 cotii-
1066 2153 1211 2210 Salonium
1229 2173 1314 2211 unum
1328 2159 1472 2214 nominent
1489 2160 1585 2214 excusi
1598 2160 1814 2216 Instructionum

265 2247 307 2302 cis
319 2247 493 2314 rescribitur,
504 2244 608 2301 collata
620 2245 741 2299 editione
754 2242 909 2311 Quosnelli,
928 2255 1012 2314 qnam
1068 2242 1207 2297 codices.»
1227 2244 1318 2300 Sileni
1335 2247 1419 2301 etiam
1438 2247 1499 2304 edd.
1515 2247 1579 2303 libri
1600 2249 1634 2304 de
1658 2250 1772 2304 Verona
1785 2251 1815 2303 in

265 2333 369 2402 partim
388 2330 524 2385 Ballerini
549 2329 732 2383 emendarunt
754 2343 790 2381 ex
813 2327 909 2381 eadem
925 2344 1013 2381 mem·
1068 2330 1187 2403 prologo
1198 2334 1416 2404 Formulurum,
1430 2352 1499 2407 quas
1511 2336 1554 2390 illi
1567 2337 1645 2392 datae
1662 2337 1751 2392 fuisse
1769 2355 1815 2393 co·

265 2420 352 2474 brana
370 2418 467 2473 saeculi
480 2434 519 2474 vr.
534 2419 599 2472 lnde
617 2434 634 2471 a
651 2417 764 2488 punctis
779 2416 904 2488 ejusdem
919 2432 1013 2471 cumu-
1068 2419 1120 2473 dex
1134 2426 1228 2474 noster
1240 2424 1347 2492 primus
1365 2425 1484 2481 edocuit.
1497 2455 1530 2466 -
1546 2423 1572 2498 ὅ)
1588 2427 1813 2497 Alr'qaaquando

266 2506 332 2563 latis
351 2507 515 2575 recedimus,
534 2524 569 2562 ne
588 2505 709 2578 epistola
727 2507 796 2560 satis
812 2506 943 2560 intricata
961 2507 1014 2561 ob·
1068 2509 1130 2563 cod·
1142 2509 1318 2566 Percennium
1327 2511 1470 2577 Quesnell.
1482 2542 1515 2555 -
1531 2514 1814 2584 semicrudus

267 2596 377 2651 scurior
395 2596 486 2650 heret.
1069 2597 1144 2652 inira
1159 2605 1283 2670 praemit
1295 2607 1323 2655 et
1339 2603 1515 2659 beatissimae
1533 2620 1568 2658 ex
1586 2608 1718 2659 continua
1737 2605 1815 2677 diph-

307 2685 328 2745 1)
348 2678 515 2753 Majusculae
534 2682 564 2735 in
577 2680 638 2737 cod.
652 2681 840 2735 rubricantur.
860 2678 1015 2751 indiligens
1068 2688 1167 2758 thongi
1178 2691 1483 2748 consuetudine-iris
1493 2697 1720 2752 institutionibus
1730 2696 1816 2760 Ques-

267 2767 364 2842 opilex
375 2771 548 2824 rubricarum
561 2769 671 2823 ridetur
682 2784 717 2824 ex
726 2767 788 2823 loco
798 2785 884 2823 racuo
894 2772 923 2821 et
934 2785 1014 2823 eraso
1069 2774 1137 2832 nell.
1150 2807 1184 2817 -
1199 2777 1222 2848 i)
1236 2783 1346 2834 ornasti
1356 2779 1393 2834 id.
1406 2809 1441 2821 -
1456 2789 1478 2844 8)
1492 2784 1558 2836 baec
1569 2799 1624 2838 om.
1639 2783 1677 2836 id.
1693 2783 1714 2839 i.
1728 2788 1813 2838 recte,

266 2855 310 2908 bis
332 2857 481 2925 scripsisse
506 2855 695 2927 suscipiendo·
715 2884 751 2896 —
769 2860 870 2911 meritc
888 2867 1016 2925 suscepto
1068 2891 1103 2902 -
1118 2869 1140 2926 ο)
1160 2865 1249 2919 Totus
1268 2867 1293 2918 is
1312 2865 1392 2924 loeus
1410 2871 1439 2922 in
1458 2870 1519 2925 cod.
1538 2877 1566 2926 et
1585 2872 1614 2925 in
1632 2872 1693 2926 edd.
1714 2871 1815 2944 depra-

265 2943 360 3015 inepte
379 2944 545 3009 Quesnellue
564 2951 592 3000 et
610 2944 715 2998 Butler.
730 2944 798 2998 Dein
811 2945 872 2998 cod·
886 2944 1015 2999 diviciis·
1069 2956 1160 3006 vatur·
1171 2951 1307 3008 Baliariui
1317 2972 1380 3009 cum
1391 2956 1539 3020 Quesuello
1549 2959 1737 3014 retinuerunt:
1755 2961 1815 3021 Quo

267 3037 349 3088 simo.
362 3063 398 3076 -
413 3039 436 3100 Ω)
456 3031 581 3092 iastaat'e
599 3039 744 3090 erectiores
758 3038 846 3105 paeri
858 3051 942 3105 quem
960 3038 1016 3089 mi·
1068 3057 1112 3096 ms
1131 3047 1221 3114 mayis
1233 3045 1397 3114 juventutis
1415 3052 1489 3103 retia
1503 3060 1648 3118 mearant,
1668 3051 1735 3120 quin
1755 3050 1815 3104 haec

267 3139 356 3193 seras
377 3125 502 3180 lectitare
520 3126 687 3180 autumus
700 3129 782 3195 potui
800 3121 944 3189 Quesncll.
957 3123 1015 3178 Re-
1067 3131 1141 3186 retia
1159 3133 1218 3186 ullo
1237 3135 1321 3188 verbo
1341 3137 1550 3191 extricaverint.
1564 3137 1657 3192 Codex
1669 3139 1817 3210 apertissi-

269 3218 335 3268 misi
352 3221 514 3286 proponunt
532 3215 604 3271 Enll.
625 3223 654 3270 et
671 3215 792 3270 Salinas·
805 3244 839 3254 -
855 3219 877 3278 ³)
897 3230 934 3268 Μ
952 3213 1014 3268 cod.
1068 3235 1129 3290 me,
1149 3222 1246 3276 sedin
1266 3225 1389 3279 transitu
1412 3240 1430 3277 a
1452 3225 1473 3279 i.
1494 3225 1510 3276 4
1532 3225 1566 3279 ad
1583 3226 1617 3294 5,
1638 3226 1708 3280 unde
1733 3224 1816 3279 facile

268 3319 323 3356 om.
338 3332 372 3344 -
385 3305 527 3360 describta
539 3305 611 3359 idem
625 3320 656 3358 ac
671 3308 806 3375 perpetuo
818 3320 870 3357 usn
882 3302 985 3356 litterae
998 3304 1015 3356 b
1070 3313 1136 3384 quid
1154 3315 1183 3368 in
1204 3317 1410 3390 intercapedm
1423 3317 1574 3372 exciderit:
1596 3319 1657 3378 Quo
1669 3336 1712 3374 me
1724 3320 1815 3389 magis

268 3408 355 3463 mque
374 3393 408 3446 “d
427 3393 450 3448 f·
468 3392 514 3448 ⁸2¹·
536 3394 639 3448 Deind‘i
658 3395 840 3462 “imbuisti''-
856 3421 888 3433 ··
903 3393 1015 3462 Sillim
1070 3409 1133 3460 aeci
1144 3409 1257 3460 serrium
1270 3405 1406 3477 lljureate
1427 3411 1561 3477 inperitia
1569 3412 1702 3478 praemit.
1717 3407 1758 3460 Re
1771 3407 1817 3460 diu

269 3479 409 3543 Quesuell.
429 3483 513 3537 babet
525 3482 642 3538 insulse.
656 3482 730 3536 ldem
741 3482 804 3536 add.
819 3481 938 3551 inclusa,
953 3497 1015 3554 quae
1070 3508 1217 3564 perpensa,
1237 3494 1265 3547 id
1283 3495 1426 3566 opinarer:
1439 3494 1574 3564 Hilarius,
1584 3499 1645 3568 jem
1655 3497 1761 3563 senior,
1775 3493 1817 3548 Ιο-

268 3570 433 3624 exciderunt
449 3573 479 3624 iu
504 3579 600 3626 nostm
619 3571 714 3626 codice
732 3587 796 3626 cum
820 3571 1017 3626 manifestaret
1070 3582 1135 3653 pido
1154 3583 1281 3637 acumine
1306 3582 1402 3638 ludere
1428 3585 1469 3639 ita
1490 3587 1599 3656 pergit,
1623 3588 1770 3657 postqum
1788 3601 1817 3638 ee

268 3659 382 3713 incauli*
396 3658 542 3714 celersttte
556 3661 675 3731 ³0ript0·
688 3689 723 3700 ··
737 3665 760 3726 ⁴)
775 3666 806 3716 t'n
818 3660 959 3715 XP100d·
975 3660 1017 3714 Ad
1070 3687 1155 3725 unum
1173 3671 1207 3725 de
1225 3671 1355 3726 Eucherii
1365 3674 1516 3744 juvenibus
1528 3673 1642 3742 dixerit,
1656 3677 1688 3728 ul
1706 3678 1769 3728 oret
1785 3691 1817 3728 eo

269 3745 330 3799 boec
350 3746 532 3810 Quesnellus:
555 3750 624 3803 «ΕΚ
642 3753 696 3805 itta
714 3750 782 3804 adeo
801 3751 879 3803 brevi
897 3746 1017 3820 Θρίδῑῠῑθ
1071 3760 1156 3814 citius
1174 3761 1276 3815 iterum
1288 3761 1438 3817 mittendos
1450 3779 1511 3817 esse
1524 3761 1644 3830 libellos,
1657 3762 1730 3834 quod
1748 3780 1814 3834 pre-

269 3836 303 3887 ab
323 3833 432 3890 Hilario
450 3839 556 3910 scripta
574 3839 706 3894 habemus
724 3839 870 3911 egregium
888 3839 1018 3892 testimo·
1071 3852 1163 3904 malui*
1181 3867 1251 3920 ωηο,
1265 3852 1411 3924 mgisque
1424 3869 1487 3906 eum
1498 3856 1598 3924 urgeat
1610 3856 1718 3908 aenium
1735 3868 1817 3925 quam

270 3924 366 3995 mum,
386 3942 441 3996 quo
459 3926 597 3984 Eucherio
616 3935 777 3984 uastantur
800 3927 865 3982 libri
892 3927 945 3982 duo
964 3927 1016 3982 ln·
1071 3937 1263 3994 adolescentes
1284 3943 1408 4010 juventas
1427 3942 1578 4014 imperitia.
1597 3940 1705 3996 Vocula
1731 3959 1816 4013 qaam

268 4021 459 4072 cautionum
477 4019 536 4074 sire
555 4020 772 4089 institutionum,
789 4036 860 4092 quos
877 4019 923 4073 hic
941 4018 1017 4071 desi·
1070 4041 1087 4078 a
1106 4027 1186 4081 uobis
1204 4027 1315 4097 addita,
1335 4035 1364 4084 et
1382 4031 1412 4083 in
1438 4031 1509 4084 serie
1533 4031 1687 4101 requisita,
1707 4031 1816 4104 inipso

269 4107 1018 4181 gnarinemodubitaseritquosqueinnuitadutrum·
1070 4113 1180 4172 librarii
1199 4118 1322 4172 tranritu
1339 4119 1482 4190 praecipiti
1504 4121 1538 4173 ab
1564 4136 1619 4174 uun
1642 4120 1676 4175 ad
1701 4120 1818 4175 atteram

270 4213 323 4269 que
332 4198 462 4254 Eucherii
472 4200 562 4258 lilium
572 4205 737 4276 scriptosab
748 4222 780 4260 eo
792 4205 892 4274 fuisse,
903 4205 1016 4259 meai
1071 4208 1203 4286 paginam
1224 4206 1346 4263 loriam
1364 4207 1496 4264 avolarit.

1012 4376 1080 4450 III.

515 4494 600 4573 oiio
622 4513 727 4575 veno
749 4495 820 4576 ooo
836 4519 859 4592 Ι)
880 4519 1016 4591 annun
1036 4520 1161 4582 nureo
1182 4495 1226 4578 13‘1
1245 4516 1296 4576 nn
1317 4515 1410 4576 uren
1430 4517 1475 4576 ru
1496 4516 1574 4577 xro

444 4607 548 4669 obtul
569 4607 701 4669 CULTU
722 4609 995 4689 SUSOIPIENDO,
1010 4629 1114 4688 papae
1133 4612 1290 4682 Erebeis
1312 4611 1454 4672 Rustica
1468 4613 1643 4684 praesbiter.

311 4743 507 4828 Transcriptis
527 4743 696 4809 exultanter
715 4760 751 4809 ac
770 4741 889 4824 raptim,
912 4759 980 4824 qua
1004 4747 1181 4827 deprecante
1209 4759 1256 4807 me
1275 4738 1470 4824 exemplanda
1491 4739 1609 4820 misisti,
1633 4739 1714 4805 illico
1729 4741 1750 4822 1)
1780 4740 1818 4804 ad

272 4853 486 4920 beatitudiuem
500 4864 631 4920 vestram
646 4852 785 4920 uolumen
799 4862 955 4935 utrumque
969 4853 990 4932 1’)
1015 4851 1127 4929 direxi;
1150 4849 1237 4916 unica
1258 4867 1329 4915 uero
1345 4849 1397 4917 illa
1412 4857 1444 4915 et
1460 4848 1526 4914 sine
1539 4849 1750 4932 conpmotione
1764 4847 1817 4912 do·

310 4989 355 5045 111.
375 4989 485 5046 Primus
504 4995 534 5045 et
551 5008 623 5047 uuus
642 4994 686 5047 est
703 4988 867 5047 sirmondus
879 4987 927 5059 qui
945 4987 1017 5042 banc
1072 4991 1153 5044 taces.
1174 4987 1232 5042 Nec
1257 4985 1338 5058 plura
1362 4986 1526 5042 Sirmondus
1551 4985 1581 5038 in
1601 4982 1700 5053 titulo,
1720 4985 1819 5056 quint

272 5078 465 5150 epistolamex
477 5079 540 5136 cod.
554 5079 713 5135 (lorbeieusi
725 5077 875 5152 protulerit
887 5077 1017 5133 iuteri-
1072 5093 1160 5149 supra
1177 5079 1280 5150 partim
1300 5077 1392 5131 rubris
1410 5075 1516 5131 litteris
1534 5073 1707 5130 honestatur.
1724 5103 1755 5114 -
1768 5073 1819 5127 ad·

273 5167 350 5223 donii
368 5169 412 5222 sui
433 5171 513 5223 notas
531 5166 580 5224 lib.
601 5184 630 5239 ιι,
650 5186 695 5239 ep.
717 5186 755 5222 ιιι.
1072 5184 1127 5237 que
1145 5165 1318 5235 rubricator,
1338 5181 1420 5236 quem
1445 5168 1524 5219 vetus
1548 5166 1690 5218 corrector
1711 5179 1764 5218 em.
1784 5191 1819 5203 -

314 5262 334 5321 ¹)
355 5261 476 5314 Daruiao
495 5275 560 5313 nere
572 5269 668 5313 sarecto
677 5275 768 5329 papae
780 5260 923 5316 Eucherio
942 5257 1018 5312 Ras-
1072 5253 1099 5324 2)
1111 5256 1178 5326 ilico
1191 5253 1250 5310 eod.
1267 5282 1293 5294 -·
1315 5253 1340 5328 ³)
1356 5257 1487 5310 columen
1499 5265 1665 5324 aramque,
1679 5253 1721 5308 uti
1733 5267 1818 5322 supra
