3966 6120
268 576 404 624 secretum
423 574 525 634 portus
546 569 575 623 C.
594 572 622 623 P.
640 567 673 610 -'
689 571 759 624 eirca
787 571 901 623 sinistro
916 569 977 624 bra-

278 658 341 710 ebio
358 658 388 710 C.

230 744 273 797 iV.
293 746 375 810 Lupis
392 746 546 799 Memnonio
558 748 586 800 C.
600 749 725 801 P.-sed
738 753 766 800 et
783 751 858 802 mniti
868 752 979 804 C.-eo

277 847 323 886 ont
339 835 369 887 C.
388 837 499 888 P.·iras
516 837 545 887 C.
563 837 660 901 effugit
679 840 881 891 -contemnis
900 841 928 892 C.
947 865 979 878 -

289 926 443 990 Neptunum
461 927 555 978 maris.
574 927 603 979 C.
622 929 650 979 P.

228 1013 261 1066 V.
278 1015 360 1078 Lapis
379 1016 546 1078 byadocban
572 1017 603 1067 C.
631 1018 658 1069 P.
676 1041 707 1054 -
722 1020 824 1070 uitimcr
842 1031 903 1070 nam
927 1019 977 1071 de-

273 1117 382 1156 sursum
400 1105 446 1168 (de
458 1119 537 1157 usum
551 1106 593 1170 P.)
612 1119 701 1170 usone
717 1107 756 1160 ori
772 1110 980 1163 consecratione

275 1206 331 1244 em.
349 1195 377 1246 C.

232 1281 275 1335 Vi.
295 1283 377 1347 Lapis
396 1284 549 1349 smaragdo
560 1285 589 1336 C.
603 1286 630 1337 P.
643 1287 867 1340 -substantiam
881 1293 909 1340 et
920 1301 980 1341 eor·

276 1385 344 1436 pore
361 1380 389 1424 et
405 1387 543 1426 sermone.
561 1401 594 1414 -
611 1379 637 1428 in
656 1377 766 1429 iibuiam
789 1381 902 1430 missam
917 1381 980 1433 dice

277 1470 387 1525 portare
409 1465 438 1515 C.
454 1485 487 1501 -·
503 1467 593 1517 ornari
612 1473 638 1518 te
656 1469 685 1518 d.

231 1551 287 1605 Vii.
305 1553 387 1617 Lapis
403 1555 521 1607 Coraiiio
538 1557 567 1607 C.
587 1557 614 1608 Ρ.
632 1563 794 1622 -portans
812 1566 903 1612 autem
917 1573 979 1612 eum

277 1643 307 1694 C.
326 1641 352 1694 P.
369 1653 445 1696 -et
462 1649 521 1698 sine
539 1649 649 1699 tristitia
667 1658 695 1699 et
711 1651 739 1699 d.
760 1651 787 1700 P.

232 1732 300 1785 Viii.
318 1735 401 1798 Lapis
418 1737 546 1789 Ercbcno
563 1739 592 1789 C.
610 1739 637 1790 Ρ.
650 1765 682 1776 -
702 1740 802 1792 bibitus
814 1757 867 1794 non
879 1745 981 1806 paritur

276 1835 325 1874 cos
342 1826 455 1889 iaiignre
474 1829 510 1878 ri.
522 1828 605 1880 seirit
621 1831 704 1881 eiiam
724 1833 833 1884 vesicae
850 1835 879 1885 C.
893 1835 919 1885 P.
934 1835 981 1885 do-

278 1913 365 1967 iorem
383 1919 411 1969 P.
430 1918 588 1971 dolentibus
606 1920 635 1970 C.
651 1944 684 1957 -

232 2003 275 2056 iX.
294 2005 377 2070 Lapis
396 2008 547 2061 Ematiriten
566 2011 594 2060 C.
614 2013 641 2062 P.
657 2037 689 2048 -
705 2011 775 2078 lapis
793 2020 837 2067 est
863 2021 892 2066 ei
918 2017 981 2080 ipse

278 2095 459 2148 C.-saiutis.
477 2107 521 2151 cst
538 2102 610 2152 enim
629 2103 788 2168 C.-aptus
807 2106 832 2156 in
844 2106 873 2158 C.
890 2129 923 2146 -·
939 2110 979 2160 in·

278 2193 368 2238 rictus
385 2195 462 2241 sanat
479 2191 584 2253 (1.1’661
602 2195 750 2248 inunctos?
767 2205 842 2249 -et
867 2200 901 2251 ad
919 2213 979 2252 om·

277 2289 340 2328 nem
350 2281 540 2344 C.-unpuium
558 2284 584 2334 id
594 2292 637 2336 est
646 2289 817 2350 serpentium
828 2292 939 2353 positus
950 2293 978 2345 i).

231 2367 265 2420 X.
283 2370 366 2432 Lupis
384 2371 544 2426 Circiidonio
561 2375 589 2426 C.
610 2378 637 2428 P.

232 2457 279 2511 Xi.
298 2459 374 2523 Lupi.
393 2463 552 2516 circionitcn
570 2467 599 2517 C.
619 2468 645 2519 P.

233 2549 290 2601 Xii.
310 2550 391 2616 Lapis
408 2556 567 2610 ceraunius.
586 2561 615 2612 C.
634 2563 661 2613 P.

232 2641 303 2694 Xiii.
322 2644 403 2709 Lapis
421 2649 546 2712 iaspiden
564 2653 593 2705 C.
610 2662 702 2709 -est
718 2659 856 2721 periectas
874 2658 903 2711 C.
922 2661 951 2711 Ρ.

233 2735 304 2790 xiv.
319 2739 400 2803 Lupis
414 2745 530 2807 Sapiriro
541 2745 570 2798 C.
584 2746 611 2799 P.
623 2751 759 2805 -omnia
772 2764 837 2803 vcra
852 2753 982 2806 divinabi-

281 2842 325 2890 tur
343 2841 372 2892 C.

243 2929 302 2985 XV.
322 2934 404 2999 Lapis
422 2937 565 3001 Epistiten.
583 2939 612 2991 G.
631 2940 659 2991 P.
676 2963 708 2982 -·
723 2949 751 2997 et
767 2946 900 3012 [uigorem
919 2963 984 3003 ero-

280 3031 338 3078 met
354 3027 383 3078 C.

234 3112 306 3166 XVi.
324 3116 407 3181 Lapis
421 3119 535 3175 Ortiten.
554 3121 583 3175 C.
605 3126 632 3178 P.
643 3151 675 3164 —
685 3128 773 3182 Locus
786 3134 905 3183 61611666
918 3143 982 3183 cor-

280 3213 392 3275 reptas,
411 3214 622 3278 6116166116666,
641 3231 730 3282 acque
747 3221 774 3271 iu
796 3221 982 3284 1111666666-

280 3301 337 3364 iur‚
356 3301 388 3352 ei.
407 3301 516 3368 16616.
537 3307 589 3357 176.
607 3331 636 3346 -
651 3311 725 3372 cogit
741 3311 814 3362 enim
832 3324 898 3364 eam
917 3324 982 3376 pro-

276 3385 362 3448 Jicere
380 3395 458 3442 utero
476 3393 605 3447 iniuntem
631 3397 661 3449 C.

234 3471 319 3529 XVii.
337 3478 420 3544 Lapis
437 3481 557 3535 Achaten
577 3483 606 3537 C.
626 3487 654 3538 P.

234 3563 331 3622 XViii.
349 3569 432 3634 Lapis
447 3571 627 3639 odonteiyeie
644 3578 673 3630 G.
692 3579 721 3630 P.

234 3662 307 3715 XiX.
325 3662 406 3728 Lapis
419 3662 565 3718 diectorio.
584 3666 613 3719 C.
634 3669 661 3720 P.
681 3707 686 3719 .
707 3707 712 3719 .
734 3707 739 3720 .
758 3670 787 3720 iu
804 3672 910 3724 166666
923 3676 984 3728 red·

284 3752 353 3804 didit
370 3753 399 3805 C.
418 3753 445 3805 P.

234 3843 294 3896 XX.
313 3843 396 3908 Lupis
414 3845 544 3909 Gagaten.
570 3846 598 3899 C.
618 3847 645 3900 P.
663 3868 696 3884 -··
719 3853 848 3904 conteras
881 3857 909 3904 et
935 3865 984 3918 po-

282 3945 329 3986 nas
349 3931 377 3987 C.
394 3935 634 4003 -circumgredi,
653 3944 682 3990 ut
699 3944 794 3992 uterus
816 3943 876 3994 eius
894 3956 981 4007 vapo-

282 4035 357 4082 retur
374 4030 403 4082 P.
428 4030 478 4083 Via
497 4031 704 4095 61661616.-
726 4033 785 4085 sine
809 4035 876 4086 noia
895 4040 923 4087 et
943 4035 985 4086 sin

285 4120 312 4170 d.
330 4120 358 4171 C.
376 4127 579 4174 -616666661
603 4122 632 4175 C.

236 4205 308 4260 XXi.
327 4210 409 4274 Lapis
427 4211 538 4263 Medius.
564 4236 597 4250 -
620 4225 720 4265 croceo
745 4217 840 4268 coiere
865 4215 894 4268 C.
920 4215 989 4278 (Lo-

284 4299 360 4350 61616
371 4304 431 4360 posi
444 4300 588 4368 iatronem,
612 4303 640 4353 ia
652 4303 713 4354 ced.
725 4302 816 4356 Paris.
828 4307 900 4356 nante
912 4307 989 4356 inser

284 4391 322 4455 16,
335 4400 422 4451 quern
433 4391 499 4442 oiim
510 4391 549 4442 nd
560 4395 666 4444 enicem
677 4394 774 4454 reieci,
786 4393 853 4445 Abei
864 4407 983 4446 666666-

283 4479 375 4544 tiente,
393 4479 490 4530 eodem
506 4481 589 4534 mode
607 4483 636 4533 in
656 4483 682 4536 G.
702 4485 897 4544 interpetatur
911 4489 937 4536 ei
954 4487 990 4537 si·

283 4580 318 4619 ae
335 4569 533 4635 66661616)-
552 4573 577 4624 16
596 4574 715 4637 primum
734 4579 842 4638 partum
859 4587 947 4638 puero
959 4581 986 4626 et

284 4660 410 4713 inunctus
427 4662 456 4713 C.
473 4665 620 4728 -unguis
637 4669 665 4716 61
682 4664 910 4717 suparare-et
922 4666 991 4718 inte·

242 4803 251 4810 ,
287 4752 356 4803 riora
374 4753 500 4816 corporis
511 4754 552 4804 sie
562 4754 590 4805 C.
602 4753 740 4817 -iapidem
753 4755 880 4807 simiiiter
893 4768 987 4822 supra.

239 4838 324 4895 XXii.
343 4844 424 4907 Lapis
443 4845 549 4896 Siriins.
568 4845 597 4897 C.
617 4846 644 4898 Ρ.
665 4867 699 4882 -
722 4849 868 4912 Arnigcron
887 4847 989 4899 scribit

286 4933 315 4984 C.
332 4956 364 4971 -
381 4935 423 4984 vir
440 4936 547 5000 integer
564 4936 593 4987 C.
610 4962 643 4978 -·
659 4951 769 4990 omnem
799 4939 928 4990 virtutem
955 4937 982 4988 P.

286 5024 314 5078 C.
332 5029 492 5090 -tangere
509 5029 598 5090 capita
616 5029 725 5095 rincuii,
753 5031 873 5093 beraque
900 5029 927 5080 C.
955 5053 986 5065 -

288 5125 315 5172 et
333 5125 424 5186 tangat
441 5117 469 5170 C.
487 5145 520 5159 -

1727 423 1788 486 643

1034 573 1131 628 XXiii.
1150 574 1232 640 Lapis
1245 575 1396 640 Capbniten
1414 577 1443 628 C.
1463 577 1489 629 Ρ.
1508 601 1538 614 -
1555 579 1677 641 optimus
1690 584 1734 632 est
1746 584 1784 632 tu-

1083 667 1173 714 tamen
1190 665 1231 714 616
1248 662 1277 715 C.
1294 688 1327 701 -
1343 669 1418 716 curat
1436 670 1517 729 atque
1535 667 1600 729 liyd.
1619 667 1647 718 C.

1033 751 1132 802 XXiV.
1152 751 1235 815 Lupis
1254 753 1388 816 optatior.
1407 753 1435 804 C.
1455 754 1482 804 P.

1033 837 1118 890 XXV.
1138 839 1219 902 Lapis
1238 839 1396 902 obsyanten
1415 839 1444 890 C.
1464 841 1491 892 P.
1508 866 1541 879 -
1563 841 1683 908 disparis
1705 844 1782 895 ride-

1081 933 1123 978 tur
1139 941 1203 979 esse
1222 929 1250 978 C.
1271 929 1298 978 P.
1315 952 1349 965 -
1366 934 1394 979 ut
1413 929 1494 981 nicirii
1513 931 1593 982 aiius.

1033 1015 1132 1068 XXVi.
1151 1017 1233 1081 Lapis
1252 1017 1395 1069 deraciren
1413 1019 1441 1070 C.
1462 1021 1488 1070 P.
1506 1040 1539 1056 -··
1554 1027 1597 1072 est
1615 1021 1688 1072 enim
1707 1021 1784 1086 niger

1083 1089 1208 1157 modicus
1226 1106 1258 1158 C:
1274 1129 1307 1146 -·
1323 1120 1374 1159 nec
1391 1114 1472 1172 putes
1491 1110 1561 1162 bunc
1579 1111 1607 1162 C.
1625 1113 1706 1163 -ad
1724 1123 1785 1164 om·

1082 1198 1124 1248 nia
1143 1203 1233 1248 tamen
1252 1197 1281 1248 d.

1035 1285 1145 1338 XXVii.
1163 1287 1245 1350 Lupis
1263 1289 1440 1351 Carsydonio
1460 1291 1489 1342 C.
1509 1291 1536 1342 P.
1554 1316 1586 1328 -

1034 1374 1157 1427 XXViii.
1176 1377 1259 1439 Lapis
1278 1378 1394 1429 Litiriteu
1413 1381 1442 1430 d.
1462 1383 1489 1431 P.
1506 1404 1539 1418 -
1554 1382 1647 1432 eoiore
1660 1381 1788 1434 subnote-

1082 1478 1129 1516 ree
1147 1467 1175 1517 C.
1193 1488 1225 1503 -
1242 1469 1361 1520 mundus
1379 1471 1408 1520 d.
1427 1492 1459 1507 -
1476 1471 1536 1522 sire
1565 1472 1708 1524 cananeias
1735 1473 1763 1523 C.

1082 1579 1115 1592 -
1131 1569 1220 1620 panno
1239 1560 1325 1609 misso
1342 1559 1579 1624 u-appiicaius
1596 1567 1686 1613 autem
1705 1562 1735 1613 C.
1758 1584 1792 1599 -

1083 1654 1260 1700 consecratus
1279 1649 1413 1701 babuerit.
1433 1651 1461 1702 C.
1479 1651 1551 1703 -si
1569 1665 1635 1703 cusu
1653 1653 1682 1704 C.

1036 1739 1135 1790 XXiX.
1147 1739 1229 1803 Lapis
1242 1739 1416 1803 Topazenetc
1430 1741 1518 1793 (1116.
1530 1743 1607 1794 -da
1619 1744 1751 1794 iuriosum
1760 1744 1789 1800 C.

1035 1827 1122 1879 XXX.
1141 1829 1224 1892 Lapis
1248 1829 1380 1893 Magnetis
1401 1832 1428 1882 d.
1447 1833 1498 1882 bis.
1523 1853 1557 1868 -
1580 1831 1651 1896 lapis
1675 1838 1703 1884 ei
1728 1834 1789 1896 ipse

1083 1919 1111 1970 d.
1129 1938 1162 1954 -··
1176 1920 1286 1983 pienum
1306 1921 1435 1983 spiritum
1456 1960 1462 1972 .
1482 1961 1488 1972 .
1508 1961 1514 1972 .
1533 1923 1700 1986 attrabitque
1723 1934 1787 1986 app.

1085 2009 1140 2060 -de
1159 2008 1312 2076 Mediedou,
1332 2017 1395 2074 post
1412 2023 1496 2075 quem
1510 2013 1592 2077 circe,
1605 2013 1704 2064 deinde
1717 2012 1786 2064 Medi

1082 2100 1127 2162 qui
1145 2111 1195 2162 per
1213 2111 1323 2150 omnem
1342 2102 1438 2152 beram
1457 2115 1491 2153 eo
1509 2102 1537 2153 C.
1555 2122 1587 2139 -
1604 2107 1730 2164 potestas
1745 2114 1790 2154 ve-

1083 2202 1114 2240 ro
1132 2202 1229 2242 omncs
1247 2191 1318 2241 (1.-
1334 2193 1467 2244 imitentes
1487 2193 1640 2256 potentiam
1659 2189 1687 2243 C.
1704 2199 1790 2243 -aut

1085 2279 1306 2334 benivolentiam.
1326 2283 1353 2334 d.
1372 2284 1535 2347 -diiigenter
1548 2283 1595 2348 (si)
1609 2283 1644 2334 ita
1657 2282 1792 2333 iecissem

1084 2373 1113 2424 C.
1138 2398 1171 2411 -
1188 2378 1282 2426 tooure
1305 2375 1383 2438 apud
1400 2365 1473 2427 ‘Aeci
1499 2377 1662 2426 restitutum
1688 2374 1790 2426 retinet

1085 2465 1114 2516 C.
1131 2467 1231 2526 aroneis
1248 2468 1373 2517 mutetis.
1389 2487 1423 2504 -·
1439 2478 1524 2530 opere
1552 2465 1682 2517 subvenit
1702 2469 1729 2515 et
1756 2477 1784 2515 a·

1084 2555 1149 2618 pud.
1168 2555 1197 2607 C.
1214 2578 1247 2595 -·
1262 2557 1335 2608 enim
1353 2556 1468 2621 praebet
1488 2560 1516 2607 et
1533 2555 1663 2607 docorem
1682 2565 1788 2606 sermo·

1085 2658 1147 2697 num
1164 2653 1192 2698 et
1210 2647 1358 2699 verborum
1376 2652 1404 2698 et
1421 2647 1454 2698 ad
1472 2646 1625 2698 [acuitatem
1644 2647 1674 2698 C.
1696 2658 1785 2710 -ap-

1085 2737 1208 2789 tissimus
1227 2739 1271 2802 qui
1288 2739 1359 2790 irune
1376 2739 1495 2802 lapidem
1513 2738 1602 2789 babet.
1622 2737 1650 2788 C.
1663 2741 1735 2789 -et
1746 2751 1791 2788 su-

1085 2833 1240 2892 perponunt
1257 2829 1287 2880 C.
1304 2853 1336 2869 -·
1351 2829 1386 2880 ad
1403 2843 1434 2882 se
1452 2830 1568 2883 adducat
1585 2828 1684 2883 animai
1698 2835 1726 2882 et
1739 2832 1791 2898 ier·
1813 2887 1815 2890 ⁸

1085 2933 1145 2972 rum
1164 2959 1170 2970 .
1191 2959 1197 2972 .
1216 2959 1222 2972 .
1242 2923 1269 2988 si,
1283 2921 1403 2985 quidem.

1038 3011 1137 3064 XXXi.
1156 3013 1238 3077 Lapis
1256 3015 1385 3080 Lynguro
1403 3014 1432 3066 C.
1446 3016 1473 3066 P.
1491 3037 1525 3053 -
1540 3017 1566 3068 in
1584 3018 1701 3070 domum
1720 3018 1749 3072 C.
1761 3044 1794 3059 -

1086 3115 1118 3152 ne
1136 3103 1265 3156 timerent
1283 3105 1311 3156 C.
1329 3129 1362 3146 -·
1378 3111 1406 3158 et
1423 3107 1521 3159 morbo
1540 3109 1572 3160 C.
1594 3110 1621 3162 P.

1038 3195 1466 3262 11111111.166161166661611.ὓΙ
1494 3225 1526 3238 -
1553 3200 1587 3252 ad
1614 3201 1787 3262 superiusio·

1088 3299 1152 3340 nem
1171 3289 1199 3339 C.

1039 3379 1162 3432 XXXiii.
1187 3379 1268 3443 Lapis
1294 3380 1482 3432 Cinareedenio
1508 3383 1537 3434 C.
1564 3384 1591 3435 P.
1617 3388 1786 3448 -aptatus

1088 3475 1165 3526 ferro
1183 3477 1212 3527 C.

1039 3568 1164 3623 XXXiV.
1183 3569 1265 3631 Lapis
1284 3567 1430 3620 Gaiaeitcn.
1450 3568 1484 3621 C.
1511 3568 1562 3621 bia.
1590 3571 1793 3636 -smaragdo

1087 3662 1115 3713 C.
1135 3661 1162 3712 P.
1179 3687 1212 3700 -
1228 3661 1347 3712 Ostanen
1373 3661 1452 3712 (1.-
1472 3667 1577 3714 stantes
1603 3664 1679 3714 vires
1705 3662 1796 3716 babet.

1087 3753 1116 3805 C.
1133 3775 1166 3791 -·
1181 3764 1248 3804 moa
1266 3753 1294 3804 C.
1313 3765 1358 3805 om
1376 3753 1435 3804 sed.
1452 3778 1485 3791 -
1501 3755 1622 3805 contrito
1640 3754 1743 3819 lapide,
1757 3753 1790 3806 da

1085 3855 1148 3895 cum
1166 3857 1227 3896 cum
1246 3843 1332 3894 muisa
1350 3843 1378 3894 C.
1396 3865 1428 3880 -
1444 3843 1502 3895 fluit
1520 3837 1629 3895 iactcm.
1648 3857 1734 3908 super
1764 3859 1795 3898 o·

1089 3934 1186 3986 vilibus
1204 3939 1250 3985 aut
1262 3933 1530 3986 iacte'dciieieniibus
1541 3935 1662 3985 excuties
1676 3934 1773 3986 lactem
1787 3974 1794 4002 ‚

1091 4025 1260 4090 6166366(Ι
1278 4051 1310 4064 -
1329 4027 1403 4078 dueit
1419 4025 1576 4077 bominibus
1594 4025 1795 4078 C.-omnium

1089 4119 1179 4166 autem
1197 4124 1337 4168 auctorem
1355 4117 1384 4168 C.
1410 4136 1443 4152 -·
1466 4118 1549 4168 otiam
1577 4117 1738 4167 ostenderat
1765 4115 1794 4168 C.

1088 4227 1122 4243 ·-
1137 4205 1242 4257 viribus
1260 4207 1317 4258 suis
1337 4207 1431 4258 Deum.
1450 4206 1651 4259 C.-deniium
1673 4205 1797 4257 laboran-

1089 4299 1131 4346 tes
1145 4296 1173 4347 C.
1186 4297 1336 4348 -nomina
1347 4295 1446 4348 babeat
1458 4297 1522 4362 iste,
1534 4307 1585 4348 nee
1604 4299 1690 4357 ptura
1703 4295 1731 4345 C.
1750 4317 1780 4331 —

1043 4383 1156 4438 XXXV.
1175 4385 1257 4450 Lapis
1276 4385 1374 4439 Beriiio
1392 4387 1420 4438 C.
1440 4388 1467 4438 Ρ.
1485 4388 1640 4450 -etipsa
1658 4398 1727 4450 aqua
1747 4397 1792 4449 po-

1092 4481 1148 4528 tato
1165 4477 1276 4530 dederis
1294 4491 1315 4529 r.
1334 4479 1432 4542 spiritu
1450 4479 1577 4542 suspiriis
1595 4477 1723 4541 irepatitis
1741 4476 1789 4528 do-

1093 4566 1178 4618 lerem
1196 4568 1301 4621 liberat.

1046 4659 1161 4714 XXXVI
1180 4660 1262 4724 Lapis
1280 4662 1416 4714 Scienitis.
1434 4661 1463 4713 C.
1483 4663 1510 4712 P.

1044 4755 1181 4808 XXXVii.
1202 4755 1282 4818 Lapis
1301 4756 1460 4824 Pancirrodo
1477 4756 1505 4806 C.
1525 4756 1552 4806 P.
1569 4776 1603 4792 ·-
1619 4752 1715 4804 ridere
1738 4751 1789 4802 bo·

1094 4861 1144 4899 nus
1162 4853 1204 4900 cst
1223 4849 1251 4900 C.
1269 4873 1302 4888 -
1317 4847 1448 4900 sacerdos
1467 4846 1493 4897 id
1511 4851 1563 4910 est,
1581 4846 1622 4896 sie
1640 4845 1668 4896 C.

1040 4937 1188 4991 XXXViii.
1209 4941 1290 5007 Lapis
1308 4940 1416 4992 Ceiiure
1435 4940 1464 4992 C.
1483 4941 1511 4991 P.
1528 4963 1561 4979 -
1577 4937 1676 4990 coiium
1700 4939 1795 4999 pertu-

1088 5043 1149 5082 sum
1168 5033 1199 5086 C.
1219 5037 1246 5092 Ρ.
1353 5070 1355 5075 -

1040 5119 1168 5172 ΧΧΧΙΧ.
1189 5127 1275 5200 Lapis
1293 5121 1418 5212 Tristities
1436 5121 1465 5171 C.
1486 5123 1514 5172 P.
1591 5189 1592 5194 ἵ
