4038 6088
799 523 924 588 donax
946 524 1036 588 SAEC.
1062 524 1097 589 vt
1667 527 1724 590 tta

179 675 208 740 in
229 676 340 754 multis,
364 675 393 738 in
418 673 517 739 multis
545 674 632 739 lectio
658 675 850 758 castigatior,
878 674 916 739 ab
942 673 1026 740 initio
1052 673 1188 758 quaedam
1213 675 1414 757 interrogandi
1442 675 1558 742 exordia
1583 675 1724 742 hacteuus

178 783 326 862 inaudita,
348 783 482 867 quaedam
503 781 702 866 respondendi
722 781 898 865 simplicitas
913 789 972 847 tam
993 781 1116 848 editioni
1138 781 1265 865 principi
1288 799 1377 864 quam
1398 782 1610 864 parisiensibus
1630 802 1727 849 mem-

180 891 280 955 branis
302 889 460 972 incognita.
484 889 586 973 Neque
606 889 720 955 obstitit
740 890 897 957 insolentia
919 892 1071 974 scripturae
1092 891 1164 956 nulli
1185 889 1340 973 sphalmati
1356 909 1490 974 parcens,
1507 890 1661 972 gallicanae
1680 912 1727 957 ru·

178 997 284 1064 ditatis
305 997 397 1080 lerna,
421 998 543 1063 totidem
558 997 681 1080 originis
697 1009 728 1065 et
741 1000 902 1067 vetustatis
915 1001 1035 1082 indicia,
1051 1000 1135 1067 uelut
1147 1020 1247 1085 aerugo
1261 1011 1290 1067 et
1311 1001 1481 1066 barbaricus
1502 1002 1639 1085 squallor,
1661 1023 1727 1088 quaa

177 1106 290 1191 priscos
303 1123 437 1172 nummos
451 1103 620 1186 honestant,
636 1104 798 1190 oholosquc
812 1108 843 1171 in
858 1107 961 1192 primis
975 1107 1124 1174 Gallorum
1139 1119 1273 1174 veterum
1293 1107 1489 1191 distinguunt.
1506 1109 1661 1192 Perpenais
1675 1111 1727 1178 diu

178 1222 209 1279 et
223 1215 311 1280 auxie
325 1211 470 1291 consiliis,
487 1211 662 1277 Eucherium
677 1213 793 1296 protero
808 1213 903 1295 qualis
915 1215 994 1296 jacet
1007 1213 1037 1278 in
1051 1231 1116 1279 meo
1127 1214 1237 1293 codice,
1252 1217 1443 1298 quantumuis
1458 1215 1506 1280 ille
1519 1226 1571 1281 aut
1582 1217 1725 1298 barbarie,

178 1331 230 1385 aut
250 1321 460 1402 singularitate
480 1321 710 1385 insolentissima
733 1320 844 1386 librarii
861 1320 991 1398 horreat,
1005 1318 1042 1384 de
1055 1338 1114 1403 qua
1129 1339 1160 1385 re
1180 1339 1258 1384 nurnc
1279 1319 1402 1384 sollicita
1423 1321 1647 1403 disceptandum
1669 1332 1725 1386 est.

930 1575 987 1667 V.

749 1787 797 1859 De
819 1787 949 1860 codicis
973 1787 1164 1881 scriptore.

221 1962 279 2030 Sed
294 1982 341 2043 ne,
356 1964 586 2043 intereundum,
606 1965 758 2030 horrenda
777 1963 903 2029 salebrae
924 1963 1060 2029 lectorem
1080 1962 1240 2042 offendant,
1257 1965 1415 2029 sternenda
1434 1966 1465 2030 in
1479 1975 1665 2036 antecessum
1678 1971 1730 2036 ali·

182 2092 241 2158 qua
261 2073 313 2138 ria
330 2081 384 2148 est,
406 2091 441 2138 ac
462 2072 533 2137 socii
557 2073 670 2138 itineris
690 2071 873 2140 accersendi:
894 2091 947 2156 per
975 2072 1105 2155 amplum
1132 2071 1210 2135 enim
1239 2090 1385 2154 campum,
1408 2073 1512 2140 itinere
1532 2076 1609 2141 satis
1631 2077 1730 2161 longo,

181 2179 371 2262 spatiandum
391 2188 448 2245 est.
476 2179 615 2245 Codicum
636 2197 762 2263 namque
782 2177 1021 2260 Lugdunensium
1042 2176 1228 2260 provinciam
1247 2178 1433 2261 attingimus,
1456 2199 1567 2246 novam
1588 2194 1621 2249 et
1649 2196 1733 2250 rote·

183 2307 256 2368 rem,
278 2289 395 2354 obviam
417 2298 447 2354 et
469 2289 697 2373 inexploratum:
721 2291 779 2355 huc
798 2307 870 2355 sane
890 2306 945 2353 nos
965 2286 1093 2353 ducebat
1114 2287 1209 2352 solum
1230 2286 1366 2352 Eucherii
1389 2307 1509 2369 nomeu;
1534 2291 1590 2356 buc
1604 2293 1733 2358 rorabat

182 2413 280 2461 rumor
292 2415 327 2463 er
340 2405 456 2481 reperto
467 2415 560 2480 nuper
571 2396 785 2476 Pentatcncbo;
798 2395 856 2460 buc
867 2394 1016 2460 alliciebat
1029 2393 1216 2476 splendidum
1233 2394 1427 2476 fragmentum
1438 2397 1569 2479 ejusdem
1580 2399 1734 2464 labbara·

183 2502 337 2570 hamiause
351 2510 387 2583 ¹),
399 2525 458 2587 quo
469 2525 515 2572 me
530 2506 586 2571 trui
602 2505 778 2585 contigerat.
794 2503 888 2571 blenti
903 2503 991 2568 ctiam
1006 2500 1128 2566 subibat
1141 2497 1281 2566 memoria
1293 2502 1402 2568 codicis
1414 2502 1735 2586 Lugduno—Cantabri·

183 2611 304 2694 gieusis,
319 2631 406 2696 quem
418 2614 485 2679 olim
498 2614 588 2679 semel
603 2623 633 2678 et
649 2614 753 2677 iterum
765 2610 844 2692 apud
860 2605 970 2688 hnglos
985 2623 1174 2670 versaveram
1190 2609 1228 2688 ²).
1243 2606 1345 2690 Neque
1358 2610 1510 2692 suppetias
1522 2611 1676 2692 negabunt
1691 2613 1735 2676 in·

222 2786 243 2846 ¹)
258 2784 377 2836 ravenae
389 2784 578 2838 munificentia
590 2782 739 2836 clarissimi
755 2780 863 2836 Domini
879 2779 933 2834 Co-

184 2872 261 2926 mitia
280 2872 483 2940 Aahburuhem,
504 2877 584 2942 grato
603 2873 760 2943 accepimus
778 2872 871 2924 animo
892 2871 934 2923 in·

184 2961 266 3030 aigne
285 2958 428 3032 exemplar
455 2959 589 3015 librorum
609 2959 725 3014 Levitici
745 2962 774 3013 et
797 2959 934 3013 Numero-

187 3066 247 3104 rum
263 3052 346 3120 juxte
365 3049 444 3102 fldem
458 3048 574 3117 codicia,
588 3065 668 3120 quem
681 3047 849 3120 particulam
868 3063 930 3101 esse

186 3140 365 3195 Pentateuchi
386 3139 580 3209 Lugdunensis
598 3138 707 3192 detexit
723 3135 760 3191 cl.
779 3135 935 3208 Leopoldus

187 3228 302 3283 Delisle.
314 3226 464 3298 Exemplar
476 3244 567 3281 meum
581 3227 760 3279 inscribitur:
777 3225 934 3279 Librorum

188 3319 307 3373 Levitici
324 3329 350 3372 et
368 3316 562 3372 Numerarem
580 3318 673 3370 cereto
691 3318 813 3384 antiqua
827 3313 902 3367 Itala
921 3331 936 3367 e

187 3406 247 3460 eod.
260 3409 431 3475 perome'que
449 3407 482 3459 tn
496 3405 630 3459 Biblictb.
652 3404 936 3458 Asbburnlseme'ense

186 3505 361 3561 conservato,
380 3511 459 3549 mame
476 3497 604 3564 primum
622 3497 695 3564 typis
715 3493 798 3562 adata,
819 3491 936 3546 Medici

190 3599 379 3652 nnoccnxurrr,
390 3585 419 3638 in
431 3581 478 3640 ret.
490 3584 599 3656 adjecta
609 3584 804 3638 honestissima
813 3585 879 3636 nota
888 3598 938 3638 ms.

195 3676 272 3732 With
292 3679 337 3731 tlte
353 3676 424 3732 Earl
443 3678 477 3746 os
489 3675 720 3730 Asithurmbem’s
732 3674 935 3742 complimants.

188 3765 265 3831 Quod
276 3766 387 3836 qnidam
398 3763 550 3837 exemplar,
560 3765 592 3817 ed
604 3767 766 3836 perpetuam
776 3764 938 3819 munificen-

188 3854 235 3908 tiae
249 3854 410 3907 memoriam
420 3851 595 3908 bibliotheca
607 3853 750 3908 vaticanae
760 3853 937 3907 inserendum

190 3937 373 3997 reservamus.
385 3943 480 4012 Neque
491 3942 575 3996 etiem
586 3940 665 3995 nobie
674 3940 768 3993 delicit
781 3939 884 4012 duplex
895 3940 938 3993 fo·

189 4030 259 4086 lium
272 4029 534 4102 photograpbicum,
555 4031 676 4101 benigne
691 4029 885 4084 transmissum
904 4029 939 4082 ab

190 4120 308 4175 eruditis
321 4119 392 4173 viria
412 4119 460 4191 qui
473 4119 591 4172 Parisiis
604 4119 633 4171 in
646 4117 827 4172 Pentateuchi
841 4117 939 4172 editio-

190 4225 253 4264 nem
262 4212 322 4280 jam
335 4209 493 4263 incubuere.
507 4235 543 4249 -
559 4213 581 4271 ²)
598 4205 852 4276 cantebrigiensem
865 4204 940 4259 enim

189 4295 324 4368 codicem,
334 4295 419 4351 semel
430 4297 568 4351 etiterum
579 4293 655 4349 tenui
666 4299 694 4348 et
703 4293 823 4364 excussi,
831 4308 855 4348 a.
871 4289 941 4347 1843

191 4389 219 4441 et
239 4384 317 4454 1817,
331 4385 403 4440 haud
417 4387 486 4441 satis
498 4386 624 4456 miratus,
638 4399 781 4457 quousque
795 4383 828 4437 de
844 4382 940 4436 eodem

190 4473 240 4529 alii
258 4475 314 4530 alia
333 4475 464 4531 audacter
481 4473 594 4530 ariolati
608 4475 674 4529 siut.
690 4473 794 4540 Possit,
811 4473 942 4544 inquiunt

191 4580 274 4634 nunc,
286 4581 347 4618 esse
360 4581 426 4620 saec.
437 4581 458 4619 rr
472 4568 536 4619 anta
548 4564 684 4620 lrenaeum
697 4563 821 4634 scriptus
831 4562 942 4634 (Whic-

191 4657 240 4708 ton
258 4654 316 4709 The
335 4654 434 4710 sacred
446 4655 563 4724 History
584 4651 639 4708 rol.
659 4667 686 4723 v,
707 4669 735 4724 p.
756 4647 820 4717 305,
843 4647 939 4717 integ

193 4759 266 4796 nunc
278 4747 356 4797 ortus
367 4745 422 4796 erit
432 4744 515 4815 paulo
524 4745 589 4815 post
598 4742 756 4810 Eusebium,
766 4743 847 4812 cujus
857 4754 940 4794 cano·

193 4848 243 4886 nes
254 4831 398 4903 librarius,
418 4849 502 4904 quum
515 4832 601 4886 minio
613 4835 733 4902 careret,
746 4830 868 4884 scribere
881 4828 941 4882 dis·

193 4921 271 4990 tulit,
290 4927 387 4995 postea
408 4939 463 4977 non
482 4921 610 4977 meminit
629 4921 685 4995 (sic
706 4921 800 4992 granis
819 4917 941 4988 bilibus,

987 2776 1091 2834 cloensi
1104 2778 1301 2847 (Westenius);
1312 2785 1388 2834 certe
1399 2795 1454 2834 non
1466 2796 1483 2834 a
1493 2782 1591 2837 Graeco
1601 2785 1735 2855 scriptus,

987 2866 1022 2919 ob
1033 2865 1256 2936 cacograpbiam,
1267 2883 1355 2937 neque
1365 2881 1382 2918 a
1392 2865 1498 2937 Latino,
1509 2870 1542 2922 ob
1552 2867 1735 2943 soloecismos,

989 2953 1109 3008 fortasse
1122 2955 1157 3007 sb
1170 2952 1308 3008 Orientali
1319 2955 1379 3009 viro
1388 2958 1585 3027 peregrinante
1596 2959 1735 3032 (Kipling.

988 3041 1220 3113 collatistieorgii
1232 3041 1398 3112 fragmentis
1407 3045 1636 3116 repellebam).
1646 3049 1736 3104 Unum

988 3134 1096 3185 certum
1116 3137 1167 3199 est,
1187 3131 1309 3185 codicem
1330 3133 1471 3187 inventum
1491 3133 1577 3189 fuisse
1597 3136 1736 3207 Lugduni,

989 3219 1130 3292 direptum
1149 3221 1183 3274 ab
1202 3220 1345 3276 haereticis
1364 3225 1393 3274 in
1413 3223 1489 3277 urbis
1507 3224 1626 3293 excidio,
1647 3227 1737 3281 Gene-

990 3325 1051 3362 ram
1071 3325 1087 3361 a
1106 3309 1177 3362 liena
1192 3309 1370 3381 translatum,
1384 3312 1448 3366 inde
1462 3312 1738 3384 cantabrigiensibus

990 3396 1352 3470 donetums.1581‚hucque
1363 3399 1737 3459 demumadvectuma.1582

991 3487 1128 3550 Quantum
1148 3504 1201 3560 ego
1220 3489 1343 3555 memini,
1358 3506 1392 3543 ex
1408 3487 1635 3564 palaeographico
1654 3496 1739 3549 crite-

992 3578 1033 3633 rio
1052 3577 1125 3632 haud
1144 3576 1263 3632 multum
1283 3578 1388 3634 recedit
1404 3582 1437 3634 ab
1454 3585 1538 3636 etate
1558 3583 1738 3641 pentateuchi

992 3665 1199 3739 Lugdunensis;
1220 3674 1304 3741 atque
1321 3669 1579 3727 Scholziolibeater
1591 3675 1739 3742 assentior,

992 3761 1126 3814 statuenti
1141 3759 1264 3814 codicem
1283 3761 1419 3831 scriptum
1433 3761 1521 3816 luisse
1534 3763 1563 3816 in
1577 3762 1669 3820 Gallia
1681 3782 1740 3818 me·

993 3846 1134 3905 ridionali.
1149 3847 1194 3904 Cf.
1210 3849 1343 3922 Proleyp.
1364 3853 1392 3905 in
1411 3852 1447 3906 N.
1467 3853 1513 3919 7.,
1533 3869 1561 3924 p.
1582 3855 1739 3920 xxx1x3n.

994 3937 1114 3992 Micheel
1129 3939 1240 3994 Introd.
1257 3939 1291 3993 ad
1305 3939 1372 3996 hist.
1391 3939 1448 3995 litt.
1464 3939 1593 3996 Cantabr.
1610 3941 1688 3995 1721.
1705 3973 1741 3984 -

993 4027 1113 4083 Eeutleii
1121 4030 1212 4098 amad
1219 4029 1291 4084 matt.
1301 4029 1334 4081 ad
1342 4027 1446 4083 calcem
1459 4030 1484 4085 J.
1497 4031 1562 4085 Ant.
1571 4029 1694 4086 Malaloe.
1706 4060 1740 4071 -

993 4116 1075 4170 ltich.
1089 4117 1184 4172 Simon
1198 4119 1275 4172 Dies.
1290 4121 1354 4173 crit.
1368 4117 1407 4172 ad
1423 4119 1547 4172 arnold.
1562 4137 1591 4188 p.
1608 4116 1652 4173 26.
1666 4147 1701 4159 -
1712 4120 1738 4172 J.

994 4205 1115 4260 Harrett.
1143 4207 1272 4261 account
1298 4208 1329 4278 op‘
1344 4224 1363 4260 a
1381 4223 1448 4262 mss.
1475 4217 1505 4262 et
1528 4208 1646 4262 Dubtin.
1671 4209 1742 4278 Ray.

998 4295 1148 4351 Transeat.
1176 4293 1221 4349 for
1245 4293 1324 4350 1787.
1344 4324 1380 4338 -
1398 4295 1545 4351 Michaelis
1565 4298 1683 4352 Einteit.
1709 4302 1741 4354 in

994 4386 1041 4441 die
1062 4383 1162 4440 Goettt.
1190 4382 1311 4454 Sebrist.
1331 4385 1380 4440 das
1406 4383 1443 4441 N.
1475 4385 1573 4456 T.,.p.
1595 4383 1660 4439 582.
1688 4386 1742 4442 Sed

995 4479 1129 4546 quantum
1154 4489 1198 4527 me
1221 4475 1301 4545 piget
1325 4473 1447 4529 noudum
1466 4473 1500 4528 ad
1518 4490 1563 4528 me
1581 4476 1742 4545 pervenisse

994 4581 1095 4621 novam
1123 4568 1151 4619 et
1174 4565 1375 4620 accuratiorem
1400 4565 1551 4621 editionem
1576 4581 1658 4639 quam
1688 4584 1741 4620 nu-

995 4654 1118 4727 perrime
1143 4652 1180 4709 cl.
1211 4674 1237 4711 v.
1268 4655 1300 4709 F.
1331 4655 1366 4710 H.
1396 4655 1544 4710 Scrirener
1571 4658 1739 4726 procurarit.

995 4743 1140 4798 Desideria
1157 4741 1356 4798 humanissime
1374 4743 1477 4797 minuit
1488 4745 1530 4798 vir
1542 4741 1576 4796 ad
1590 4741 1679 4797 multa
1697 4758 1743 4797 na-

995 4837 1041 4888 tus
1050 4834 1076 4888 J.
1088 4831 1286 4888 Wordeworth
1296 4829 1476 4899 oxoniensis,
1487 4831 1533 4902 qui
1544 4835 1658 4903 jejunas
1668 4845 1743 4884 meas

995 4922 1112 4977 schedas
1122 4920 1301 4978 cantabricae
1314 4921 1373 4975 suis
1386 4919 1501 4976 scholiis
1513 4936 1548 4974 ex
1559 4920 1610 4974 hac
1623 4919 1743 4973 editione

192 5011 306 5083 Protep.
317 5011 346 5064 in
356 5013 391 5066 N.
405 5012 451 5078 7.,
466 5007 563 5082 1271);
574 5026 646 5065 nunc
659 5010 751 5082 patria
763 5008 942 5062 Britannicus
995 5011 1117 5067 feliciter
1135 5012 1225 5066 auxit.
1244 5009 1323 5064 Haud
1337 5009 1483 5064 temnenda
1503 5013 1596 5064 tamen
1614 5009 1744 5081 princeps

193 5105 237 5155 est
249 5106 279 5154 et
291 5101 401 5170 origine
416 5100 550 5155 Gothicus
562 5097 719 5171 (Bangel.);
732 5114 805 5154 nunc
818 5100 899 5153 natus
912 5097 942 5151 in
996 5101 1081 5158 editio
1100 5101 1250 5172 inscripta:
1273 5101 1366 5156 codem
1389 5101 1440 5155 Tb.
1462 5102 1556 5157 Besae
1576 5101 1743 5172 Cantabrip.

194 5189 318 5260 AEgypto
337 5192 365 5242 et
383 5189 421 5242 ibi
434 5187 639 5259 aliquantisper
655 5189 841 5242 commoratus
860 5185 943 5258 (laip-
996 5191 1154 5262 Evangelia
1174 5201 1198 5245 et
1216 5205 1280 5260 app.
1304 5192 1373 5245 Acta
1390 5192 1571 5260 complectens
1591 5190 1744 5259 quadratis

193 5275 289 5348 ling.);
303 5293 375 5332 nunc
387 5276 506 5332 collatus
518 5276 590 5348 apud
604 5278 688 5347 Syros
701 5291 718 5328 a
729 5275 836 5330 Tboma
852 5275 941 5329 Hera·
996 5281 1048 5336 tter.
1067 5296 1113 5351 pr,
1134 5281 1183 5335 tat.
1203 5279 1349 5335 madenia
1367 5283 1541 5349 auspicante,
1559 5277 1742 5334 venerandae
