4064 6108
814 476 976 543 CODICES
995 477 1176 544 vertentur
1708 484 1766 550 333

224 627 254 692 in
275 628 418 718 margine,
434 636 471 719 'et
485 626 623 709 glossulis
637 627 713 720 inter
727 628 899 706 versiculos,
913 647 948 692 ae
965 630 1063 711 plures
1077 631 1166 694 etiam
1180 630 1270 694 libres
1284 630 1329 694 bis
1345 631 1441 695 incudi
1463 631 1602 697 restituit.
1617 634 1673 698 'let
1687 633 1766 700 enim

222 727 298 772 curae
320 717 418 790 petrns
433 709 600 801 interpretis
614 715 791 774 enrretatem
806 709 942 800 produnt,
959 726 1046 852 Yam
1059 713 1135 801 setis
1150 711 1247 802 lectori
1263 711 1383 775 iaciunt.
1399 711 1546 792 interpres
1561 730 1657 793 graece
1671 715 1766 797 scrip-

223 797 284 852 ture
304 806 384 870 saepe
404 787 557 864 obscurrer
576 801 633 868 est,
653 806 749 868 neque
768 791 933 854 obscuritas
953 807 968 853 a
1011 791 1155 871 elegantia
1176 802 1277 858 orrtur.
1299 791 1384 856 Haud
1405 810 1460 872 ege
1481 792 1578 869 latter,
1598 804 1650 857 aut
1671 795 1766 859 bonus

221 869 366 952 Tylernas
388 877 449 932 tem
469 867 560 932 latine
580 888 668 951 quern
689 885 785 950 grace
805 868 954 951 imperitus
974 879 1047 933 erat.
1070 869 1174 962 Neque
1196 871 1235 933 illi
1257 872 1379 936 muttum
1392 871 1509 936 taudem
1523 873 1637 937 addunt
1651 874 1762 940 insulsa

277 955 357 1012 mata
370 948 479 1031 quibus
489 951 597 1030 grains,
613 950 775 1031 latinaeque
785 967 884 1014 musas
894 965 920 1011 re
943 965 972 1012 re
982 949 1236 1032 sollicitantium
1246 969 1346 1028 senex,
1356 961 1389 1014 ut
1400 962 1510 1016 texeret
1521 951 1650 1035 Humane
1660 956 1765 1037 epitba

232 1030 338 1108 amics,
353 1033 559 1119 aeameooties,
573 1031 645 1096 odae
658 1029 830 1104 bimembres,
841 1029 929 1120 dpstic
980 1029 1107 1111 elegiaca
1120 1036 1147 1093 et
1158 1031 1270 1096 berctca
1284 1032 1420 1110 trhticba,
1434 1031 1595 1096 levmscule
1616 1045 1762 1117 poemate,

222 1110 329 1192 quihus
343 1109 493 1186 Mediceis,
507 1110 537 1173 in
551 1129 674 1192 querum
688 1109 785 1174 autom
801 1109 994 1174 Florentinum
1010 1129 1042 1174 se
1057 1110 1229 1186 contulerat,
1240 1121 1449 1176 assentaretur.
1463 1113 1533 1177 liae
1543 1114 1573 1177 in
1589 1113 1654 1180 liat.
1673 1115 1763 1179 illl.

263 1189 377 1254 Lectori
401 1198 515 1254 tantum
535 1191 622 1270 debe,
644 1190 833 1270 experimenti
857 1190 960 1268 instar,
983 1189 1147 1272 Epictetum
1165 1191 1205 1254 ad
1217 1190 1371 1258 Nicolaum
1392 1191 1421 1268 V,
1438 1193 1551 1257 caeteris
1567 1194 1682 1276 paginis
1697 1213 1766 1259 een-

222 1269 393 1351 cinnierem,
415 1279 445 1335 et
465 1271 676 1364 Εὐχαριστικά
698 1270 738 1334 ud
751 1267 788 1333 B.
806 1271 958 1334 laterclum
974 1269 1160 1350 Patauinum,
1177 1290 1235 1336 una
1250 1289 1316 1337 cum
1338 1273 1472 1336 barmim
1485 1274 1525 1338 ael
1538 1293 1663 1338 censores
1676 1277 1766 1359 ineffl-

222 1361 323 1438 eiosos,
337 1377 395 1443 qne
409 1368 440 1426 et
454 1378 510 1440 ege
525 1370 602 1440 utar,
617 1361 641 1426 si
657 1359 774 1426 lectoris
787 1359 904 1426 fastidio
917 1359 988 1425 satis
1002 1378 1061 1424 non
1075 1361 1265 1444 pepercerim.

983 1601 1007 1666 1.

289 1789 478 1852 Sanctissimo
495 1787 580 1850 Patri
594 1806 628 1851 ac
641 1787 856 1850 clementissime
874 1785 995 1851 [lemine
1009 1793 1105 1852 corbe
1119 1786 1253 1865 Niceten,
1268 1787 1365 1852 diuino
1381 1788 1566 1854 Prouidentia
1582 1789 1647 1854 PP.
1673 1791 1700 1867 V,

221 1891 418 1949 remorabatur
442 1883 595 1947 Romanae
618 1889 647 1946 el
668 1881 838 1946 uelamentis
860 1879 1004 1945 Ecclesiae
1029 1881 1148 1944 Sammo
1173 1882 1318 1965 Pontifici,
1339 1881 1429 1946 lilius
1452 1883 1486 1945 ele
1507 1882 1626 1947 Ciuitate
1652 1884 1770 1948 Caruili

756 1981 822 2058 pest
840 1973 942 2057 pedum
962 1973 1059 2038 oscula
1079 1974 1245 2038 beatorum..

257 2166 405 2221 Hebraeum
424 2162 581 2232 Philonem,
595 2163 693 2220 latinis
712 2170 816 2222 nestris
833 2167 967 2222 hactenus
1021 2182 1066 2219 me
1079 2181 1134 2218 nen
1146 2165 1283 2232 exstabat,
1297 2162 1375 2218 illico
1387 2164 1536 2218 Sanctitati
1546 2163 1616 2219 Tuae
1630 2167 1767 2220 transcri-

223 2257 309 2310 lerme
333 2255 478 2326 ignotum,
497 2254 662 2309 Beatissimo
683 2256 782 2326 Pater,
802 2261 866 2328 post
889 2255 969 2310 mille
1022 2254 1140 2308 bendum
1149 2254 1255 2322 curavi,
1265 2270 1403 2324 aususque
1415 2255 1482 2308 item
1496 2257 1614 2324 quatuor
1625 2269 1660 2308 ex
1672 2254 1767 2310 eodem

223 2347 360 2398 trecentos
379 2347 408 2398 et
426 2341 547 2413 amplius
565 2359 669 2412 annes,
689 2344 805 2398 educere
829 2347 859 2398 in
878 2343 969 2400 lucem
1022 2359 1163 2398 sermones
1178 2341 1347 2397 Beatiludini
1358 2341 1426 2396 ‘l'uae
1441 2341 1544 2396 latinos
1565 2342 1630 2411 feci,
1643 2342 1768 2414 reliquos

223 2433 326 2488 studes.
347 2431 434 2490 Utilis
452 2431 578 2502 prefecto
597 2449 654 2503 res,
673 2451 736 2488 cnm
754 2435 892 2503 omnibus,
911 2439 970 2490 tum
1022 2436 1115 2486 autem
1128 2447 1283 2502 quanquam
1302 2431 1420 2502 aggredi
1439 2447 1500 2487 mea
1512 2449 1619 2488 summa
1631 2438 1707 2486 esset
1719 2449 1767 2486 vo-

223 2523 267 2576 his
284 2522 404 2576 maxime
419 2521 466 2592 qui
486 2538 580 2576 sacras
599 2520 709 2576 litteras
727 2523 882 2594 attigerint.
901 2521 970 2577 Plu·
1022 2518 1125 2588 luntas,
1138 2521 1172 2574 ab
1184 2520 1228 2575 his
1241 2524 1333 2574 tamen
1352 2519 1607 2590 inpraesentiarum
1623 2522 1768 2576 abstinea-

224 2613 295 2666 rima
312 2610 387 2664 enim
399 2626 460 2680 quaa
474 2609 562 2665 veteri
575 2610 604 2664 in
617 2612 803 2666 instrumente
816 2611 907 2681 posita
919 2628 969 2682 pro
1021 2608 1086 2663 dum
1110 2627 1161 2680 pro
1186 2609 1265 2664 medo
1290 2609 1376 2664 duxi:
1402 2609 1474 2681 qnod
1500 2613 1659 2681 negaverim
1684 2611 1768 2679 mihi,

224 2703 306 2772 nugis
332 2700 427 2755 haberi
446 2699 583 2768 solebant,
604 2700 637 2754 ad
657 2700 844 2756 moralitatem
865 2701 968 2769 refert,
984 2739 985 2742 η
1022 2699 1200 2752 sanctissima
1210 2702 1257 2752 tna
1268 2697 1460 2752 benedictione
1474 2715 1527 2752 nen
1542 2700 1657 2770 praesia,
1672 2698 1768 2753 illins·
1830 2763 1832 2766 ¹

223 2796 281 2845 tum
299 2796 401 2844 caetera
414 2789 454 2843 sic
468 2788 598 2861 explicat,
617 2794 649 2844 ut
660 2789 813 2845 christiane
826 2793 885 2845 viro
898 2807 969 2845 cen·
1022 2803 1076 2857 que
1089 2787 1323 2843 Reverendissimi
1339 2786 1432 2841 Patris
1444 2787 1558 2856 inscita,
1571 2787 1692 2842 ulterius
1704 2805 1770 2860 pro-

224 2879 297 2933 lerre
310 2879 430 2949 possint,
441 2879 605 2949 peregrinos
617 2880 750 2950 quosdam
765 2885 793 2934 et
802 2879 969 2935 occultiores
1023 2875 1204 2948 gradiendum
1224 2875 1320 2932 luisse.
1334 2876 1491 2948 Prosequor
1504 2881 1607 2946 tamen,
1621 2879 1645 2931 si
1661 2877 1770 2934 Domini

222 2982 321 3020 sensus
344 2966 505 3037 abditasque
531 2967 775 3038 interpretationes
799 2969 968 3040 exprimens,
1022 2964 1207 3030 sitvelnntas,
1220 2966 1334 3036 Tuaque
1348 2966 1486 3020 Sanctitas
1499 2965 1680 3033 mandaverit,
1694 2969 1767 3037 qued

222 3057 321 3126 quibus
347 3055 469 3126 legentis
487 3057 595 3110 animus
613 3055 762 3126 oblectari,
783 3057 970 3128 adaugerique
1023 3055 1094 3126 apud
1104 3071 1147 3108 me
1161 3053 1253 3108 fuerat
1264 3053 1404 3110 volumen.
1418 3053 1504 3126 Cujus
1517 3056 1558 3108 rei
1571 3055 1680 3125 pondus
1693 3059 1768 3108 mm-

222 3149 305 3215 atqne
318 3145 453 3200 aedificari
467 3162 542 3216 saepe
554 3163 669 3199 numero
682 3147 782 3217 possit.
792 3146 844 3200 nst
856 3150 885 3200 ot
896 3162 970 3217 prae-
1023 3145 1076 3197 ctsi
1095 3159 1226 3213 magnum
1245 3143 1283 3197 sit
1308 3147 1391 3214 utque
1410 3141 1648 3198 excellentissimo
1667 3144 1767 3214 cuique

222 3237 299 3288 terea
309 3233 381 3287 idem
394 3232 474 3289 Phile
487 3233 715 3290 affluentissimus
725 3234 754 3288 in
764 3232 970 3306 eloquentia,in
1024 3250 1119 3305 grave,
1130 3235 1159 3286 in
1169 3232 1263 3287 eedem
1274 3236 1365 3286 tamen
1376 3233 1553 3287 succumbere
1566 3231 1769 3286 formidandum

223 3323 351 3377 sensibus
363 3339 428 3377 vero
440 3320 685 3393 profundissimus,
699 3327 728 3377 et
740 3323 969 3393 interpretatione
1023 3339 1078 3377 non
1092 3322 1146 3376 erit
1164 3322 1210 3375 cni
1229 3323 1299 3376 tenti
1317 3322 1469 3392 pontilicis,
1483 3322 1617 3392 nobisque
1626 3325 1687 3392 jam
1705 3309 1768 3392 pri·

224 3413 380 3466 divinarunt
400 3412 609 3482 Scripturarnm
627 3409 838 3480 subtilissimus,
858 3414 971 3482 copiose
1023 3414 1085 3467 dem
1103 3411 1216 3467 coalitus
1234 3412 1312 3465 missi
1327 3409 1433 3482 angeli,
1447 3412 1536 3467 oratio
1549 3410 1633 3466 simul
1645 3399 1770 3472 albane}

224 3501 372 3554 inveniens
391 3502 420 3554 et
443 3500 584 3570 copiosius
609 3497 756 3570 eloquens,
777 3500 969 3572 quemnemo·
1023 3503 1206 3572 dictie,quasi
1221 3502 1333 3555 robusta
1346 3500 1473 3572 quendam
1485 3515 1593 3569 manus,
1607 3501 1770 3556 accesserit.

224 3588 300 3655 duan]
313 3589 494 3644 Caesariensis
507 3587 644 3643 Eusebius
653 3588 683 3642 in
694 3586 883 3642 ecclesiastica
892 3589 972 3643 nobis
1024 3592 1093 3664 lljus
1111 3595 1203 3646 autem
1219 3588 1369 3645 voluminis
1381 3590 1490 3660 priores
1503 3589 1554 3644 hos
1566 3591 1606 3644 ita
1618 3588 1697 3661 leges
1709 3607 1770 3644 ser·
1857 3639 1858 3644 ,

224 3679 311 3733 tradit
328 3678 456 3734 historia.
475 3679 514 3732 De
533 3694 588 3748 que
607 3678 691 3732 Pater
703 3676 969 3744 Revermdissimns,
1023 3699 1129 3751 mones,
1149 3685 1181 3736 ut
1199 3678 1415 3751 intelligat'l'na
1433 3682 1572 3737 Sanctitas
1585 3697 1633 3735 ees
1648 3697 1718 3751 ques
1737 3681 1771 3737 ele

224 3768 351 3840 idemque
375 3767 443 3820 mihi
462 3772 519 3820 tem
545 3767 653 3820 Domini
673 3769 739 3837 jure
758 3781 840 3837 quam
864 3781 971 3818 summa
1017 3773 1124 3826 'Decem
1134 3772 1227 3826 serbis
1240 3769 1336 3842 Legis,
1347 3785 1382 3824 ex
1395 3771 1573 3824 attestatione
1583 3769 1695 3824 Eusebii
1705 3787 1770 3824 con·

223 3861 294 3913 sacri
314 3857 420 3913 ordinis
432 3857 580 3929 dignitate,
600 3857 687 3913 Tuam
707 3862 772 3929 post
789 3857 970 3914 sanctitatem
1023 3860 1148 3930 scripsit,
1163 3863 1191 3912 el
1203 3860 1232 3912 in
1244 3876 1314 3930 ques
1333 3858 1454 3914 nendum
1473 3858 1629 3927 inciderim,
1648 3874 1771 3930 praeces-

224 3947 375 4014 Maximus,
389 3946 521 4001 Dominus
532 3945 677 4000 Bessarien
692 3962 769 4001 sacer
779 3947 827 4003 SS.
837 3945 887 4003 xlt
897 3947 971 4017 Ape·
1023 3948 1105 4003 sisse.
1127 3947 1256 4002 Omnium
1282 3965 1347 4002 vero
1372 3965 1434 4019 quae
1455 3948 1527 4002 idem
1546 3945 1675 4002 volumen
1693 3964 1768 4002 conr-

222 4034 359 4090 stelerum
371 4033 531 4104 cardinalis,
546 4035 679 4090 Niceenns
691 4033 862 4105 appellatus,
875 4034 969 4090 lumen
1005 4037 1197 4109 plectebatur
1218 4053 1386 4104 sermonum,
1410 4038 1468 4090 sive
1491 4034 1615 4108 capitula
1638 4035 1769 4104 dixerim,

222 4122 257 4180 ab
276 4121 413 4177 Orientali
431 4122 559 4179 Ecclesia
571 4125 651 4180 nobis
668 4123 873 4194 transmissum,
887 4141 972 4196 quum
1025 4127 1083 4179 sire
1097 4125 1233 4192 rubricas,
1250 4125 1284 4179 ad
1303 4125 1370 4180 Tuae
1390 4125 1553 4180 Sanctitstis
1570 4125 1655 4179 citam
1674 4140 1771 4196 quasn-

222 4212 290 4267 mihi
309 4213 472 4268 Sanctitatis
490 4212 558 4268 Tuae
578 4214 689 4270 nemine
708 4216 879 4286 injungeret,
899 4231 971 4286 quo·
1024 4215 1088 4271 dam
1107 4215 1340 4284 summariamqns
1362 4213 1501 4282 notitiam,
1521 4214 1550 4267 in
1569 4211 1687 4267 latinum
1706 4228 1770 4266 ver·

224 4301 298 4355 niem
310 4300 383 4356 liber
402 4319 483 4374 quem
498 4305 558 4374 ipse
571 4321 586 4358 e
598 4304 708 4359 Graecia
727 4303 830 4359 tulerat
847 4301 882 4372 ¹),
897 4304 971 4375 apud
1024 4321 1094 4371 sam,
1114 4305 1160 4359 hie
1177 4304 1324 4376 subjiciam
1338 4301 1378 4376 ²).

262 4499 285 4569 ἱ)
305 4499 426 4554 tuleram
444 4497 506 4553 cod.
519 4528 555 4540 -
567 4497 591 4564 ²)
606 4499 703 4554 Adhuc
722 4503 846 4554 remanet
865 4501 894 4552 in
907 4501 969 4555 cod.
1025 4500 1149 4568 conflati,
1164 4516 1218 4553 non
1232 4502 1324 4552 amen
1338 4498 1461 4569 ejusdem
1474 4514 1582 4566 manus,
1596 4514 1647 4552 nec
1666 4497 1772 4567 turmae,

228 4586 378 4640 barberino
403 4587 436 4640 ad
461 4585 566 4641 calcem
591 4587 675 4659 hujus
699 4586 826 4659 epistolae
846 4587 972 4661 syllabus
1025 4607 1115 4661 neque
1134 4590 1237 4654 aetatis,
1259 4587 1416 4658 catalogum
1436 4604 1453 4640 a
1471 4587 1543 4641 Lilie
1562 4586 1655 4642 datum
1677 4593 1773 4641 exacte

226 4689 312 4729 xxxvt
328 4675 463 4730 librorum
483 4676 687 4749 Philonis‚qno
703 4677 870 4732 describitur
887 4680 973 4733 codex
1008 4680 1198 4734 redhibeant.
1224 4680 1320 4749 Neque
1348 4675 1438 4746 magis
1465 4677 1555 4730 detexi
1582 4676 1773 4748 apographum

226 4762 362 4817 hilianus.
376 4765 428 4819 Sed
449 4765 553 4818 trustra
572 4764 651 4819 illurn
671 4767 744 4819 intes·
762 4770 805 4820 tot
821 4768 973 4823 Vaticsues
1027 4784 1149 4840 graecum
1169 4783 1203 4822 ex
1222 4766 1317 4822 codice
1344 4767 1532 4832 Besserionis,
1552 4783 1619 4820 eura
1643 4771 1672 4820 et
1689 4782 1771 4821 manu

226 4851 354 4922 quaesivi,
373 4853 427 4904 uisi
447 4852 517 4924 quod
539 4851 601 4912 Vel.
620 4852 675 4908 380
692 4860 719 4908 et
743 4852 815 4908 atla
836 4857 863 4909 in
889 4872 973 4909 unum
1026 4858 1197 4932 Tylernatis,
1217 4861 1249 4913 ut
1266 4858 1416 4927 videretur,
1435 4857 1616 4929 descriptum.
