4038 6088
278 477 335 539 ιον
868 441 869 448 ‘
954 466 1147 533 omnnnns

276 622 587 720 χεῖραςκατίσχυσεν
611 631 626 689 ὁ
651 625 806 715 Ἀμαλήκ.
831 627 899 691 Καί·
919 625 1024 690 Ἐπαί-
1077 647 1125 694 ses
1140 646 1255 711 manns,
1274 639 1335 694 tum
1349 630 1506 713 praevatuit
1521 631 1650 696 Amalec.
1666 631 1719 696 tn:
1745 656 1759 692 ι
1776 632 1829 696 Le·

278 761 380 824 ροντες
397 737 497 811 ὁσίους
513 746 618 825 χεῖρας
635 734 728 824 χωρὶς
742 738 835 827 ὀργῆς
849 733 903 798 καὶ
919 725 1025 798 διαλο-
1077 747 1184 802 nantes
1205 737 1344 803 innocuas
1372 756 1477 804 manus
1497 738 1562 803 sine
1589 738 1634 804 ira
1654 749 1685 804 et
1706 747 1829 805 contro-

274 842 635 933 γισμοῦ,Καί·Ἕπαρσις
647 850 710 906 τῶν
724 851 835 931 χειρῶν
849 865 919 929 μου,
933 840 1023 905 θυσία
1078 846 1217 910 versia.»
1240 846 1291 910 ln.
1325 845 1489 911 «Eletatio
1516 862 1655 910 mannum
1685 861 1827 924 mearum,

275 949 430 1039 ἑσπερινή.
449 949 575 1037 Εἵπσιμι
592 947 628 1012 ἂν
645 941 697 1012 οὖν
714 949 764 1013 ὅτι
777 954 809 1011 αἱ
820 959 921 1039 χεῖρες
933 954 1023 1036 ἡμῶν
1078 953 1255 1020 sacrificium
1277 954 1524 1035 vespertinum.»
1546 952 1659 1018 Possim
1680 971 1752 1036 ergo
1769 971 1827 1033 ego
1939 955 1947 962 '

276 1064 308 1122 αἱ
328 1050 454 1145 πράξεις
470 1062 560 1144 ἡμῶν
578 1062 664 1135 εἰσιν,
682 1061 714 1120 αἱ
737 1055 821 1121 κατὰ
837 1049 1023 1120 θεοσέῧειαν·
1077 1061 1184 1140 dicere,
1205 1078 1310 1125 manus
1329 1070 1446 1126 nostras
1466 1081 1533 1126 esse
1553 1063 1683 1128 notiones
1697 1073 1826 1142 nostras,

275 1163 328 1228 ἐάν
349 1156 584 1253 θησαυρῖζωμεν
609 1167 639 1226 ἐν
664 1166 812 1252 οὐρανοῖς,
829 1162 942 1252 ἔχομεν
966 1162 1023 1238 τάς
1078 1166 1179 1250 pietati
1208 1176 1429 1234 consentaneas,
1451 1169 1538 1247 Quod
1563 1170 1589 1234 si
1619 1170 1770 1235 thesauros
1797 1170 1826 1234 in

275 1283 380 1361 χεῖρας
405 1273 580 1361 ἐπηρμένοις
595 1271 669 1360 πρὸς
686 1271 740 1336 τὸν
757 1272 847 1349 Θεὸν,
863 1273 918 1335 καὶ
937 1282 1026 1336 νικῶ-
1077 1274 1166 1339 coelos
1184 1275 1338 1353 mittimttS,
1359 1275 1501 1342 habemns
1520 1278 1650 1342 elevatas
1671 1294 1774 1340 manus
1787 1277 1826 1342 atl

277 1405 333 1468 μεν
358 1381 413 1444 τδν
437 1379 556 1469 ἐχθρόν.
575 1378 676 1445 Ὅταν
701 1371 735 1444 δὲ
754 1386 843 1468 ἡμῶν
868 1386 900 1443 αἱ
923 1391 1023 1470 χεῖρες
1078 1381 1184 1463 Denm,
1206 1393 1237 1448 et
1263 1383 1409 1449 vincimus
1429 1383 1555 1450 hostem.
1577 1384 1702 1464 Quando
1727 1394 1825 1449 antem

276 1488 363 1552 κάτω
371 1485 532 1578 γένωνται,
542 1485 1023 1576 ἀνάγκηὴμᾶςνικᾶσθαι.“οταν
1077 1506 1181 1554 manus
1202 1489 1278 1554 inira
1299 1490 1502 1572 demittuntur,
1526 1510 1648 1558 neeesse
1668 1500 1714 1557 est
1726 1491 1828 1559 vinos·
1910 1545 1912 1548 .

276 1589 327 1659 οὖν
351 1596 467 1683 ἑταίρω
490 1592 547 1670 τὰς
562 1593 667 1683 χεῖράς
685 1617 743 1682 μου
767 1595 841 1683 πρὸς
861 1597 915 1660 τὸν
934 1596 1023 1674 Θεὸν,
1077 1611 1153 1659 nur.
1170 1593 1269 1673 Quum
1281 1595 1371 1676 igitur
1385 1597 1455 1661 tollo
1466 1616 1571 1662 manus
1582 1615 1662 1664 mens
1672 1598 1711 1662 ad
1722 1597 1827 1675 Deum,

275 1703 329 1768 καὶ
361 1693 412 1767 διὰ
440 1711 503 1766 τῶν
534 1711 645 1791 χειρῶν
677 1713 735 1778 τῆς
767 1700 868 1792 ψυχῆς
898 1701 1024 1792 ὑψῶμαι
1076 1710 1291 1784 etpermanns
1311 1701 1420 1766 animm
1440 1703 1588 1769 subvehor
1609 1703 1648 1770 nd
1668 1707 1826 1782 συνκοιν-

275 1808 349 1898 πρὸς
374 1809 479 1884 αὑτὸν,
504 1817 629 1872 νικᾶται
652 1808 702 1872 ὑπ’
723 1813 798 1897 ἐμοῦ
823 1813 838 1873 ὁ
863 1810 1048 1898 Ἀμαλὴκ,,
1076 1809 1153 1874 nitur
1165 1809 1253 1874 simul
1265 1809 1426 1876 Amalenet
1436 1811 1606 1879 destruitur.
1617 1814 1742 1896 Oportet
1754 1828 1826 1894 ergo

276 1915 329 1980 nni
352 1906 489 2003 οὐδαμοῦ
506 1918 599 1978 ἐστιν·
616 1919 725 1981 οὐκοῦν
743 1908 793 1981 δεῖ
804 1919 939 2007 ἐπαίρειν
959 1943 981 2007 χ
984 1930 1025 1983 εῒ-
1076 1916 1250 1983 attollantur
1271 1936 1375 1984 manns
1395 1919 1434 1984 ad
1454 1920 1595 2002 templum
1609 1929 1743 1985 sanctum
1757 1919 1823 1985 Dei.

278 2046 329 2112 ρας
352 2022 426 2111 πρὸς
449 2021 522 2086 ναὸν
547 2021 635 2114 ἅγιον
658 2033 715 2088 τοῦ
739 2031 829 2090 Θεοῦ·
854 2030 869 2089 ὁ
894 2027 964 2102 ναὸς
989 2018 1023 2092 δὲ
1075 2025 1227 2109 Templum
1249 2036 1347 2098 nutem
1367 2025 1422 2091 Dei
1444 2026 1535 2109 gloria
1557 2027 1610 2093 Dsi
1631 2034 1689 2092 est.

275 2137 331 2192 τοῦ
356 2133 436 2193 Θεοῦ
462 2120 538 2206 δόξα
562 2131 629 2194 ἐστὶ
651 2141 707 2194 τοῦ
731 2137 820 2196 Θεοῦ.
844 2131 901 2194 BB.
926 2132 995 2196 637.

319 2254 350 2298 v.
374 2235 423 2298 10.
447 2239 500 2312 Τίς
524 2241 608 2301 ἐστιν
640 2233 729 2314 οὗτος
753 2243 769 2302 ὁ
794 2241 939 2324 βασιλεὺς
963 2253 1022 2318 τῆς
1117 2257 1148 2302 ν.
1172 2240 1221 2305 m.
1247 2239 1317 2316 Qm
1336 2243 1509 2304 emiserim
1523 2239 1660 2322 pterim?
1682 2239 1826 2305 Dominio

275 2335 368 2421 δόξης
378 2370 384 2422 ;
403 2344 510 2434 Κύριος
526 2345 673 2434 κραταιὸς
690 2347 744 2411 καὶ
760 2337 899 2424 δυνατὸς,
914 2348 1022 2439 Κύριος
1074 2348 1161 2429 sorim
1179 2356 1206 2411 ei
1223 2355 1335 2430 potent,
1360 2347 1501 2411 Dominus
1521 2350 1664 2411 oirtnlnnt.

275 2459 337 2514 τῶν
359 2442 528 2539 δυνάμεων.

319 2557 456 2632 Εἰκότως
472 2563 491 2632 tt
510 2559 742 2650 Παντοκράτωρ
768 2561 852 2649 ρωνὴ
877 2573 934 2628 τοῦ
958 2570 1025 2629 Σω-
1115 2563 1186 2627 Jure
1207 2563 1314 2628 merito
1339 2579 1443 2627 vocem
1466 2561 1643 2627 omnitenens
1662 2561 1700 2627 de
1720 2560 1825 2626 Salva·

273 2673 368 2753 τῆρος
391 2664 638 2755 κατηγορηθείη·
655 2672 681 2730 εἰ
705 2666 764 2758 γάρ
788 2668 895 2734 πάντα
912 2660 951 2733 δι’
971 2675 1023 2736 αὑ·
1075 2678 1139 2734 tore
1153 2669 1375 2752 praedicaveris.
1399 2669 1429 2734 Si
1451 2669 1530 2734 enim
1550 2671 1648 2734 omnia
1663 2669 1824 2752 peripsum

274 2779 330 2834 τοῦ
354 2771 491 2862 γέγονεν,
516 2773 571 2836 καὶ
594 2774 687 2850 αὑτός
707 2779 791 2841 ἐστιν
808 2777 867 2866 πρὸ
883 2777 1021 2856 πάντων,
1076 2778 1152 2844 lacta
1167 2789 1245 2856 sunt,
1262 2789 1294 2844 et
1314 2779 1379 2862 ipse
1398 2791 1444 2845 est
1464 2789 1532 2843 ante
1553 2778 1663 2858 omnia,
1679 2788 1710 2842 et
1724 2778 1823 2842 omnia

274 2878 327 2941 καὶ
349 2879 391 2944 τά
413 2881 519 2946 πάντα
535 2884 567 2946 ἐν
585 2887 670 2965 αὐτῷ
687 2883 888 2972 συνέστηκεν,
912 2898 1025 2978 κρατεῖ
1076 2879 1105 2946 in
1128 2883 1192 2964 ipso
1213 2893 1360 2960 constant,
1381 2893 1411 2947 et
1432 2902 1483 2966 per
1503 2901 1585 2948 suant
1607 2881 1824 2963 providentiam

274 3010 311 3049 τε
333 2998 545 3077 προνοητικῶς
569 2999 632 3054 τῶν
649 2981 687 3054 δι’
705 2995 801 3056 αὺτοῦ
817 2991 943 3058 πάντων
967 3018 1022 3085 γε·
1075 2991 1206 3056 mnttnm
1220 2992 1318 3055 omnia
1333 3009 1400 3074 qum
1415 2992 1453 3055 ab
1466 3009 1503 3056 eo
1518 2991 1594 3055 lacta
1608 2999 1687 3067 sunt,
1698 3000 1729 3055 et
1744 2991 1824 3072 prior

273 3096 464 3186 γενομένων,
488 3097 541 3160 καὶ
564 3099 622 3188 πρὸ
647 3099 772 3164 πάντων
797 3101 882 3165 ἐστὶν
903 3112 965 3166 τῶν
990 3110 1020 3169 ἐν
1075 3095 1270 3162 enomntum
1293 3115 1476 3181 rerumquae
1502 3098 1531 3161 in
1557 3097 1621 3180 ipso
1647 3098 1823 3168 nonsistunt,

273 3206 359 3285 αὐτῷ
375 3201 567 3280 συστάντων,
593 3204 770 3282 ἀκολούθως
786 3208 1021 3302 Παντοκράτωρ
1074 3211 1286 3286 consequenter
1305 3202 1469 3284 appellatur
1492 3201 1702 3287 Omnicnpiens.
1727 3203 1824 3284 Ipsius
1935 3191 1939 3201 ’

272 3311 412 3400 λέγεται·
436 3315 531 3375 αὺτοῦ
555 3321 629 3402 γοῦν
646 3317 730 3377 ἐστιν
746 3313 910 3401 πρόσωπον
927 3315 1020 3407 λέγον
1077 3309 1168 3391 igitur
1188 3319 1235 3376 est
1254 3329 1378 3394 persona
1399 3329 1468 3394 quae
1483 3311 1611 3396 loquitur
1625 3313 1703 3396 npnd
1717 3310 1826 3375 Zacha-

273 3419 304 3479 ὲν
322 3419 470 3507 Ζαχαρία·
487 3419 593 3493 Οὕτως
609 3419 696 3510 λέγει
712 3418 819 3509 Κύριος
839 3421 1022 3512 Παντοκρά-
1075 3417 1166 3482 riam:
1185 3418 1262 3482 «Sic
1276 3417 1419 3483 Dominus
1433 3419 1626 3500 Omnipotens
1647 3418 1734 3485 dicit:
1759 3427 1826 3500 poet

272 3548 348 3614 τωρ·
363 3523 481 3588 Ὀπίσω
498 3515 590 3601 δόξης
603 3525 770 3590 ἀπέστειλέ
783 3551 831 3614 με,
846 3527 899 3590 καὶ
914 3525 1019 3619 γνώσῃ
1074 3520 1196 3602 gloriam
1217 3522 1298 3587 misit
1318 3541 1376 3602 me,
1398 3533 1428 3589 et
1449 3525 1622 3608 cognoveris
1640 3525 1709 3608 qnia
1725 3526 1825 3591 Domi·

273 3631 323 3694 ὅτι
335 3628 443 3718 Κύριος
456 3630 688 3720 Παντοκράτωρ
702 3631 881 3697 ἀπέσταλκέ
895 3657 934 3720 με
946 3634 1021 3722 πρὸς
1076 3647 1131 3694 nns
1155 3629 1346 3713 Omnipotens
1366 3631 1448 3695 misit
1467 3649 1513 3696 me
1538 3631 1577 3696 ad
1601 3641 1641 3696 te.
1666 3655 1680 3692 υ
1706 3633 1824 3698 Etenim

273 3737 316 3800 σέ.
340 3736 571 3826 Παντοκράτωρ
595 3737 656 3829 γάρ
680 3740 739 3804 ὑπὸ
763 3741 1020 3832 Παντοκράτορος
1074 3736 1537 3820 OmnipotensabOmnipotente
1546 3738 1720 3816 missu8,est
1734 3739 1825 3804 Filios

274 3844 546 3933 ἀποστελλόμενος
569 3849 585 3908 ὁ
610 3844 679 3920 Υἱός
703 3850 798 3923 εστιν,
816 3849 875 3913 ὑπὸ
900 3850 1020 3941 Πατρος
1075 3843 1182 3908 missus
1206 3861 1223 3908 a
1252 3844 1348 3909 Patre.
1372 3843 1528 3926 Psrspione
1551 3854 1651 3910 amen
1678 3844 1708 3908 in
1729 3844 1824 3910 toan·

273 3951 481 4041 πεμπόμενος.
491 3944 726 4044 Ἀριδηλὸτατα
739 3946 772 4019 δὲ
784 3958 815 4020 ἐν
827 3966 867 4041 τῇ
881 3954 1021 4021 Ἰωάννου
1075 3950 1123 4015 nis
1134 3952 1312 4038 Apocalypsi
1327 3952 1519 4036 Omnipotens
1532 3962 1657 4018 vocatur
1671 3951 1820 4017 Salvator:

272 4058 494 4149 Ἀποκαλάψει,
520 4062 749 4153 Παντοκράτωρ
765 4067 781 4126 ὁ
799 4063 911 4154 Σωτὴρ
934 4065 1023 4154 λέγε·
1078 4087 1092 4124 ο
1106 4063 1177 4128 Hanc
1191 4065 1270 4129 enim
1281 4063 1356 4129 dicit
1368 4064 1519 4146 DominnS,
1533 4065 1616 4130 testis
1627 4062 1676 4129 ille
1685 4063 1780 4130 tidelis
1793 4073 1824 4128 et

272 4190 334 4230 ται.
353 4159 438 4233 Τάδε
453 4167 514 4260 γάρ
530 4168 616 4260 λέγει
629 4170 746 4260 Κύριος,
760 4174 776 4234 ὁ
790 4170 907 4261 μάρτυς
924 4176 1023 4236 ὁπισ-
1075 4187 1175 4251 terno,
1191 4172 1242 4254 qni
1264 4183 1340 4251 erat,
1363 4182 1393 4238 et
1412 4173 1462 4255 qui
1484 4182 1540 4252 est,
1562 4181 1593 4237 et
1613 4172 1662 4255 qni
1677 4179 1823 4236 tenturus

271 4275 324 4349 τὸς
341 4274 395 4339 καὶ
411 4274 566 4352 ἀληθινὸς,
583 4281 600 4339 ὁ
617 4272 655 4352 ἧν
672 4276 725 4341 καὶ
742 4281 758 4340 ὁ
775 4276 817 4340 ὢν
833 4279 886 4342 καὶ
901 4283 917 4341 ὁ
935 4279 1022 4367 ἑρχό-
1074 4289 1131 4359 est,
1145 4280 1288 4345 Dominus
1309 4280 1389 4345 Deus
1408 4280 1632 4363 Omnipotens.»
1647 4277 1823 4345 Nullatentts

273 4404 362 4469 μενος
376 4382 892 4475 ΚύριοςὸθιὸςὸΠαντοκράτωρ.
907 4384 1023 4474 Ἀναμ-
1075 4387 1302 4468 ambigendum,
1330 4389 1485 4471 quominus
1514 4387 1578 4451 haec
1604 4386 1642 4453 de
1669 4385 1741 4451 Filio
1768 4384 1821 4452 ‹n-

272 4480 476 4577 ρισῧητήτως
500 4501 604 4555 ταῦτα
627 4492 697 4580 περὶ
712 4503 767 4556 τοῦ
793 4497 864 4557 Υἱοῢ
888 4495 1020 4580 εἴρηται.
1075 4501 1192 4558 eantur.

879 4753 1049 4828 Psalmus
1072 4753 1220 4828 XXIV.

209 4949 211 4956 ’
317 4966 347 5011 v.
361 4948 389 5012 l.
403 4948 567 5025 Μνήσθητι
580 4960 642 5015 τῶν
660 4956 827 5040 οἰκτιρμῶν
845 4973 908 5015 σου.
930 4948 1017 5014 Vntic.
1111 4968 1144 5013 ν.
1168 4951 1197 5014 l.
1222 4950 1360 5014 Memento
1380 4950 1595 5015 miserationum
1616 4956 1739 5015 mamm.

272 5075 302 5138 p.
328 5057 400 5134 638,
424 5058 452 5121 1.

311 5235 355 5288 ns.
378 5236 486 5305 xxiv,
507 5255 532 5292 v.
554 5236 580 5291 4.
604 5240 667 5294 vm.
692 5237 733 5294 13.
