<?xml version="1.0" encoding="UTF-8"?>
<!DOCTYPE html PUBLIC "-//W3C//DTD XHTML 1.0 Transitional//EN"
    "http://www.w3.org/TR/xhtml1/DTD/xhtml1-transitional.dtd">
<html xmlns="http://www.w3.org/1999/xhtml" xml:lang="en" lang="en">
 <head>
  <title>
</title>
<meta http-equiv="Content-Type" content="text/html;charset=utf-8" />
  <meta name='ocr-system' content='tesseract 3.04.00' />
  <meta name='ocr-capabilities' content='ocr_page ocr_carea ocr_par ocr_line ocrx_word'/>
</head>
<body>
  <div class='ocr_page' id='page_1' title='image "./analectasacrasp01pitrgoog_0627.png"; bbox 0 0 3966 6120; ppageno 0'>
   <div class='ocr_carea' id='block_1_1' title="bbox 218 457 1188 524">
    <p class='ocr_par' dir='ltr' id='par_1_1' title="bbox 218 457 1188 524">
     <span class='ocr_line' id='line_1_1' title="bbox 218 457 1188 524; baseline -0.002 0"><span class='ocrx_word' id='word_1_1' title='bbox 218 459 276 524; x_wconf 78' lang='lat' dir='ltr'><strong>hio</strong></span> <span class='ocrx_word' id='word_1_2' title='bbox 795 457 986 524; x_wconf 71' lang='lat' dir='ltr'><strong>assumuth</strong></span> <span class='ocrx_word' id='word_1_3' title='bbox 1008 457 1188 523; x_wconf 85' lang='lat' dir='ltr'><strong>EUCllEllll</strong></span> 
     </span>
    </p>
   </div>
   <div class='ocr_carea' id='block_1_2' title="bbox 218 609 1821 1345">
    <p class='ocr_par' dir='ltr' id='par_1_2' title="bbox 218 609 1762 915">
     <span class='ocr_line' id='line_1_2' title="bbox 219 609 1762 696; baseline 0.001 -18"><span class='ocrx_word' id='word_1_4' title='bbox 219 610 358 688; x_wconf 73' lang='lat' dir='ltr'><strong>strictior,</strong></span> <span class='ocrx_word' id='word_1_5' title='bbox 379 626 415 676; x_wconf 91' lang='lat' dir='ltr'><strong>ac</strong></span> <span class='ocrx_word' id='word_1_6' title='bbox 434 609 544 694; x_wconf 79' lang='lat' dir='ltr'><strong>singuli</strong></span> <span class='ocrx_word' id='word_1_7' title='bbox 564 627 669 677; x_wconf 81' lang='lat' dir='ltr'><strong>versus</strong></span> <span class='ocrx_word' id='word_1_8' title='bbox 689 619 822 677; x_wconf 78' lang='lat' dir='ltr'><strong>constare</strong></span> <span class='ocrx_word' id='word_1_9' title='bbox 842 610 938 676; x_wconf 89' lang='lat' dir='ltr'><strong>solent</strong></span> <span class='ocrx_word' id='word_1_10' title='bbox 951 613 990 676; x_wconf 80' lang='lat' dir='ltr'><strong>tt</strong></span> <span class='ocrx_word' id='word_1_11' title='bbox 1007 611 1122 692; x_wconf 83' lang='lat' dir='ltr'><strong>litteris,</strong></span> <span class='ocrx_word' id='word_1_12' title='bbox 1138 611 1208 677; x_wconf 92' lang='lat' dir='ltr'><strong>dom</strong></span> <span class='ocrx_word' id='word_1_13' title='bbox 1227 610 1307 696; x_wconf 91' lang='lat' dir='ltr'><strong>apud</strong></span> <span class='ocrx_word' id='word_1_14' title='bbox 1326 610 1501 678; x_wconf 78' lang='lat' dir='ltr'><strong>Eucherium</strong></span> <span class='ocrx_word' id='word_1_15' title='bbox 1519 609 1635 679; x_wconf 72' lang='lat' dir='ltr'><strong>circiter</strong></span> <span class='ocrx_word' id='word_1_16' title='bbox 1654 615 1694 679; x_wconf 75' lang='lat' dir='ltr'><strong>th</strong></span> <span class='ocrx_word' id='word_1_17' title='bbox 1713 629 1762 678; x_wconf 89' lang='lat' dir='ltr'><strong>oc·</strong></span> 
     </span>
     <span class='ocr_line' id='line_1_3' title="bbox 219 719 1761 806; baseline 0.003 -20"><span class='ocrx_word' id='word_1_18' title='bbox 219 729 349 788; x_wconf 92' lang='lat' dir='ltr'><strong>currunt.</strong></span> <span class='ocrx_word' id='word_1_19' title='bbox 373 719 429 788; x_wconf 87' lang='lat' dir='ltr'><strong>llix</strong></span> <span class='ocrx_word' id='word_1_20' title='bbox 450 721 543 801; x_wconf 89' lang='lat' dir='ltr'><strong>igitur</strong></span> <span class='ocrx_word' id='word_1_21' title='bbox 562 738 623 785; x_wconf 93' lang='lat' dir='ltr'><strong>non</strong></span> <span class='ocrx_word' id='word_1_22' title='bbox 642 719 770 800; x_wconf 87' lang='lat' dir='ltr'><strong>credam,</strong></span> <span class='ocrx_word' id='word_1_23' title='bbox 787 719 925 786; x_wconf 79' lang='lat' dir='ltr'><strong>Eucherii</strong></span> <span class='ocrx_word' id='word_1_24' title='bbox 945 721 1070 806; x_wconf 87' lang='lat' dir='ltr'><strong>paginas</strong></span> <span class='ocrx_word' id='word_1_25' title='bbox 1090 739 1157 787; x_wconf 88' lang='lat' dir='ltr'><strong>csse</strong></span> <span class='ocrx_word' id='word_1_26' title='bbox 1177 719 1321 786; x_wconf 87' lang='lat' dir='ltr'><strong>Psalterio</strong></span> <span class='ocrx_word' id='word_1_27' title='bbox 1341 719 1430 804; x_wconf 88' lang='lat' dir='ltr'><strong>paulo</strong></span> <span class='ocrx_word' id='word_1_28' title='bbox 1450 720 1648 805; x_wconf 79' lang='lat' dir='ltr'><strong>antiquiores.</strong></span> <span class='ocrx_word' id='word_1_29' title='bbox 1671 722 1761 790; x_wconf 82' lang='lat' dir='ltr'><strong>Deest</strong></span> 
     </span>
     <span class='ocr_line' id='line_1_4' title="bbox 218 830 1185 915; baseline 0.001 -20"><span class='ocrx_word' id='word_1_30' title='bbox 218 830 279 895; x_wconf 88' lang='lat' dir='ltr'><strong>lere</strong></span> <span class='ocrx_word' id='word_1_31' title='bbox 298 848 414 914; x_wconf 83' lang='lat' dir='ltr'><strong>semper</strong></span> <span class='ocrx_word' id='word_1_32' title='bbox 434 830 526 914; x_wconf 84' lang='lat' dir='ltr'><strong>major</strong></span> <span class='ocrx_word' id='word_1_33' title='bbox 545 831 645 895; x_wconf 86' lang='lat' dir='ltr'><strong>littera</strong></span> <span class='ocrx_word' id='word_1_34' title='bbox 665 830 705 894; x_wconf 89' lang='lat' dir='ltr'><strong>ah</strong></span> <span class='ocrx_word' id='word_1_35' title='bbox 726 830 814 894; x_wconf 90' lang='lat' dir='ltr'><strong>initio</strong></span> <span class='ocrx_word' id='word_1_36' title='bbox 835 830 1047 897; x_wconf 81' lang='lat' dir='ltr'><strong>versiculorum</strong></span> <span class='ocrx_word' id='word_1_37' title='bbox 1068 831 1185 915; x_wconf 90' lang='lat' dir='ltr'><strong>psalmi.</strong></span> 
     </span>
    </p>

    <p class='ocr_par' dir='ltr' id='par_1_3' title="bbox 218 936 1821 1345">
     <span class='ocr_line' id='line_1_5' title="bbox 258 936 1760 1023; baseline -0.001 -20"><span class='ocrx_word' id='word_1_38' title='bbox 258 937 334 1019; x_wconf 79' lang='lat' dir='ltr'><strong>Qum</strong></span> <span class='ocrx_word' id='word_1_39' title='bbox 353 955 421 1002; x_wconf 89' lang='lat' dir='ltr'><strong>oum</strong></span> <span class='ocrx_word' id='word_1_40' title='bbox 441 939 484 1003; x_wconf 89' lang='lat' dir='ltr'><strong>ita</strong></span> <span class='ocrx_word' id='word_1_41' title='bbox 505 937 576 1018; x_wconf 88' lang='lat' dir='ltr'><strong>sint,</strong></span> <span class='ocrx_word' id='word_1_42' title='bbox 590 936 670 1004; x_wconf 87' lang='lat' dir='ltr'><strong>haud</strong></span> <span class='ocrx_word' id='word_1_43' title='bbox 685 938 828 1004; x_wconf 88' lang='lat' dir='ltr'><strong>insulsum</strong></span> <span class='ocrx_word' id='word_1_44' title='bbox 842 939 1069 1023; x_wconf 72' lang='lat' dir='ltr'><strong>perurgerent,</strong></span> <span class='ocrx_word' id='word_1_45' title='bbox 1085 940 1111 1006; x_wconf 92' lang='lat' dir='ltr'><strong>si</strong></span> <span class='ocrx_word' id='word_1_46' title='bbox 1125 939 1317 1006; x_wconf 87' lang='lat' dir='ltr'><strong>huceecedal</strong></span> <span class='ocrx_word' id='word_1_47' title='bbox 1337 938 1440 1004; x_wconf 91' lang='lat' dir='ltr'><strong>lolium</strong></span> <span class='ocrx_word' id='word_1_48' title='bbox 1460 947 1593 1005; x_wconf 88' lang='lat' dir='ltr'><strong>nostrum</strong></span> <span class='ocrx_word' id='word_1_49' title='bbox 1613 938 1760 1018; x_wconf 87' lang='lat' dir='ltr'><strong>ultimum,</strong></span> 
     </span>
     <span class='ocr_line' id='line_1_6' title="bbox 218 1035 1821 1134; baseline 0.001 -24"><span class='ocrx_word' id='word_1_50' title='bbox 218 1054 359 1132; x_wconf 91' lang='lat' dir='ltr'><strong>quantum</strong></span> <span class='ocrx_word' id='word_1_51' title='bbox 379 1047 453 1130; x_wconf 90' lang='lat' dir='ltr'><strong>eripi</strong></span> <span class='ocrx_word' id='word_1_52' title='bbox 476 1054 573 1129; x_wconf 90' lang='lat' dir='ltr'><strong>potest</strong></span> <span class='ocrx_word' id='word_1_53' title='bbox 592 1066 629 1113; x_wconf 84' lang='lat' dir='ltr'><strong>ex</strong></span> <span class='ocrx_word' id='word_1_54' title='bbox 642 1047 736 1113; x_wconf 82' lang='lat' dir='ltr'><strong>Erebo</strong></span> <span class='ocrx_word' id='word_1_55' title='bbox 751 1048 816 1114; x_wconf 82' lang='lat' dir='ltr'><strong>sive</strong></span> <span class='ocrx_word' id='word_1_56' title='bbox 831 1050 936 1128; x_wconf 82' lang='lat' dir='ltr'><strong>toxico,</strong></span> <span class='ocrx_word' id='word_1_57' title='bbox 953 1050 1076 1129; x_wconf 77' lang='lat' dir='ltr'><strong>integre</strong></span> <span class='ocrx_word' id='word_1_58' title='bbox 1087 1049 1177 1134; x_wconf 81' lang='lat' dir='ltr'><strong>priori</strong></span> <span class='ocrx_word' id='word_1_59' title='bbox 1193 1049 1309 1133; x_wconf 78' lang='lat' dir='ltr'><strong>paginae</strong></span> <span class='ocrx_word' id='word_1_60' title='bbox 1329 1048 1392 1114; x_wconf 90' lang='lat' dir='ltr'><strong>dire</strong></span> <span class='ocrx_word' id='word_1_61' title='bbox 1404 1048 1573 1132; x_wconf 89' lang='lat' dir='ltr'><strong>superluso;</strong></span> <span class='ocrx_word' id='word_1_62' title='bbox 1590 1064 1687 1133; x_wconf 92' lang='lat' dir='ltr'><strong>neque</strong></span> <span class='ocrx_word' id='word_1_63' title='bbox 1709 1045 1762 1112; x_wconf 93' lang='lat' dir='ltr'><strong>ulli</strong></span> <span class='ocrx_word' id='word_1_64' title='bbox 1797 1035 1821 1048; x_wconf 69' lang='grc'><strong>’”</strong></span> 
     </span>
     <span class='ocr_line' id='line_1_7' title="bbox 218 1152 1761 1240; baseline -0.002 -20"><span class='ocrx_word' id='word_1_65' title='bbox 218 1154 401 1220; x_wconf 88' lang='lat' dir='ltr'><strong>stomachum</strong></span> <span class='ocrx_word' id='word_1_66' title='bbox 423 1157 576 1236; x_wconf 78' lang='lat' dir='ltr'><strong>moverim,</strong></span> <span class='ocrx_word' id='word_1_67' title='bbox 598 1153 678 1220; x_wconf 91' lang='lat' dir='ltr'><strong>acsi</strong></span> <span class='ocrx_word' id='word_1_68' title='bbox 699 1153 915 1221; x_wconf 87' lang='lat' dir='ltr'><strong>Eucherianum</strong></span> <span class='ocrx_word' id='word_1_69' title='bbox 936 1156 1066 1222; x_wconf 89' lang='lat' dir='ltr'><strong>codicem</strong></span> <span class='ocrx_word' id='word_1_70' title='bbox 1087 1175 1182 1240; x_wconf 86' lang='lat' dir='ltr'><strong>usquc</strong></span> <span class='ocrx_word' id='word_1_71' title='bbox 1208 1155 1246 1221; x_wconf 93' lang='lat' dir='ltr'><strong>ad</strong></span> <span class='ocrx_word' id='word_1_72' title='bbox 1267 1156 1354 1220; x_wconf 77' lang='lat' dir='ltr'><strong>lacces</strong></span> <span class='ocrx_word' id='word_1_73' title='bbox 1380 1154 1536 1222; x_wconf 77' lang='lat' dir='ltr'><strong>exhaurire</strong></span> <span class='ocrx_word' id='word_1_74' title='bbox 1561 1152 1761 1220; x_wconf 87' lang='lat' dir='ltr'><strong>sustinuerim.</strong></span> 
     </span>
     <span class='ocr_line' id='line_1_8' title="bbox 219 1259 1762 1345; baseline -0.001 -19"><span class='ocrx_word' id='word_1_75' title='bbox 219 1261 326 1343; x_wconf 79' lang='lat' dir='ltr'><strong>Agitur</strong></span> <span class='ocrx_word' id='word_1_76' title='bbox 339 1261 417 1328; x_wconf 88' lang='lat' dir='ltr'><strong>enim</strong></span> <span class='ocrx_word' id='word_1_77' title='bbox 432 1261 469 1326; x_wconf 90' lang='lat' dir='ltr'><strong>de</strong></span> <span class='ocrx_word' id='word_1_78' title='bbox 490 1261 599 1345; x_wconf 89' lang='lat' dir='ltr'><strong>pagina</strong></span> <span class='ocrx_word' id='word_1_79' title='bbox 614 1277 710 1340; x_wconf 84' lang='lat' dir='ltr'><strong>sacro,</strong></span> <span class='ocrx_word' id='word_1_80' title='bbox 724 1277 814 1345; x_wconf 89' lang='lat' dir='ltr'><strong>quam</strong></span> <span class='ocrx_word' id='word_1_81' title='bbox 829 1261 924 1344; x_wconf 88' lang='lat' dir='ltr'><strong>patria</strong></span> <span class='ocrx_word' id='word_1_82' title='bbox 939 1260 1145 1342; x_wconf 84' lang='lat' dir='ltr'><strong>Lugdunensis</strong></span> <span class='ocrx_word' id='word_1_83' title='bbox 1164 1279 1239 1344; x_wconf 86' lang='lat' dir='ltr'><strong>mea,</strong></span> <span class='ocrx_word' id='word_1_84' title='bbox 1255 1272 1326 1328; x_wconf 90' lang='lat' dir='ltr'><strong>ante</strong></span> <span class='ocrx_word' id='word_1_85' title='bbox 1340 1262 1394 1328; x_wconf 88' lang='lat' dir='ltr'><strong>tria</strong></span> <span class='ocrx_word' id='word_1_86' title='bbox 1412 1261 1478 1327; x_wconf 88' lang='lat' dir='ltr'><strong>inde</strong></span> <span class='ocrx_word' id='word_1_87' title='bbox 1492 1270 1522 1328; x_wconf 90' lang='lat' dir='ltr'><strong>et</strong></span> <span class='ocrx_word' id='word_1_88' title='bbox 1542 1261 1623 1326; x_wconf 92' lang='lat' dir='ltr'><strong>mille</strong></span> <span class='ocrx_word' id='word_1_89' title='bbox 1642 1259 1762 1340; x_wconf 81' lang='lat' dir='ltr'><strong>secula,</strong></span> 
     </span>
    </p>
   </div>
   <div class='ocr_carea' id='block_1_3' title="bbox 126 1367 1766 1453">
    <p class='ocr_par' dir='ltr' id='par_1_4' title="bbox 126 1367 1766 1453">
     <span class='ocr_line' id='line_1_9' title="bbox 126 1367 1766 1453; baseline -0.002 -18"><span class='ocrx_word' id='word_1_90' title='bbox 126 1373 128 1377; x_wconf 83' lang='lat'>&#39;</span> <span class='ocrx_word' id='word_1_91' title='bbox 218 1370 336 1452; x_wconf 89' lang='lat' dir='ltr'><strong>legebat</strong></span> <span class='ocrx_word' id='word_1_92' title='bbox 349 1380 380 1436; x_wconf 88' lang='lat' dir='ltr'><strong>et</strong></span> <span class='ocrx_word' id='word_1_93' title='bbox 392 1369 603 1435; x_wconf 82' lang='lat' dir='ltr'><strong>venerahuuda</strong></span> <span class='ocrx_word' id='word_1_94' title='bbox 624 1367 859 1434; x_wconf 74' lang='lat' dir='ltr'><strong>deosculabatur.</strong></span> <span class='ocrx_word' id='word_1_95' title='bbox 875 1367 962 1447; x_wconf 89' lang='lat' dir='ltr'><strong>Quod</strong></span> <span class='ocrx_word' id='word_1_96' title='bbox 974 1368 1093 1452; x_wconf 86' lang='lat' dir='ltr'><strong>quidem</strong></span> <span class='ocrx_word' id='word_1_97' title='bbox 1106 1369 1258 1452; x_wconf 89' lang='lat' dir='ltr'><strong>religionis</strong></span> <span class='ocrx_word' id='word_1_98' title='bbox 1273 1369 1393 1453; x_wconf 90' lang='lat' dir='ltr'><strong>signum</strong></span> <span class='ocrx_word' id='word_1_99' title='bbox 1408 1387 1469 1452; x_wconf 80' lang='lat' dir='ltr'><strong>pre</strong></span> <span class='ocrx_word' id='word_1_100' title='bbox 1483 1388 1518 1436; x_wconf 88' lang='lat' dir='ltr'><strong>se</strong></span> <span class='ocrx_word' id='word_1_101' title='bbox 1531 1369 1607 1434; x_wconf 90' lang='lat' dir='ltr'><strong>lcrre</strong></span> <span class='ocrx_word' id='word_1_102' title='bbox 1620 1377 1650 1434; x_wconf 91' lang='lat' dir='ltr'><strong>et</strong></span> <span class='ocrx_word' id='word_1_103' title='bbox 1661 1367 1766 1451; x_wconf 85' lang='lat' dir='ltr'><strong>jubere</strong></span> 
     </span>
    </p>
   </div>
   <div class='ocr_carea' id='block_1_4' title="bbox 139 1474 1765 1672">
    <p class='ocr_par' dir='ltr' id='par_1_5' title="bbox 139 1474 1765 1672">
     <span class='ocr_line' id='line_1_10' title="bbox 218 1474 1765 1562; baseline -0.003 -18"><span class='ocrx_word' id='word_1_104' title='bbox 218 1479 339 1546; x_wconf 80' lang='lat' dir='ltr'><strong>ridetur</strong></span> <span class='ocrx_word' id='word_1_105' title='bbox 358 1487 456 1544; x_wconf 86' lang='lat' dir='ltr'><strong>crecta</strong></span> <span class='ocrx_word' id='word_1_106' title='bbox 469 1495 487 1543; x_wconf 94' lang='lat' dir='ltr'><strong>a</strong></span> <span class='ocrx_word' id='word_1_107' title='bbox 501 1478 598 1562; x_wconf 88' lang='lat' dir='ltr'><strong>capite</strong></span> <span class='ocrx_word' id='word_1_108' title='bbox 611 1477 715 1561; x_wconf 83' lang='lat' dir='ltr'><strong>psalmi</strong></span> <span class='ocrx_word' id='word_1_109' title='bbox 731 1477 864 1560; x_wconf 81' lang='lat' dir='ltr'><strong>quedam</strong></span> <span class='ocrx_word' id='word_1_110' title='bbox 879 1475 1000 1543; x_wconf 83' lang='lat' dir='ltr'><strong>dextera</strong></span> <span class='ocrx_word' id='word_1_111' title='bbox 1015 1493 1128 1555; x_wconf 89' lang='lat' dir='ltr'><strong>manus,</strong></span> <span class='ocrx_word' id='word_1_112' title='bbox 1145 1477 1241 1544; x_wconf 90' lang='lat' dir='ltr'><strong>indice</strong></span> <span class='ocrx_word' id='word_1_113' title='bbox 1260 1484 1404 1560; x_wconf 85' lang='lat' dir='ltr'><strong>porrecto,</strong></span> <span class='ocrx_word' id='word_1_114' title='bbox 1426 1477 1481 1542; x_wconf 92' lang='lat' dir='ltr'><strong>sub</strong></span> <span class='ocrx_word' id='word_1_115' title='bbox 1502 1476 1608 1558; x_wconf 73' lang='lat' dir='ltr'><strong>rotula,</strong></span> <span class='ocrx_word' id='word_1_116' title='bbox 1623 1475 1663 1540; x_wconf 83' lang='lat' dir='ltr'><strong>ah</strong></span> <span class='ocrx_word' id='word_1_117' title='bbox 1679 1474 1765 1541; x_wconf 93' lang='lat' dir='ltr'><strong>initio</strong></span> 
     </span>
     <span class='ocr_line' id='line_1_11' title="bbox 139 1581 1364 1672; baseline 0 -22"><span class='ocrx_word' id='word_1_118' title='bbox 139 1661 143 1672; x_wconf 22' lang='grc' dir='ltr'>ι</span> <span class='ocrx_word' id='word_1_119' title='bbox 220 1584 338 1667; x_wconf 92' lang='lat' dir='ltr'><strong>depicta</strong></span> <span class='ocrx_word' id='word_1_120' title='bbox 360 1603 426 1650; x_wconf 93' lang='lat' dir='ltr'><strong>cum</strong></span> <span class='ocrx_word' id='word_1_121' title='bbox 448 1584 550 1651; x_wconf 88' lang='lat' dir='ltr'><strong>eadem</strong></span> <span class='ocrx_word' id='word_1_122' title='bbox 571 1594 636 1649; x_wconf 90' lang='lat' dir='ltr'><strong>arte</strong></span> <span class='ocrx_word' id='word_1_123' title='bbox 655 1582 734 1649; x_wconf 91' lang='lat' dir='ltr'><strong>haud</strong></span> <span class='ocrx_word' id='word_1_124' title='bbox 756 1581 914 1666; x_wconf 86' lang='lat' dir='ltr'><strong>ineleganti</strong></span> <span class='ocrx_word' id='word_1_125' title='bbox 937 1583 1026 1649; x_wconf 89' lang='lat' dir='ltr'><strong>totius</strong></span> <span class='ocrx_word' id='word_1_126' title='bbox 1046 1583 1225 1650; x_wconf 89' lang='lat' dir='ltr'><strong>Eucheriani</strong></span> <span class='ocrx_word' id='word_1_127' title='bbox 1243 1584 1364 1651; x_wconf 91' lang='lat' dir='ltr'><strong>codicis.</strong></span> 
     </span>
    </p>
   </div>
   <div class='ocr_carea' id='block_1_5' title="bbox 786 1833 1202 1924">
    <p class='ocr_par' dir='ltr' id='par_1_6' title="bbox 786 1833 1202 1924">
     <span class='ocr_line' id='line_1_12' title="bbox 786 1833 1202 1924; baseline -0.005 -15"><span class='ocrx_word' id='word_1_128' title='bbox 786 1833 974 1924; x_wconf 74' lang='lat' dir='ltr'><strong>[Fecimus</strong></span> <span class='ocrx_word' id='word_1_129' title='bbox 997 1833 1202 1922; x_wconf 75' lang='lat' dir='ltr'><strong>LXXIXJ.</strong></span> 
     </span>
    </p>
   </div>
   <div class='ocr_carea' id='block_1_6' title="bbox 290 2049 1690 5314">
    <p class='ocr_par' dir='ltr' id='par_1_7' title="bbox 290 2049 1690 5314">
     <span class='ocr_line' id='line_1_13' title="bbox 290 2049 1312 2206; baseline -0.005 -29"><span class='ocrx_word' id='word_1_130' title='bbox 290 2109 310 2180; x_wconf 89' lang='lat' dir='ltr'><strong>l.</strong></span> <span class='ocrx_word' id='word_1_131' title='bbox 330 2108 404 2189; x_wconf 86' lang='lat' dir='ltr'><strong>ll3,</strong></span> <span class='ocrx_word' id='word_1_132' title='bbox 421 2125 491 2196; x_wconf 86' lang='lat' dir='ltr'><strong>pag.</strong></span> <span class='ocrx_word' id='word_1_133' title='bbox 510 2106 556 2175; x_wconf 69' lang='grc' dir='ltr'><strong>1.ι</strong></span> <span class='ocrx_word' id='word_1_134' title='bbox 668 2049 760 2206; x_wconf 77' lang='lat' dir='ltr'><strong>Qui</strong></span> <span class='ocrx_word' id='word_1_135' title='bbox 783 2105 868 2192; x_wconf 89' lang='lat' dir='ltr'><strong>regis</strong></span> <span class='ocrx_word' id='word_1_136' title='bbox 892 2106 959 2172; x_wconf 88' lang='lat' dir='ltr'><strong>lllh</strong></span> <span class='ocrx_word' id='word_1_137' title='bbox 985 2101 1123 2173; x_wconf 89' lang='lat' dir='ltr'><strong>intende.</strong></span> <span class='ocrx_word' id='word_1_138' title='bbox 1148 2102 1203 2190; x_wconf 87' lang='lat' dir='ltr'><strong>qui</strong></span> <span class='ocrx_word' id='word_1_139' title='bbox 1227 2101 1312 2173; x_wconf 90' lang='lat' dir='ltr'><strong>dedu</strong></span> 
     </span>
     <span class='ocr_line' id='line_1_14' title="bbox 669 2209 1170 2298; baseline -0.01 -15"><span class='ocrx_word' id='word_1_140' title='bbox 669 2215 714 2284; x_wconf 90' lang='lat' dir='ltr'><strong>cis</strong></span> <span class='ocrx_word' id='word_1_141' title='bbox 737 2213 827 2282; x_wconf 88' lang='lat' dir='ltr'><strong>uelut</strong></span> <span class='ocrx_word' id='word_1_142' title='bbox 850 2229 946 2282; x_wconf 91' lang='lat' dir='ltr'><strong>ouem</strong></span> <span class='ocrx_word' id='word_1_143' title='bbox 970 2209 1090 2297; x_wconf 91' lang='lat' dir='ltr'><strong>ioseph.</strong></span> <span class='ocrx_word' id='word_1_144' title='bbox 1114 2211 1170 2298; x_wconf 90' lang='lat' dir='ltr'><strong>qui</strong></span> 
     </span>
     <span class='ocr_line' id='line_1_15' title="bbox 671 2317 1164 2408; baseline -0.01 -17"><span class='ocrx_word' id='word_1_145' title='bbox 671 2319 765 2392; x_wconf 90' lang='lat' dir='ltr'><strong>sedes</strong></span> <span class='ocrx_word' id='word_1_146' title='bbox 788 2338 884 2408; x_wconf 87' lang='lat' dir='ltr'><strong>super</strong></span> <span class='ocrx_word' id='word_1_147' title='bbox 907 2317 1061 2390; x_wconf 89' lang='lat' dir='ltr'><strong>cherubin</strong></span> <span class='ocrx_word' id='word_1_148' title='bbox 1084 2335 1164 2407; x_wconf 92' lang='lat' dir='ltr'><strong>appa</strong></span> 
     </span>
     <span class='ocr_line' id='line_1_16' title="bbox 668 2412 1573 2512; baseline -0.008 -15"><span class='ocrx_word' id='word_1_149' title='bbox 668 2445 703 2498; x_wconf 91' lang='lat' dir='ltr'><strong>re</strong></span> <span class='ocrx_word' id='word_1_150' title='bbox 727 2445 834 2498; x_wconf 91' lang='lat' dir='ltr'><strong>coram</strong></span> <span class='ocrx_word' id='word_1_151' title='bbox 857 2412 936 2498; x_wconf 57' lang='lat' dir='ltr'><strong>cire*</strong></span> <span class='ocrx_word' id='word_1_152' title='bbox 949 2435 982 2497; x_wconf 91' lang='lat' dir='ltr'><strong>et</strong></span> <span class='ocrx_word' id='word_1_153' title='bbox 1003 2426 1164 2496; x_wconf 83' lang='lat' dir='ltr'><strong>beniamin</strong></span> <span class='ocrx_word' id='word_1_154' title='bbox 1567 2501 1573 2512; x_wconf 32' lang='lat'><strong>¹</strong></span> 
     </span>
     <span class='ocr_line' id='line_1_17' title="bbox 667 2529 1690 2618; baseline -0.006 -20"><span class='ocrx_word' id='word_1_155' title='bbox 667 2543 700 2606; x_wconf 78' lang='lat' dir='ltr'><strong>ol</strong></span> <span class='ocrx_word' id='word_1_156' title='bbox 721 2553 868 2607; x_wconf 81' lang='lat' dir='ltr'><strong>manasse</strong></span> <span class='ocrx_word' id='word_1_157' title='bbox 892 2539 1096 2616; x_wconf 82' lang='lat' dir='ltr'><strong>(deprehendel</strong></span> <span class='ocrx_word' id='word_1_158' title='bbox 1113 2557 1204 2595; x_wconf 76' lang='lat' dir='ltr'><strong>monto</strong></span> <span class='ocrx_word' id='word_1_159' title='bbox 1223 2536 1441 2614; x_wconf 69' lang='lat' dir='ltr'><strong>merovingius).</strong></span> <span class='ocrx_word' id='word_1_160' title='bbox 1465 2529 1570 2600; x_wconf 79' lang='lat' dir='ltr'><strong>excita</strong></span> <span class='ocrx_word' id='word_1_161' title='bbox 1594 2535 1690 2618; x_wconf 78' lang='lat' dir='ltr'><strong>poten</strong></span> 
     </span>
     <span class='ocr_line' id='line_1_18' title="bbox 668 2629 1287 2715; baseline -0.011 0"><span class='ocrx_word' id='word_1_162' title='bbox 668 2644 743 2715; x_wconf 88' lang='lat' dir='ltr'><strong>tiam</strong></span> <span class='ocrx_word' id='word_1_163' title='bbox 771 2629 824 2713; x_wconf 73' lang='lat' dir='ltr'><strong>tua</strong></span> <span class='ocrx_word' id='word_1_164' title='bbox 849 2651 882 2713; x_wconf 89' lang='lat' dir='ltr'><strong>et</strong></span> <span class='ocrx_word' id='word_1_165' title='bbox 903 2645 977 2714; x_wconf 91' lang='lat' dir='ltr'><strong>ueni</strong></span> <span class='ocrx_word' id='word_1_166' title='bbox 1001 2651 1038 2712; x_wconf 91' lang='lat' dir='ltr'><strong>ut</strong></span> <span class='ocrx_word' id='word_1_167' title='bbox 1060 2641 1167 2711; x_wconf 89' lang='lat' dir='ltr'><strong>saluos</strong></span> <span class='ocrx_word' id='word_1_168' title='bbox 1191 2641 1287 2710; x_wconf 85' lang='lat' dir='ltr'><strong>lacios</strong></span> 
     </span>
     <span class='ocr_line' id='line_1_19' title="bbox 602 2752 1524 2832; baseline -0.007 -16"><span class='ocrx_word' id='word_1_169' title='bbox 602 2760 660 2832; x_wconf 79' lang='lat' dir='ltr'><strong>(laic</strong></span> <span class='ocrx_word' id='word_1_170' title='bbox 679 2763 904 2832; x_wconf 74' lang='lat' dir='ltr'><strong>merovingicam</strong></span> <span class='ocrx_word' id='word_1_171' title='bbox 920 2759 1058 2831; x_wconf 76' lang='lat' dir='ltr'><strong>glossema</strong></span> <span class='ocrx_word' id='word_1_172' title='bbox 1075 2774 1141 2813; x_wconf 84' lang='lat' dir='ltr'><strong>cum</strong></span> <span class='ocrx_word' id='word_1_173' title='bbox 1159 2767 1250 2814; x_wconf 78' lang='lat' dir='ltr'><strong>cutm</strong></span> <span class='ocrx_word' id='word_1_174' title='bbox 1270 2756 1375 2812; x_wconf 75' lang='lat' dir='ltr'><strong>lacuna</strong></span> <span class='ocrx_word' id='word_1_175' title='bbox 1394 2752 1524 2822; x_wconf 80' lang='lat' dir='ltr'><strong>euanuit)</strong></span> 
     </span>
     <span class='ocr_line' id='line_1_20' title="bbox 603 2843 1257 2948; baseline -0.002 -20"><span class='ocrx_word' id='word_1_176' title='bbox 603 2877 663 2930; x_wconf 90' lang='lat' dir='ltr'><strong>nos</strong></span> <span class='ocrx_word' id='word_1_177' title='bbox 685 2844 723 2928; x_wconf 80' lang='lat' dir='ltr'><strong>ds</strong></span> <span class='ocrx_word' id='word_1_178' title='bbox 747 2843 868 2929; x_wconf 68' lang='lat' dir='ltr'><strong>virtuto</strong></span> <span class='ocrx_word' id='word_1_179' title='bbox 888 2859 931 2948; x_wconf 84' lang='lat' dir='ltr'><strong>(l)</strong></span> <span class='ocrx_word' id='word_1_180' title='bbox 946 2909 1257 2930; x_wconf 90' lang='lat'><strong>..........</strong></span> 
     </span>
     <span class='ocr_line' id='line_1_21' title="bbox 602 2953 1193 3040; baseline -0.008 -2"><span class='ocrx_word' id='word_1_181' title='bbox 602 2976 635 3038; x_wconf 93' lang='lat' dir='ltr'><strong>et</strong></span> <span class='ocrx_word' id='word_1_182' title='bbox 658 2967 817 3040; x_wconf 88' lang='lat' dir='ltr'><strong>ostende.</strong></span> <span class='ocrx_word' id='word_1_183' title='bbox 844 3023 881 3040; x_wconf 90' lang='lat'><strong>..</strong></span> <span class='ocrx_word' id='word_1_184' title='bbox 909 2953 950 3040; x_wconf 83' lang='lat'><strong>..</strong></span> <span class='ocrx_word' id='word_1_185' title='bbox 977 3017 1122 3038; x_wconf 91' lang='grc'><strong>.....</strong></span> <span class='ocrx_word' id='word_1_186' title='bbox 1147 2965 1193 3036; x_wconf 89' lang='lat' dir='ltr'><strong>eri</strong></span> 
     </span>
     <span class='ocr_line' id='line_1_22' title="bbox 604 3057 1210 3148; baseline -0.01 0"><span class='ocrx_word' id='word_1_187' title='bbox 604 3094 677 3148; x_wconf 91' lang='lat' dir='ltr'><strong>mus</strong></span> <span class='ocrx_word' id='word_1_188' title='bbox 702 3057 764 3145; x_wconf 69' lang='lat' dir='ltr'><strong>due</strong></span> <span class='ocrx_word' id='word_1_189' title='bbox 785 3059 825 3142; x_wconf 67' lang='lat' dir='ltr'><strong>ds</strong></span> <span class='ocrx_word' id='word_1_190' title='bbox 847 3075 943 3143; x_wconf 83' lang='lat' dir='ltr'><strong>virtut</strong></span> <span class='ocrx_word' id='word_1_191' title='bbox 966 3124 1210 3145; x_wconf 91' lang='lat'><strong>........</strong></span> 
     </span>
     <span class='ocr_line' id='line_1_23' title="bbox 604 3178 1215 3253; baseline -0.011 -1"><span class='ocrx_word' id='word_1_192' title='bbox 604 3185 748 3253; x_wconf 89' lang='lat' dir='ltr'><strong>irasceris</strong></span> <span class='ocrx_word' id='word_1_193' title='bbox 774 3183 970 3252; x_wconf 90' lang='lat' dir='ltr'><strong>lucratione</strong></span> <span class='ocrx_word' id='word_1_194' title='bbox 993 3180 1077 3249; x_wconf 87' lang='lat' dir='ltr'><strong>serui</strong></span> <span class='ocrx_word' id='word_1_195' title='bbox 1103 3179 1160 3250; x_wconf 89' lang='lat' dir='ltr'><strong>tui.</strong></span> <span class='ocrx_word' id='word_1_196' title='bbox 1187 3178 1215 3246; x_wconf 92' lang='lat' dir='ltr'><strong>ci</strong></span> 
     </span>
     <span class='ocr_line' id='line_1_24' title="bbox 604 3289 1313 3381; baseline -0.01 -22"><span class='ocrx_word' id='word_1_197' title='bbox 604 3289 695 3360; x_wconf 89' lang='lat' dir='ltr'><strong>hahis</strong></span> <span class='ocrx_word' id='word_1_198' title='bbox 720 3308 778 3359; x_wconf 90' lang='lat' dir='ltr'><strong>nos</strong></span> <span class='ocrx_word' id='word_1_199' title='bbox 803 3308 887 3381; x_wconf 88' lang='lat' dir='ltr'><strong>pane</strong></span> <span class='ocrx_word' id='word_1_200' title='bbox 910 3291 1121 3376; x_wconf 83' lang='lat' dir='ltr'><strong>lacrymarum</strong></span> <span class='ocrx_word' id='word_1_201' title='bbox 1147 3293 1179 3355; x_wconf 92' lang='lat' dir='ltr'><strong>ct</strong></span> <span class='ocrx_word' id='word_1_202' title='bbox 1201 3290 1313 3372; x_wconf 90' lang='lat' dir='ltr'><strong>potum</strong></span> 
     </span>
     <span class='ocr_line' id='line_1_25' title="bbox 531 3396 1262 3469; baseline -0.014 -1"><span class='ocrx_word' id='word_1_203' title='bbox 531 3454 534 3460; x_wconf 95' lang='lat'><strong>.</strong></span> <span class='ocrx_word' id='word_1_204' title='bbox 606 3398 696 3469; x_wconf 88' lang='lat' dir='ltr'><strong>dahis</strong></span> <span class='ocrx_word' id='word_1_205' title='bbox 720 3399 813 3467; x_wconf 91' lang='lat' dir='ltr'><strong>nohis</strong></span> <span class='ocrx_word' id='word_1_206' title='bbox 837 3400 867 3466; x_wconf 92' lang='lat' dir='ltr'><strong>in</strong></span> <span class='ocrx_word' id='word_1_207' title='bbox 892 3397 1032 3468; x_wconf 86' lang='lat' dir='ltr'><strong>lacrimis</strong></span> <span class='ocrx_word' id='word_1_208' title='bbox 1057 3396 1088 3463; x_wconf 91' lang='lat' dir='ltr'><strong>in</strong></span> <span class='ocrx_word' id='word_1_209' title='bbox 1113 3409 1262 3463; x_wconf 88' lang='lat' dir='ltr'><strong>mensura</strong></span> 
     </span>
     <span class='ocr_line' id='line_1_26' title="bbox 610 3501 1619 3592; baseline -0.019 -18"><span class='ocrx_word' id='word_1_210' title='bbox 610 3507 776 3592; x_wconf 79' lang='lat' dir='ltr'><strong>[P]08tlisli</strong></span> <span class='ocrx_word' id='word_1_211' title='bbox 799 3523 857 3575; x_wconf 87' lang='lat' dir='ltr'><strong>nos</strong></span> <span class='ocrx_word' id='word_1_212' title='bbox 873 3560 880 3578; x_wconf 87' lang='lat'><strong>.</strong></span> <span class='ocrx_word' id='word_1_213' title='bbox 896 3556 925 3577; x_wconf 90' lang='lat'><strong>..</strong></span> <span class='ocrx_word' id='word_1_214' title='bbox 951 3511 1055 3584; x_wconf 81' lang='lat' dir='ltr'><strong>(manu</strong></span> <span class='ocrx_word' id='word_1_215' title='bbox 1074 3511 1268 3582; x_wconf 72' lang='lat' dir='ltr'><strong>merovingicis</strong></span> <span class='ocrx_word' id='word_1_216' title='bbox 1285 3521 1375 3577; x_wconf 82' lang='lat' dir='ltr'><strong>supro</strong></span> <span class='ocrx_word' id='word_1_217' title='bbox 1393 3506 1446 3560; x_wconf 82' lang='lat' dir='ltr'><strong>lin.</strong></span> <span class='ocrx_word' id='word_1_218' title='bbox 1465 3501 1619 3576; x_wconf 74' lang='lat' dir='ltr'><strong>posuit...t)</strong></span> 
     </span>
     <span class='ocr_line' id='line_1_27' title="bbox 607 3607 1408 3683; baseline -0.01 -1"><span class='ocrx_word' id='word_1_219' title='bbox 607 3613 722 3683; x_wconf 90' lang='lat' dir='ltr'><strong>uicinis</strong></span> <span class='ocrx_word' id='word_1_220' title='bbox 744 3614 862 3682; x_wconf 90' lang='lat' dir='ltr'><strong>nostris</strong></span> <span class='ocrx_word' id='word_1_221' title='bbox 884 3619 917 3682; x_wconf 90' lang='lat' dir='ltr'><strong>et</strong></span> <span class='ocrx_word' id='word_1_222' title='bbox 938 3612 1058 3681; x_wconf 89' lang='lat' dir='ltr'><strong>inimici</strong></span> <span class='ocrx_word' id='word_1_223' title='bbox 1082 3610 1182 3678; x_wconf 89' lang='lat' dir='ltr'><strong>nostri</strong></span> <span class='ocrx_word' id='word_1_224' title='bbox 1205 3607 1408 3677; x_wconf 85' lang='lat' dir='ltr'><strong>subsannans</strong></span> 
     </span>
     <span class='ocr_line' id='line_1_28' title="bbox 608 3702 1196 3806; baseline -0.002 -20"><span class='ocrx_word' id='word_1_225' title='bbox 608 3726 684 3788; x_wconf 90' lang='lat' dir='ltr'><strong>runt</strong></span> <span class='ocrx_word' id='word_1_226' title='bbox 706 3737 764 3788; x_wconf 93' lang='lat' dir='ltr'><strong>nos</strong></span> <span class='ocrx_word' id='word_1_227' title='bbox 792 3704 879 3806; x_wconf 76' lang='lat' dir='ltr'><strong>[dln&#39;e</strong></span> <span class='ocrx_word' id='word_1_228' title='bbox 903 3702 1030 3788; x_wconf 72' lang='lat' dir='ltr'><strong>virtut&#39;u&#39;</strong></span> <span class='ocrx_word' id='word_1_229' title='bbox 1045 3723 1196 3786; x_wconf 89' lang='lat' dir='ltr'><strong>conuerte</strong></span> 
     </span>
     <span class='ocr_line' id='line_1_29' title="bbox 607 3811 1182 3896; baseline -0.007 -3"><span class='ocrx_word' id='word_1_230' title='bbox 607 3842 666 3894; x_wconf 93' lang='lat' dir='ltr'><strong>nos</strong></span> <span class='ocrx_word' id='word_1_231' title='bbox 690 3833 721 3894; x_wconf 92' lang='lat' dir='ltr'><strong>et</strong></span> <span class='ocrx_word' id='word_1_232' title='bbox 745 3825 877 3896; x_wconf 86' lang='lat' dir='ltr'><strong>ostende</strong></span> <span class='ocrx_word' id='word_1_233' title='bbox 901 3812 985 3896; x_wconf 70' lang='lat' dir='ltr'><strong>laci&#39;e&#39;</strong></span> <span class='ocrx_word' id='word_1_234' title='bbox 1003 3811 1065 3896; x_wconf 58' lang='lat' dir='ltr'><strong>tua*</strong></span> <span class='ocrx_word' id='word_1_235' title='bbox 1080 3830 1113 3892; x_wconf 89' lang='lat' dir='ltr'><strong>et</strong></span> <span class='ocrx_word' id='word_1_236' title='bbox 1136 3823 1182 3890; x_wconf 92' lang='lat' dir='ltr'><strong>sal</strong></span> 
     </span>
     <span class='ocr_line' id='line_1_30' title="bbox 608 3934 1286 4021; baseline -0.006 -17"><span class='ocrx_word' id='word_1_237' title='bbox 608 3934 641 4004; x_wconf 94' lang='lat' dir='ltr'><strong>ui</strong></span> <span class='ocrx_word' id='word_1_238' title='bbox 665 3934 793 4005; x_wconf 89' lang='lat' dir='ltr'><strong>erimus.</strong></span> <span class='ocrx_word' id='word_1_239' title='bbox 824 3936 983 4021; x_wconf 69' lang='lat' dir='ltr'><strong>[Utineam</strong></span> <span class='ocrx_word' id='word_1_240' title='bbox 1007 3952 1048 4003; x_wconf 84' lang='lat' dir='ltr'><strong>ex</strong></span> <span class='ocrx_word' id='word_1_241' title='bbox 1072 3935 1178 4021; x_wconf 86' lang='lat' dir='ltr'><strong>egipto</strong></span> <span class='ocrx_word' id='word_1_242' title='bbox 1199 3941 1286 4002; x_wconf 88' lang='lat' dir='ltr'><strong>trans</strong></span> 
     </span>
     <span class='ocr_line' id='line_1_31' title="bbox 607 4025 1286 4128; baseline -0.003 -17"><span class='ocrx_word' id='word_1_243' title='bbox 607 4041 717 4111; x_wconf 88' lang='lat' dir='ltr'><strong>tulisti.</strong></span> <span class='ocrx_word' id='word_1_244' title='bbox 743 4043 862 4112; x_wconf 89' lang='lat' dir='ltr'><strong>eiecisti</strong></span> <span class='ocrx_word' id='word_1_245' title='bbox 887 4051 998 4128; x_wconf 87' lang='lat' dir='ltr'><strong>gentes</strong></span> <span class='ocrx_word' id='word_1_246' title='bbox 1021 4049 1053 4111; x_wconf 88' lang='lat' dir='ltr'><strong>et</strong></span> <span class='ocrx_word' id='word_1_247' title='bbox 1075 4041 1221 4128; x_wconf 87' lang='lat' dir='ltr'><strong>plantasti</strong></span> <span class='ocrx_word' id='word_1_248' title='bbox 1245 4025 1286 4109; x_wconf 79' lang='lat' dir='ltr'><strong>ea&#39;</strong></span> 
     </span>
     <span class='ocr_line' id='line_1_32' title="bbox 678 4148 1174 4234; baseline -0.009 -15.611"><span class='ocrx_word' id='word_1_249' title='bbox 609 4149 796 4234; x_wconf 64' lang='lat' dir='ltr'><strong>„.[Uliam</strong></span> <span class='ocrx_word' id='word_1_250' title='bbox 820 4148 920 4218; x_wconf 88' lang='lat' dir='ltr'><strong>iecisti</strong></span> <span class='ocrx_word' id='word_1_251' title='bbox 944 4150 975 4216; x_wconf 88' lang='lat' dir='ltr'><strong>in</strong></span> <span class='ocrx_word' id='word_1_252' title='bbox 1002 4156 1174 4232; x_wconf 88' lang='lat' dir='ltr'><strong>conspectu</strong></span> 
     </span>
     <span class='ocr_line' id='line_1_33' title="bbox 609 4259 1356 4336; baseline -0.008 -16"><span class='ocrx_word' id='word_1_253' title='bbox 609 4263 711 4336; x_wconf 64' lang='lat' dir='ltr'><strong>(weho</strong></span> <span class='ocrx_word' id='word_1_254' title='bbox 717 4281 831 4334; x_wconf 66' lang='lat' dir='ltr'><strong>mnes</strong></span> <span class='ocrx_word' id='word_1_255' title='bbox 841 4268 874 4320; x_wconf 79' lang='lat' dir='ltr'><strong>irs</strong></span> <span class='ocrx_word' id='word_1_256' title='bbox 883 4281 975 4336; x_wconf 68' lang='lat' dir='ltr'><strong>marg.</strong></span> <span class='ocrx_word' id='word_1_257' title='bbox 986 4263 1166 4333; x_wconf 72' lang='lat' dir='ltr'><strong>superiorein</strong></span> <span class='ocrx_word' id='word_1_258' title='bbox 1175 4259 1286 4316; x_wconf 89' lang='lat' dir='ltr'><strong>nomine</strong></span> <span class='ocrx_word' id='word_1_259' title='bbox 1296 4259 1356 4332; x_wconf 71' lang='lat' dir='ltr'><strong>luo)</strong></span> 
     </span>
     <span class='ocr_line' id='line_1_34' title="bbox 610 4360 1251 4450; baseline -0.005 -18"><span class='ocrx_word' id='word_1_260' title='bbox 610 4365 679 4432; x_wconf 90' lang='lat' dir='ltr'><strong>eius</strong></span> <span class='ocrx_word' id='word_1_261' title='bbox 702 4364 848 4450; x_wconf 89' lang='lat' dir='ltr'><strong>plantasti</strong></span> <span class='ocrx_word' id='word_1_262' title='bbox 872 4363 992 4432; x_wconf 86' lang='lat' dir='ltr'><strong>radices</strong></span> <span class='ocrx_word' id='word_1_263' title='bbox 1015 4365 1084 4431; x_wconf 88' lang='lat' dir='ltr'><strong>eius</strong></span> <span class='ocrx_word' id='word_1_264' title='bbox 1108 4368 1140 4430; x_wconf 88' lang='lat' dir='ltr'><strong>et</strong></span> <span class='ocrx_word' id='word_1_265' title='bbox 1164 4360 1251 4448; x_wconf 87' lang='lat' dir='ltr'><strong>reple</strong></span> 
     </span>
     <span class='ocr_line' id='line_1_35' title="bbox 611 4473 1264 4567; baseline -0.003 -29"><span class='ocrx_word' id='word_1_266' title='bbox 611 4479 640 4538; x_wconf 87' lang='lat' dir='ltr'><strong>ta</strong></span> <span class='ocrx_word' id='word_1_267' title='bbox 664 4478 714 4539; x_wconf 89' lang='lat' dir='ltr'><strong>est</strong></span> <span class='ocrx_word' id='word_1_268' title='bbox 736 4479 829 4541; x_wconf 89' lang='lat' dir='ltr'><strong>terra.</strong></span> <span class='ocrx_word' id='word_1_269' title='bbox 858 4473 1016 4556; x_wconf 76' lang='lat' dir='ltr'><strong>[Olperuit</strong></span> <span class='ocrx_word' id='word_1_270' title='bbox 1040 4477 1165 4538; x_wconf 87' lang='lat' dir='ltr'><strong>montes</strong></span> <span class='ocrx_word' id='word_1_271' title='bbox 1188 4485 1264 4567; x_wconf 49' lang='lat' dir='ltr'><strong>um-</strong></span> 
     </span>
     <span class='ocr_line' id='line_1_36' title="bbox 610 4574 1254 4648; baseline -0.006 -1"><span class='ocrx_word' id='word_1_272' title='bbox 610 4575 667 4647; x_wconf 86' lang='lat' dir='ltr'><strong>hra</strong></span> <span class='ocrx_word' id='word_1_273' title='bbox 691 4579 760 4647; x_wconf 90' lang='lat' dir='ltr'><strong>eius</strong></span> <span class='ocrx_word' id='word_1_274' title='bbox 782 4584 815 4647; x_wconf 88' lang='lat' dir='ltr'><strong>et</strong></span> <span class='ocrx_word' id='word_1_275' title='bbox 838 4579 968 4647; x_wconf 79' lang='lat' dir='ltr'><strong>erhusto</strong></span> <span class='ocrx_word' id='word_1_276' title='bbox 992 4579 1062 4647; x_wconf 91' lang='lat' dir='ltr'><strong>eius</strong></span> <span class='ocrx_word' id='word_1_277' title='bbox 1086 4577 1198 4648; x_wconf 90' lang='lat' dir='ltr'><strong>cedros</strong></span> <span class='ocrx_word' id='word_1_278' title='bbox 1221 4574 1254 4643; x_wconf 91' lang='lat' dir='ltr'><strong>di</strong></span> 
     </span>
     <span class='ocr_line' id='line_1_37' title="bbox 612 4684 1172 4773; baseline -0.002 -18"><span class='ocrx_word' id='word_1_279' title='bbox 612 4684 781 4755; x_wconf 86' lang='lat' dir='ltr'><strong>extendisti</strong></span> <span class='ocrx_word' id='word_1_280' title='bbox 804 4687 952 4773; x_wconf 89' lang='lat' dir='ltr'><strong>palmites</strong></span> <span class='ocrx_word' id='word_1_281' title='bbox 975 4687 1044 4755; x_wconf 89' lang='lat' dir='ltr'><strong>eius</strong></span> <span class='ocrx_word' id='word_1_282' title='bbox 1068 4701 1172 4772; x_wconf 86' lang='lat' dir='ltr'><strong>usque</strong></span> 
     </span>
     <span class='ocr_line' id='line_1_38' title="bbox 610 4790 1240 4882; baseline -0.003 -22"><span class='ocrx_word' id='word_1_283' title='bbox 610 4790 651 4861; x_wconf 89' lang='lat' dir='ltr'><strong>ad</strong></span> <span class='ocrx_word' id='word_1_284' title='bbox 674 4812 761 4863; x_wconf 92' lang='lat' dir='ltr'><strong>mare</strong></span> <span class='ocrx_word' id='word_1_285' title='bbox 784 4803 815 4862; x_wconf 91' lang='lat' dir='ltr'><strong>et</strong></span> <span class='ocrx_word' id='word_1_286' title='bbox 838 4811 941 4882; x_wconf 85' lang='lat' dir='ltr'><strong>usque</strong></span> <span class='ocrx_word' id='word_1_287' title='bbox 964 4793 1005 4862; x_wconf 89' lang='lat' dir='ltr'><strong>ad</strong></span> <span class='ocrx_word' id='word_1_288' title='bbox 1028 4793 1159 4862; x_wconf 87' lang='lat' dir='ltr'><strong>llumina</strong></span> <span class='ocrx_word' id='word_1_289' title='bbox 1183 4807 1240 4878; x_wconf 94' lang='lat' dir='ltr'><strong>pro</strong></span> 
     </span>
     <span class='ocr_line' id='line_1_39' title="bbox 612 4897 1238 4988; baseline -0.003 -20"><span class='ocrx_word' id='word_1_290' title='bbox 612 4903 743 4988; x_wconf 89' lang='lat' dir='ltr'><strong>pagines</strong></span> <span class='ocrx_word' id='word_1_291' title='bbox 766 4902 844 4970; x_wconf 90' lang='lat' dir='ltr'><strong>eius.</strong></span> <span class='ocrx_word' id='word_1_292' title='bbox 871 4903 939 4986; x_wconf 74' lang='lat' dir='ltr'><strong>[Ult</strong></span> <span class='ocrx_word' id='word_1_293' title='bbox 962 4900 1040 4988; x_wconf 86' lang='lat' dir='ltr'><strong>quid</strong></span> <span class='ocrx_word' id='word_1_294' title='bbox 1063 4897 1238 4986; x_wconf 89' lang='lat' dir='ltr'><strong>deposuisti</strong></span> 
     </span>
     <span class='ocr_line' id='line_1_40' title="bbox 612 5005 1182 5078; baseline -0.005 -2"><span class='ocrx_word' id='word_1_295' title='bbox 612 5009 804 5077; x_wconf 85' lang='lat' dir='ltr'><strong>macheriam</strong></span> <span class='ocrx_word' id='word_1_296' title='bbox 828 5009 898 5078; x_wconf 89' lang='lat' dir='ltr'><strong>eius</strong></span> <span class='ocrx_word' id='word_1_297' title='bbox 921 5015 952 5076; x_wconf 90' lang='lat' dir='ltr'><strong>ot</strong></span> <span class='ocrx_word' id='word_1_298' title='bbox 974 5005 1182 5078; x_wconf 89' lang='lat' dir='ltr'><strong>uendemiant</strong></span> 
     </span>
     <span class='ocr_line' id='line_1_41' title="bbox 614 5101 1218 5205; baseline -0.01 -17"><span class='ocrx_word' id='word_1_299' title='bbox 614 5133 684 5188; x_wconf 88' lang='lat' dir='ltr'><strong>cam</strong></span> <span class='ocrx_word' id='word_1_300' title='bbox 707 5101 779 5188; x_wconf 70' lang='lat' dir='ltr'><strong>oms</strong></span> <span class='ocrx_word' id='word_1_301' title='bbox 801 5119 857 5205; x_wconf 86' lang='lat' dir='ltr'><strong>qui</strong></span> <span class='ocrx_word' id='word_1_302' title='bbox 880 5121 1045 5186; x_wconf 88' lang='lat' dir='ltr'><strong>transeunt</strong></span> <span class='ocrx_word' id='word_1_303' title='bbox 1067 5113 1151 5181; x_wconf 87' lang='lat' dir='ltr'><strong>uiam</strong></span> <span class='ocrx_word' id='word_1_304' title='bbox 1166 5165 1173 5182; x_wconf 93' lang='lat'><strong>.</strong></span> <span class='ocrx_word' id='word_1_305' title='bbox 1188 5165 1218 5182; x_wconf 93' lang='lat'><strong>..</strong></span> 
     </span>
     <span class='ocr_line' id='line_1_42' title="bbox 614 5207 1199 5314; baseline -0.007 -22"><span class='ocrx_word' id='word_1_306' title='bbox 614 5223 873 5314; x_wconf 77' lang='lat' dir='ltr'><strong>[Elxterminauit</strong></span> <span class='ocrx_word' id='word_1_307' title='bbox 894 5241 966 5293; x_wconf 86' lang='lat' dir='ltr'><strong>eom</strong></span> <span class='ocrx_word' id='word_1_308' title='bbox 991 5207 1096 5309; x_wconf 67' lang='lat' dir='ltr'><strong>ap&#39;de</strong></span> <span class='ocrx_word' id='word_1_309' title='bbox 1116 5219 1199 5289; x_wconf 87' lang='lat' dir='ltr'><strong>silua</strong></span> 
     </span>
    </p>
   </div>
   <div class='ocr_carea' id='block_1_7' title="bbox 0 0 2010 6116">
    <p class='ocr_par' dir='ltr' id='par_1_8' title="bbox 0 0 2010 6116">
     <span class='ocr_line' id='line_1_43' title="bbox 0 0 2010 6116; baseline 0 0"><span class='ocrx_word' id='word_1_310' title='bbox 0 0 2010 6116; x_wconf 95' lang='lat' dir='ltr'><strong> </strong></span> 
     </span>
    </p>
   </div>
  </div>
 </body>
</html>
