4064 6108
801 530 938 596 PShLlll
959 532 1058 612 cxxi,
1081 533 1181 600 CXXV
1665 538 1723 603 did

178 675 434 762 Chrysopaptusl,
456 678 562 744 similis
583 678 793 764 Chrysopraso,
815 699 920 748 seeun-
974 702 1039 750 mus
1059 693 1090 750 et
1111 684 1253 750 mirabilis
1273 703 1363 769 super
1385 704 1486 752 omnes
1506 687 1724 772 Chrysoprasos

175 783 245 850 dnm
258 793 415 870 utrunque
428 784 512 852 velut
531 787 673 870 quasdam
695 788 858 855 extendens
871 806 920 856 eo·
973 791 1028 867 (al.
1051 789 1284 876 chrysopassus)
1305 793 1520 875 magnitudine,
1542 803 1573 861 et
1592 802 1628 860 ut
1648 795 1720 875 dixi,

173 893 267 958 lorum
288 893 413 976 ligurus,
434 903 466 960 et
486 892 602 976 plenius
628 895 747 979 quidem
773 913 789 962 a
815 897 919 980 paritis
972 895 1043 962 visn
1058 897 1205 980 pinguior.
1222 897 1334 964 Natura
1350 897 1527 982 hujusmodi,
1540 909 1574 963 ut
1588 901 1613 965 si
1630 902 1720 987 polire

173 1001 267 1068 lertur
277 1001 445 1067 extendere.
458 1001 512 1066 Est
523 1010 620 1068 autom
631 1001 796 1086 puriohrus,
809 1012 838 1068 et
848 1008 920 1068 satis
973 1011 1004 1066 et
1015 1002 1149 1084 levigare
1162 1023 1228 1070 euro
1243 1004 1327 1079 velis,
1343 1014 1495 1088 asperetur
1508 1007 1605 1089 magis
1619 1017 1650 1073 et
1665 1027 1721 1073 usu

173 1133 278 1200 purus,
301 1124 331 1181 et
352 1113 553 1200 chrysochrus
576 1115 633 1197 lul.
656 1116 868 1199 Chrysooarus)
889 1125 920 1181 et
972 1109 1124 1175 minuitur.
1147 1112 1201 1176 Est
1220 1122 1317 1178 rrrten
1338 1112 1464 1196 quodam
1485 1113 1606 1195 genitali
1628 1133 1716 1197 opere

176 1221 305 1306 pinguis,
321 1221 517 1305 resplendenti
529 1222 645 1303 similis,
659 1223 858 1290 maximorum
873 1239 918 1286 so
972 1226 1085 1284 naturae
1105 1220 1283 1304 euglyphus,
1307 1218 1362 1286 hoo
1381 1229 1438 1300 est,
1461 1221 1537 1286 hene
1559 1221 1717 1304 insignitus

175 1332 211 1396 lia
224 1329 385 1412 splendore
400 1329 570 1413 percutitur.
587 1328 740 1396 listellam
759 1327 918 1413 pulcherri-
973 1327 1048 1406 (solo
1061 1328 1104 1392 ed.
1122 1327 1257 1394 Romanu
1269 1328 1446 1413 ligurahilis)
1458 1338 1547 1415 atque
1562 1329 1715 1395 mirabilis.

921 1578 983 1650 IX.

778 1773 947 1846 Psalmus
974 1770 1114 1846 CXXI.

215 1990 246 2035 v.
271 1972 299 2035 3.
323 1971 527 2063 Ἰερουσαλὴμ
550 1963 738 2060 ᾠκοδομήθη
765 1975 804 2046 ὡς
829 1970 916 2045 πόλις
1012 1984 1042 2029 ν.
1060 1967 1089 2030 3.
1105 1964 1276 2042 Jerusalem,
1291 1983 1363 2049 quae
1377 1965 1589 2048 aedifieolurul
1601 1968 1719 2045 ciuiles,

174 2077 211 2157 ἧς
235 2087 254 2154 ἡ
282 2081 402 2170 μετοχὴ
429 2081 480 2145 ἐπί
501 2081 539 2145 τὸ
563 2079 649 2144 αὐτό.
972 2075 1055 2157 cojtu
1074 2073 1263 2156 participatio
1284 2075 1346 2156 οὐκ
1366 2072 1551 2156 inidipsum.

216 2187 307 2253 Οὕτω
331 2187 434 2275 φησίν·
450 2179 506 2250 Ἦν
530 2183 630 2250 τάλαι
652 2191 672 2259 ἡ
703 2182 915 2275 Ἰερουσαλὴμ,
1011 2180 1060 2246 Sio
1081 2180 1140 2245 nit:
1163 2179 1235 2243 Erat
1255 2177 1360 2244 ciuitas
1372 2179 1545 2259 Jerusalem,
1561 2198 1620 2246 non
1640 2181 1719 2247 siout

170 2300 211 2370 ὡς
234 2293 322 2370 πόλις
346 2297 380 2357 ου
405 2284 613 2382 διεσπαρμένη
640 2282 702 2356 ὧδε
730 2291 798 2376 [καί
822 2280 916 2374 duhel,
972 2287 1042 2352 urbs
1063 2285 1120 2351 huc
1141 2285 1211 2351 illuc
1233 2285 1378 2369 dispersa,
1400 2285 1450 2351 sed
1472 2285 1514 2351 ila
1535 2295 1605 2370 apte
1624 2286 1719 2353 θοίναν·

172 2401 340 2477 άλλόἱίτως
356 2397 395 2475 ἦν
411 2399 605 2490 ἡρμοσμένῃ,
623 2405 663 2476 ὡς
680 2391 796 2476 δόξειεν
813 2397 916 2472 ἄοικος
972 2412 1047 2472 lette,
1063 2404 1096 2459 ut
1110 2392 1261 2459 videretur
1280 2391 1344 2458 sine
1363 2391 1499 2458 domibus
1512 2411 1578 2460 esse
1594 2412 1630 2459 ex
1651 2413 1719 2460 con·

171 2503 309 2588 εἶναιπῇ
336 2509 485 2597 συναρείᾳ
500 2507 554 2572 καί
576 2517 617 2593 τῇ
643 2507 774 2597 ἁρμονίᾳ
788 2515 851 2569 τῶν
875 2509 917 2568 ol·
971 2498 1052 2580 ligna
1065 2508 1095 2563 et
1116 2497 1283 2562 harmonica
1301 2497 1409 2563 rodium
1425 2498 1542 2564 lubrica.
1560 2499 1717 2567 Veleliant

171 2607 414 2706 κοδομημάτων·
437 2615 456 2688 ἣ
486 2615 539 2679 καί
566 2614 652 2705 λέγει
674 2615 713 2678 τό
737 2613 851 2702 μέλλον
876 2617 916 2687 ὡς
971 2603 1099 2669 futurum
1112 2605 1188 2670 diois
1202 2623 1254 2689 pro
1269 2607 1427 2690 praeterito,
1444 2619 1478 2672 ut
1492 2607 1523 2672 in
1538 2606 1612 2673 hoe:
1637 2609 1718 2674 «lti-

170 2721 403 2814 παρεληλυθός,
428 2728 467 2798 ὡς
491 2725 522 2786 ἐν
546 2731 601 2805 τῷ·
625 2722 846 2811 Διεμερίσαντο
874 2718 916 2784 τά
969 2713 1103 2778 viserunt
1123 2713 1180 2776 sihi
1202 2713 1380 2780 vestimenta
1401 2731 1512 2794 mea,o
1535 2724 1566 2783 el
1588 2715 1618 2780 in
1641 2715 1714 2781 islo:

171 2831 280 2920 ἱμάτιά
305 2854 364 2920 μου
380 2833 513 2907 ἑαυτοῖς,
534 2829 587 2894 καί
602 2819 802 2894 πόἜδωκαν
820 2832 861 2903 είς
877 2827 915 2892 τό
972 2821 1151 2888 «nonerunt
1172 2821 1242 2886 nihl
1265 2822 1295 2886 in
1315 2822 1413 2887 cibum
1436 2823 1514 2889 lot.»

171 2938 281 3028 βρῶμά
305 2961 364 3026 μου
387 2938 498 3028 χολήν.

207 3042 331 3136 Ἕτεροί
355 3067 456 3136 φασιν·
479 3049 520 3120 ὡς
543 3035 605 3118 ἤδη
632 3053 694 3108 τῶν
719 3042 914 3136 πραγμάτων
1010 3037 1066 3102 Alii
1080 3036 1197 3103 dicunt:
1215 3039 1257 3102 hc
1267 3039 1290 3102 si
1301 3038 1362 3121 jum
1374 3039 1436 3105 voli
1448 3049 1596 3124 uompoles
1610 3041 1715 3118 lorenl,

169 3152 401 3241 ἀπολαύοντες,
425 3151 540 3241 τρόπον
568 3152 639 3215 τινά
662 3149 722 3224 τὴν
746 3149 837 3215 πόλιν
862 3150 916 3214 καί
969 3144 1182 3226 quodammodo
1202 3145 1354 3211 civilatem
1373 3154 1404 3213 el
1426 3147 1563 3230 templum
1585 3147 1716 3213 eircum-

166 3263 224 3326 τόν
248 3261 321 3326 ναόν
337 3259 587 3349 περιπλέκονται·
604 3258 625 3323 ά
640 3259 700 3350 γάρ
716 3259 843 3347 ἔχοντες
860 3261 916 3323 οὐκ
969 3251 1151 3334 plectuntor:
1165 3268 1233 3334 quae
1246 3251 1325 3318 enim
1340 3252 1498 3332 habebant,
1511 3252 1582 3336 quin
1596 3271 1631 3319 ea
1646 3273 1713 3319 seu·

168 3366 355 3456 ᾐσθάνοντο,
379 3377 430 3431 νῦν
455 3365 666 3442 ἀπολαύοντες
691 3365 915 3455 εὐφραίνονται·
972 3361 1072 3441 litent,
1096 3359 1142 3424 his
1162 3379 1241 3425 nuno
1262 3360 1398 3441 fruentes,
1422 3361 1572 3441 laetantur,
1592 3381 1628 3442 ea
1648 3381 1717 3445 (μίαν

169 3469 239 3563 δίκῃ
274 3473 328 3563 μὲν
353 3466 584 3559 άποόαλόνπες,
610 3470 678 3558 θεία
701 3470 915 3562 φιλανθρωπίᾳ
966 3469 1034 3553 jure
1054 3469 1234 3548 amiserant,
1256 3469 1357 3536 divina
1387 3471 1569 3554 benignitate
1597 3491 1716 3556 recupe-

169 3574 203 3647 δί
226 3579 438 3670 κομισάμενοι.
502 3633 508 3645 .
971 3583 1079 3642 rantes

205 3759 251 3815 tx.
273 3759 314 3814 Ex
333 3761 397 3815 Vel.
417 3756 445 3812 5.
465 3756 480 3813 ἢ
495 3763 538 3811 καί
557 3757 632 3829 λέγει.
647 3757 768 3812 nasoon
780 3759 809 3812 in
822 3759 915 3830 priore
968 3765 1022 3832 pls,
1035 3763 1063 3824 ἓ.
1075 3757 1122 3825 56,
1137 3759 1241 3829 notter,
1259 3757 1336 3816 1002.
1348 3789 1383 3802 -
1395 3761 1449 3816 Ubi
1463 3761 1539 3830 ἕτερον
1552 3761 1613 3818 eod.
1628 3762 1716 3816 inlar-

167 3847 273 3904 seholio
292 3849 417 3904 Pentaeni
437 3863 570 3902 canonem
585 3848 618 3902 da
635 3847 730 3903 futuro
749 3845 913 3918 prophetico
969 3851 1048 3920 ponit
1061 3851 1103 3900 τοῦ
1117 3848 1201 3918 αὐτοῦ,
1214 3849 1272 3904 sive
1286 3849 1428 3921 origenis,
1441 3849 1494 3903 etsi
1504 3850 1638 3904 habeatnr
1657 3853 1715 3904 sla·

167 3939 196 3991 in
217 3941 341 4010 tempore
360 3939 515 4010 praelerito,
527 3936 560 3991 de
575 3953 629 4009 quo
641 3935 768 3992 Clemens
787 3937 815 3990 in
829 3937 914 3993 Eclo-
969 3937 1020 3991 tim
1040 3936 1125 4006 lrrpor,
1142 3938 1200 3992 sive
1213 3939 1368 3994 anteriores
1381 3938 1518 4009 magistri.
1532 3940 1578 3993 Ps.
1594 3953 1652 4004 xxr,
1672 3936 1713 3992 19.

915 4153 960 4226 X.

767 4330 937 4404 Potuimus
964 4329 1118 4404 CXXV.

1218 4531 1243 4552 D(

574 4530 745 4620 Ἔκρρασις
769 4529 838 4620 περὶ
861 4538 916 4594 τοῦ
939 4537 985 4611 τῷ
1008 4527 1090 4612 νότῳ
1113 4527 1294 4618 χειμάρρου.

680 4661 844 4744 Βεεενίμοο
869 4661 1011 4726 Tonosa
1030 4662 1060 4726 io
1081 4667 1190 4726 austro.

210 4866 241 4911 ν.
267 4847 295 4912 l.
319 4845 532 4938 ’Eulorprdou
549 4851 651 4942 Κύριε,
669 4852 728 4927 τὴν
745 4858 911 4943 αἱχμαλω-
1005 4867 1035 4912 ν.
1061 4848 1089 4911 d.
1113 4849 1262 4925 Converte,
1285 4847 1418 4927 Bomiru,
1441 4847 1638 4931 captiuitatem
1658 4867 1707 4913 oo·

166 4958 234 5022 σίαν
257 4962 358 5046 ἡμῶν,
382 4961 422 5034 ὡς
445 4958 629 5050 χειμάρρους
654 4983 685 5026 εν
709 4971 755 5045 τῷ
778 4961 868 5046 νότῳ.
965 4969 1065 5044 elram,
1085 4967 1158 5029 αιὀυί
1178 4971 1313 5030 anuto
1335 4965 1366 5028 t'u
1387 4971 1495 5030 austro.

208 5064 242 5130 ‘0
255 5065 419 5157 χείμαρρος
432 5061 530 5144 οὗτος,
540 5067 610 5159 περί
622 5065 656 5135 οὗ
668 5070 754 5163 λέγει
767 5075 783 5135 ό
797 5073 914 5163 προρή-
1008 5073 1061 5139 llic
1082 5082 1206 5154 torrem,
1228 5072 1266 5141 tle
1287 5091 1343 5157 quo
1357 5073 1498 5158 propheln
1519 5072 1659 5158 loquitur,
1682 5072 1710 5140 io

197 5265 233 5322 Χ.
254 5262 296 5318 Ex
315 5264 380 5320 Vel.
398 5261 439 5322 13.
453 5266 523 5322 Tam
536 5262 628 5340 lepide
644 5283 727 5340 quam
739 5285 810 5326 nors
823 5285 911 5340 expo·
966 5269 1033 5328 silio
1051 5275 1105 5356 set,
1118 5275 1147 5327 el
1165 5286 1181 5326 s
1199 5270 1326 5344 methodo
1340 5271 1470 5344 origenis
1483 5270 1583 5333 aliona.
1597 5299 1632 5312 -
1644 5271 1709 5326 Vel.
