3998 6080
835 516 968 583 ctlvls
989 517 1020 580 S.
1043 515 1250 582 dulnosus

1003 803 1027 885 ς
1046 802 1096 868 ιι.

778 1032 831 1092 nn
854 1028 1020 1094 nonanus
1041 1031 1091 1090 an
1114 1031 1321 1093 annornm.

317 1254 347 1316 1.
363 1251 494 1329 Hebraei,
510 1250 699 1331 Transitores,
711 1250 776 1316 sinc
789 1251 950 1329 Ereasloti,
962 1253 1067 1316 sancti.
1077 1252 1112 1315 ln
1122 1251 1250 1334 psalmo:
1262 1251 1300 1316 Et
1310 1249 1490 1316 transierunt
1499 1251 1536 1316 de
1548 1261 1636 1332 gente
1647 1252 1678 1316 in
1690 1261 1821 1332 gentem

278 1379 309 1435 et
324 1370 360 1436 do
374 1389 466 1453 regno
480 1370 519 1436 ad
533 1370 675 1455 populum
688 1371 822 1435 alterum.

318 1489 347 1550 1.
362 1486 471 1568 ludaei,
488 1487 681 1568 Confessam,
696 1486 727 1550 id
741 1493 787 1551 ost
800 1485 901 1550 fideles
916 1484 1066 1552 Christum
1081 1485 1265 1552 confitentes.

318 1604 347 1667 3.
363 1603 401 1667 Et
415 1604 445 1668 in
457 1605 546 1669 aliam
562 1613 687 1689 parterm
702 1605 733 1669 in
748 1603 941 1688 Apocalypsi:
958 1605 1017 1685 Qui
1032 1605 1134 1670 dicunt
1147 1621 1179 1668 se
1192 1603 1310 1669 Judaos
1323 1621 1397 1684 esse,
1413 1612 1444 1669 et
1456 1621 1514 1667 non
1529 1614 1609 1681 sunt,
1625 1604 1677 1670 sed
1694 1606 1735 1689 [p.
1749 1605 1820 1687 tot]

278 1730 350 1785 sunt
363 1739 517 1808 synagoga
532 1723 650 1787 &tana

321 1839 349 1904 l.
364 1837 521 1919 israelita,
542 1840 670 1905 bidentes
683 1840 786 1921 Deam,
803 1841 908 1922 saneti,
925 1840 983 1906 lide
997 1849 1028 1904 et
1041 1837 1184 1904 munditia
1199 1836 1297 1902 cordis
1311 1835 1404 1901 Deum
1418 1837 1659 1920 contemplantes.
1671 1836 1706 1901 ln
1721 1837 1823 1904 Eran-

264 1953 372 2036 ·galio:
389 1955 464 2019 Ecce
477 1973 567 2020 verus
581 1954 682 2034 lsrael,
699 1955 728 2019 in
743 1973 801 2038 quo
815 1954 900 2021 dolus
914 1975 972 2020 non
987 1962 1043 2021 est.

320 2073 349 2135 b.
365 2070 534 2152 lsmaelitao,
553 2071 713 2136 obedientes
727 2071 789 2150 sibi,
804 2073 831 2136 id
847 2081 892 2137 est
905 2081 1082 2155 peccatores,
1099 2070 1149 2155 qni
1169 2070 1246 2155 quod
1268 2071 1489 2154 concupiscunt,
1507 2070 1626 2135 molunt.
1642 2069 1678 2135 ln
1692 2071 1820 2154 psalmo:

278 2187 479 2253 Tabernaoula
492 2188 688 2253 ldumaeorum
702 2199 732 2253 et
746 2187 973 2253 [smaelitarum.

320 2308 350 2369 b.
366 2308 507 2390 agareni,
524 2307 677 2390 Proselyti,
694 2306 749 2371 hoc
761 2315 807 2372 est
820 2317 987 2390 peccatores
1000 2326 1016 2371 a
1031 2316 1180 2372 conuentu
1200 2281 1342 2371 Ecclesia
1362 2305 1463 2371 aliani.
1480 2304 1514 2369 ln
1536 2303 1665 2389 psalmo:
1684 2305 1771 2372 bloab
1791 2314 1823 2370 et

280 2423 423 2505 dpareui.

321 2539 349 2601 l.
367 2537 499 2619 ldumaei,
519 2540 688 2618 Sanpoiaee',
702 2541 767 2606 sive
782 2541 909 2623 Terent,
925 2541 955 2606 id
977 2552 1022 2607 est
1041 2543 1200 2623 demones,
1223 2540 1289 2606 sire
1307 2552 1483 2626 peccatores.
1501 2544 1535 2607 ln
1556 2543 1684 2625 psalmo:
1706 2543 1822 2608 liemo-

279 2673 352 2735 rare,
367 2655 503 2736 Domine,
520 2656 645 2722 liliorum
658 2657 761 2740 Edom,
776 2669 807 2724 et
820 2659 851 2724 iu
866 2659 972 2725 diebus
985 2660 1177 2740 Hierusalem,
1192 2660 1242 2742 qui
1256 2658 1411 2724 dixerunt:
1427 2658 1593 2740 Eumenia,
1609 2659 1761 2724 exinanite
1774 2677 1823 2722 us-

278 2787 334 2854 quc
347 2771 385 2835 ad
401 2771 620 2838 fundamentum
635 2775 666 2838 in
679 2793 725 2841 ea.

319 2889 349 2953 8.
364 2889 469 2969 Edom,
484 2889 609 2969 liubona,
620 2893 685 2956 sire
700 2893 893 2975 Sonpoineru,
905 2893 1030 2976 populus
1041 2892 1209 2957 ludaeorum
1223 2893 1261 2956 ob
1275 2907 1376 2956 uenam
1391 2890 1499 2956 Christi
1513 2900 1545 2955 et
1558 2890 1775 2974 prophetarum.
1790 2891 1824 2955 ln

279 3009 392 3074 ludio:
410 3010 481 3075 llaec
494 3010 566 3075 dicit
579 3011 721 3076 Dominus
735 3011 773 3076 ad
787 3011 897 3074 Edom:
915 3009 989 3072 Ecce
1004 3008 1163 3093 paruulum
1179 3017 1206 3072 tc
1219 3007 1287 3071 dedi
1304 3007 1334 3070 in
1349 3005 1504 3089 gentibus3
1520 3006 1728 3072 contemtibilis
1742 3015 1773 3071 tu
1793 3024 1825 3069 es

278 3126 380 3204 ualde,
394 3127 530 3211 superbia
544 3128 641 3194 cordis
656 3127 697 3192 tui
712 3126 821 3192 extulit
835 3135 875 3192 te.

320 3247 349 3308 9.
366 3245 440 3325 Scir,
457 3244 606 3328 Hlopidto
619 3243 668 3310 rel
681 3243 794 3325 Hirtus,
808 3245 934 3328 populus
947 3244 1122 3309 iudeorum.
1133 3241 1168 3306 ln
1182 3242 1319 3308 cantico:
1331 3241 1475 3306 Dominus
1483 3241 1522 3307 de
1531 3240 1607 3307 Saba
1620 3240 1735 3322 reniet,
1747 3251 1778 3306 et
1788 3242 1825 3307 de

279 3359 347 3424 Scir
359 3369 441 3424 ortus
456 3371 503 3425 est
516 3360 612 3425 nobis.
629 3360 667 3425 Et
680 3360 711 3424 iu
724 3360 812 3426 Esaia
821 3381 833 3440 ε,
845 3359 889 3426 dd
904 3378 950 3424 mc
964 3361 1072 3424 clamat
1084 3360 1122 3425 dc
1137 3360 1200 3426 Seir
1214 3369 1324 3439 custos,
1340 3358 1371 3424 id
1384 3370 1432 3425 est
1444 3359 1588 3427 Christus.

320 3477 370 3540 lb.
387 3477 485 3555 Moab,
498 3477 548 3542 Eo
562 3463 657 3561 patre,
673 3478 704 3543 id
717 3487 763 3543 est
776 3496 812 3543 ex
827 3477 959 3543 Diabolo.

321 3595 370 3658 11.
388 3595 494 3676 almon,
510 3593 603 3660 Filias
617 3597 726 3678 pesteris
738 3614 802 3676 mee,
818 3595 882 3661 sive
897 3595 1030 3678 Populos
1045 3597 1181 3677 arana,
1198 3597 1293 3662 Judaei
1314 3595 1435 3676 scilicet,
1450 3602 1486 3658 ut
1506 3593 1625 3678 quidam
1645 3594 1761 3674 uolunt,
1775 3593 1823 3658 uel

278 3705 421 3773 haeretiei.
436 3708 473 3774 ln
487 3710 725 3776 Deuteronomio:
743 3713 892 3777 dmonites
907 3713 948 3796 [p.
966 3715 1035 3794 2⁰7]
1051 3725 1082 3779 ct
1095 3715 1239 3780 Moabitas
1252 3715 1342 3780 etiam
1355 3723 1423 3797 post
1443 3712 1586 3777 decimam
1607 3712 1826 3790 generationem

281 3842 340 3888 non
355 3825 509 3890 intrabunt
522 3826 550 3890 in
565 3828 728 3892 Ecclesiam
742 3829 859 3893 Domim
873 3831 1009 3912 usquein
1024 3840 1176 3896 amenum.
1193 3832 1232 3896 Et
1246 3834 1276 3896 in
1291 3831 1455 3916 sophonia:
1471 3831 1548 3898 lliro
1565 3849 1621 3913 ago
1632 3829 1706 3894 dicit
1720 3831 1826 3895 Domi-

279 3961 348 4022 nus,
364 3943 433 4026 quia
448 3942 536 4012 llloab
548 3954 583 4009 ut
599 3945 725 4012 Sodoma
738 3947 807 4026 erit,
821 3955 851 4011 ct
866 3947 916 4010 lilii
933 3950 1026 4014 dmon
1040 3950 1123 4033 quasi
1138 3950 1288 4015 Gomorra.

321 4061 370 4125 lt.
386 4060 460 4126 ltem
476 4063 506 4126 in
521 4063 628 4128 bonam
642 4074 765 4148 partem,
778 4083 830 4148 par
843 4066 974 4130 Esaiam:
992 4067 1056 4131 lilii
1071 4067 1159 4133 llloab
1172 4065 1343 4131 obedientes
1356 4074 1453 4132 erunt.

321 4176 370 4239 13.
387 4173 546 4257 tuumaeus,
560 4177 686 4262 populus
700 4180 850 4243 Gentium.
864 4180 898 4244 ln
909 4181 1152 4246 Deuteronomio:
1167 4181 1232 4247 Non
1243 4181 1456 4249 abominaberis
1470 4182 1642 4262 ldumaeom,
1654 4180 1723 4264 quia
1738 4180 1827 4246 irater

280 4301 350 4358 tuus
363 4302 427 4373 est;
442 4312 499 4360 neo
512 4295 694 4379 Egyptian,
710 4298 780 4380 quia
793 4297 909 4362 advena
924 4298 1005 4363 luisti
1022 4298 1053 4362 in
1074 4307 1150 4363 terra
1164 4299 1244 4380 ejus;
1261 4300 1310 4382 qui
1324 4297 1386 4364 nati
1399 4297 1509 4362 luerint
1522 4316 1559 4362 ex
1574 4298 1629 4374 eis,
1645 4297 1760 4362 tertiam
1775 4316 1827 4378 ge·

282 4410 464 4477 uenationem
476 4412 629 4479 intrabunt
640 4413 801 4479 Ecclesiam
812 4415 926 4480 Domini
938 4434 945 4495 ;
963 4416 991 4481 id
1001 4425 1048 4480 est
1057 4435 1109 4500 por
1121 4415 1208 4480 lidem
1218 4415 1370 4479 Trinitatis
1381 4421 1411 4478 et
1426 4415 1575 4478 lavacrum
1587 4414 1825 4495 regenerationis.

319 4528 370 4593 ll.
386 4528 567 4607 Amalecitas,
583 4529 716 4613 Populos
738 4530 873 4611 lambens,
890 4532 919 4595 id
940 4542 985 4596 est
1007 4542 1170 4615 peccatores
1192 4539 1279 4595 terre
1299 4532 1470 4596 ambientes.
1491 4530 1525 4592 ln
1548 4529 1674 4613 psalmo:
1693 4529 1782 4594 Debal
1797 4538 1827 4593 et

281 4646 375 4709 Arnon
388 4653 419 4709 et
432 4645 563 4710 dmalec.

313 4827 341 4889 ἓ.
360 4826 406 4882 lv.
426 4828 497 4886 Silet
515 4831 540 4886 Α
558 4831 591 4885 do
608 4831 663 4886 hoe
683 4829 765 4888 titulo
778 4849 859 4904 quem
873 4830 893 4885 C
906 4831 1019 4884 retinet.
1076 4827 1151 4881 infra
1168 4845 1197 4881 ιι.
1214 4825 1247 4878 17
1266 4827 1404 4883 canticum
1422 4827 1514 4880 miuus
1533 4825 1632 4880 Exodi.
1653 4825 1693 4880 Ao
1714 4840 1826 4897 semper

316 4913 341 4971 l.
362 4917 408 4971 Po.
428 4933 484 4988 cuv,
506 4918 549 4976 13.
569 4949 604 4962 -
621 4918 649 4974 3.
671 4923 757 4995 Αροιι.
778 4937 809 4989 ιι,
828 4920 856 4974 9.
876 4951 912 4964 -
930 4920 958 4973 4.
977 4921 1021 4973 Jo.
1076 4919 1142 4969 nola
1160 4932 1247 4986 usque
1267 4915 1295 4968 ia
1315 4915 1397 4968 finem
1418 4916 1575 4969 versionum
1593 4915 1750 4970 varietates.

277 5021 299 5074 1,
310 5004 356 5058 47.
367 5009 493 5063 israelite
504 5010 537 5064 A.
547 5008 620 5080 --5,
630 5009 657 5066 6.
670 5010 716 5065 Pe.
728 5026 831 5079 ιιιιιι,
845 5009 873 5062 7.
887 5008 961 5063 -7.
974 5009 1021 5063 Pa.
1116 5001 1157 5060 ll.
1176 5007 1287 5058 Denter.
1306 5019 1386 5072 ιιιιι,
1404 5002 1439 5072 33
1459 5003 1581 5075 Sophon.
1601 5019 1632 5072 rr,
1651 5001 1679 5058 9.
1700 5007 1824 5059 Amani·

280 5094 1023 5168 exunat-adad.1,2,3.-9.1)auter.xx11n,
1079 5107 1122 5152 toe
1141 5094 1171 5148 C.
1191 5125 1227 5135 -·
1245 5099 1308 5148 ocos·
1325 5111 1374 5166 epo
1394 5093 1424 5147 C.

281 5183 355 5254 231..
367 5201 426 5254 ιιι,
440 5184 481 5242 11.
496 5217 529 5228 -
543 5189 706 5258 bracantiae,
717 5189 970 5263 parantonomasin
983 5189 1024 5241 aio
1118 5181 1158 5239 12.
1177 5184 1213 5237 la.
1232 5201 1272 5252 ιι,
1295 5183 1336 5240 14.
1351 5213 1385 5226 -
1402 5181 1444 5238 13.
1458 5186 1571 5238 Denter.
1590 5199 1689 5252 ιιιιιι,
1707 5182 1736 5250 7,
1750 5183 1778 5238 8.
1792 5213 1828 5226 -

282 5273 385 5328 dicitur
409 5289 540 5346 magnum
565 5277 675 5351 Moysis
696 5279 853 5345 canticum,
876 5278 917 5331 uti
941 5277 1024 5330 etiam
1081 5271 1123 5328 tt.
1145 5273 1191 5327 Ρι.
1212 5288 1319 5342 ιιιιιι,
1338 5271 1367 5326 8.
