4044 6098
288 431 346 499 tta

287 609 397 676 φικτον
409 596 450 672 τῆ
465 584 631 677 ἀνθρώπων
644 587 742 678 φύσει,
751 588 873 665 τούτοις
887 588 1038 680 ἀρκεσθη-

287 692 415 783 σόμεθα,
428 698 609 786 ὑπογραφῆς
620 695 719 786 χάριν·
733 695 826 786 μόνον
839 695 1036 786 προσθέντες,

287 801 337 864 ὅτι
353 805 387 866 οὺ
403 801 488 866 κατά
503 801 563 876 τήν
579 796 668 881 τάξιν
684 816 742 881 τῆς
765 815 887 896 γραφῆς
909 815 969 880 τῆς
995 809 1044 868 lc·-

285 908 389 998 τορίας
414 913 442 972 ol
461 899 623 987 δοκοῦντες
639 909 796 1001 ἠρτῆσθαι
819 923 877 986 τῆς
903 911 1037 1001 ἱστορίας

286 1011 405 1106 ψαλμοί
417 1016 641 1109 ἐνεγράφησαν·
654 1019 708 1084 καί
720 1020 824 1084 αἰτίαν
837 1018 957 1085 τούτων
970 1019 1038 1107 ἔχει

286 1127 342 1187 οὐκ
365 1122 467 1198 ἄλλην
491 1123 510 1197 ἢ
536 1125 608 1202 τοὺς
632 1126 777 1216 ἀριθμοὺς
793 1131 823 1191 ἐν
841 1123 884 1204 οἷς
902 1132 960 1191 εἰσι
983 1150 1038 1191 τε-

285 1231 438 1322 ταγμένοι
455 1237 484 1297 οἰ
495 1230 623 1322 ψαλμοί·
641 1230 703 1299 οῖον
720 1240 740 1309 ῆ
761 1236 880 1324 ἱστορία
895 1245 950 1298 τοῦ
966 1256 1038 1299 πεν-

286 1349 445 1412 τηκοστοῦ
468 1339 593 1430 πρώτου
610 1341 746 1433 προτέρα
770 1346 853 1406 ἐστιν
869 1351 928 1417 τῆς
954 1346 1038 1405 ἰστο-

289 1449 352 1537 ρίας
368 1447 390 1529 1)
411 1457 467 1512 τοῦ
482 1460 709 1523 πεντηκοστοῦ·
725 1447 767 1514 τά
783 1447 843 1541 γάρ
859 1446 929 1537 περί
945 1447 1038 1521 Δωὴκ

288 1553 343 1618 τὸν
361 1545 544 1644 Ἰθουμαῒοη
563 1548 777 1621 διαθάλλοντα
799 1557 855 1621 τὸν
873 1547 970 1621 deuii
992 1563 1038 1638 τῷ

288 1659 402 1738 Σαοὺλ,
413 1672 474 1738 πᾶς
487 1664 785 1755 ὁμολογεῒπρότερα
802 1657 879 1728 εἶναι
891 1674 949 1740 τῆς
964 1663 1038 1754 πρὸς

286 1763 346 1838 τήν
369 1776 426 1831 τοῦ
452 1769 560 1859 Οὐρίου
585 1771 749 1860 ἁμαρτίας.
767 1774 832 1836 Οὐκ
857 1769 979 1863 ἀλόγως
1004 1763 1038 1836 δὲ

285 1873 397 1950 τὸτῆς
415 1878 548 1967 ἱστορίας
565 1869 707 1968 δεύτερον
725 1879 874 1969 πρότερόν
898 1883 966 1944 ἐστι
981 1889 1037 1945 τοῦ

287 1992 328 2067 τῇ
357 1985 476 2073 ἱστορίᾳ
499 1984 650 2076 προτέρου
665 1985 701 2074 ²).
719 1985 816 2066 Ἐπεὶ,
833 1992 873 2063 ὡς
897 1987 1039 2078 προειρή-

287 2116 398 2182 καμεν,
416 2097 431 2156 ὁ
447 2093 519 2183 περί
535 2093 670 2184 ἀφέσεως
694 2095 789 2170 τόπος
814 2094 967 2187 συγγενής
990 2105 1037 2180 τῷ

286 2209 494 2284 πεντηκοστῷ
517 2205 600 2269 ἐστιν
623 2201 752 2293 ἀριθμῷ,
777 2206 793 2265 d
818 2193 852 2266 δὲ
875 2207 930 2267 οὐκ
954 2197 1037 2280 άξιος

288 2307 423 2397 ἀφέσεως
446 2308 616 2398 ὑπερέπεσε
638 2309 693 2374 τὸν
714 2311 930 2383 πεντηκοστὸν
956 2314 992 2399 ἀρ
1007 2309 1036 2375 θ-

288 2417 363 2506 μθν,
388 2421 428 2492 ὡς
453 2414 546 2490 Δωὴκ
570 2421 585 2480 ὁ
610 2408 791 2506 Ἰδουμαῖος.
819 2419 1037 2496 Πεντηκοστθς

287 2519 347 2612 γάρ
370 2521 492 2612 πρῶτος
521 2525 605 2586 ἐστιν
629 2526 645 2585 ὁ
670 2523 879 2614 ἀπαγγέλλων
903 2523 945 2589 τά
967 2525 1038 2616 περί

288 2632 395 2693 αὑτοῦ.
425 2627 525 2694 Ἀλλά
549 2628 611 2718 μὴν
639 2629 694 2693 καί
716 2633 733 2692 ὁ
755 2631 870 2720 τρίτος,
893 2631 960 2696 ἑπεί
984 2633 1037 2698 ὅτε

286 2735 415 2828 ἔφευγεν
434 2728 531 2801 donli
555 2737 616 2802 ἀπὸ
639 2735 805 2826 προσώπου
830 2732 1037 2830 Ἀθεσσαλώμ

285 2853 343 2907 τοῦ
359 2847 425 2907 nich
442 2847 537 2907 αὐτοῦ
555 2845 688 2934 εἴρηται,
706 2835 801 2918 δῆλον
817 2855 884 2921 τοῖς
900 2850 1037 2938 ἀνεγνω-

286 2951 355 3016 κόσι
381 2950 439 3028 τάς
464 2955 635 3038 βασιλείας,
660 2955 710 3018 ὅτι
735 2951 817 3042 μετά
839 2955 895 3019 τὸν
917 2979 1037 3029 πεντη-

286 3059 400 3124 κοστὸν
415 3058 438 3142 3)
453 3060 575 3150 πρῶτόν
593 3065 678 3125 ἐστιν
694 3060 748 3125 καί
771 3066 787 3125 ὁ
810 3064 1035 3142 πεντηκοστός.

287 3167 348 3230 Καί
371 3177 505 3232 τοιαῦτα
522 3159 547 3232 θ’
567 3173 594 3233 εἰ
609 3168 767 3234 ἰπίπλειόν
792 3194 839 3246 τις
865 3163 1036 3263 διατρίψας,

285 3274 419 3365 τηρήσει
434 3274 472 3341 τά
488 3287 546 3355 τῆς
565 3280 698 3369 ἱστορίας
715 3279 769 3344 καί
780 3289 843 3346 τῶν
860 3284 1036 3372 ἐπιγραφῶν

287 3378 504 3475 ἀκριθέστερον
537 3388 659 3477 εὑρήσει
686 3388 744 3465 τάς
768 3390 879 3467 αἰτίας,
911 3401 970 3467 τῆς
1000 3414 1037 3455 τε

286 3486 406 3571 τάξεως
430 3501 493 3556 τῶν
517 3490 658 3583 ψαλμῶν.

331 3601 420 3675 Εἰκὸς
444 3591 477 3664 δὲ
500 3601 583 3689 ἔχειν
608 3603 787 3694 ἀναλογίαν,
812 3603 866 3668 καί
889 3605 926 3669 τὸ
945 3603 1036 3692 μόνον

286 3715 454 3796 προφητῶν
476 3707 531 3772 τὸν
548 3699 645 3772 dauid
662 3707 716 3773 σὺν
732 3709 852 3800 ὀργάνῳ
877 3733 1038 3800 πεπροφη-

288 3812 441 3892 τευκίναι,
461 3823 507 3898 τῷ
526 3812 611 3903 παρά
628 3813 682 3904 μὲν
695 3813 830 3888 Ἕλλησι
854 3816 1036 3906 καλουμένῳ

287 3917 461 4012 ψαλτηρίῳ,
484 3920 568 4011 παρά
586 3913 620 3987 δὲ
638 3923 787 4014 Ἑβραίοις
810 3918 919 3989 Nabla
934 3923 966 4005 ⁴).
978 3923 1037 3990 ‘¹0-

286 4052 343 4118 περ
367 4029 459 4118 μόνον
483 4039 546 4094 τῶν
571 4029 709 4122 ὁργάνων
728 4042 883 4121 μουσικῶν
909 4015 1037 4124 ὀρθότα-

285 4156 341 4199 τον
369 4128 456 4212 εἶναι,
482 4126 569 4200 οὐδὲν
592 4135 665 4226 ἔχον
689 4137 873 4227 ἐπικαμπές·
896 4138 949 4203 καί
973 4139 1035 4229 μὴν

286 4233 357 4307 οὐδὲ
380 4252 576 4333 συνεργεϊται
593 4248 634 4320 εἰς
651 4240 729 4334 ἦχον
747 4248 861 4310 ἐκτῶν
878 4245 966 4312 κάτω
984 4269 1038 4335 με·

288 4357 356 4438 ρῶν,
380 4354 420 4424 ὡς
444 4341 608 4437 ουμθαίνει
630 4351 681 4416 ἐπί
703 4351 829 4444 κιθάρας
853 4354 907 4418 καί
931 4353 1036 4419 ἄλλων

285 4465 387 4536 τινῶν,
412 4454 482 4520 ἀλλ’
500 4454 627 4522 ἀνωθεν·
645 4468 685 4544 τῇ
703 4457 814 4550 κιθάρᾳ
832 4458 887 4548 μὲν
903 4458 964 4551 γάρ
981 4459 1036 4524 καί

284 4574 326 4650 τῇ
351 4563 430 4655 λύρᾳ
447 4562 588 4629 κάτωθεν
606 4568 622 4627 d
637 4566 756 4655 χάλκος
772 4570 891 4657 ὑπηχεῖ
905 4566 978 4657 πρὸς
995 4567 1033 4632 τὸ

285 4677 457 4763 πλῆκτρον·
482 4673 519 4736 τὸ
545 4670 716 4764 ψαλτήριον
734 4665 767 4739 δὲ
783 4684 878 4740 τοῦτο
893 4685 956 4740 τῶν
983 4680 1035 4766 άρ-

323 4933 346 5001 l)
360 4938 403 4996 τῆς
416 4935 523 5005 ἱστορίας
533 4955 574 5006 πρ.
587 4936 670 4994 ἰπιιδή
687 4937 763 5009 Mag.
775 4951 841 4991 mox
853 4952 940 5008 pauca
952 4936 1036 4992 Barb.

285 5027 387 5080 retinet
404 5025 438 5080 ad
451 5031 506 5098 sript
517 5027 599 5078 αὑτοῦ.
613 5057 649 5067 -
662 5028 686 5090 2)
700 5027 729 5080 ln
743 5027 863 5096 margin.
883 5028 950 5081 Vah.
970 5027 1037 5097 reji-

285 5117 397 5170 ciuntur
414 5118 511 5186 πρῶτόν
531 5118 602 5184 ἐστιν,
624 5119 682 5168 ὅταν
700 5119 775 5186 τρίς,
795 5116 859 5171 dein
881 5118 1036 5168 ’τὰτοιαῦτα

285 5201 307 5256 δ’
326 5199 356 5260 h
377 5206 404 5259 iu
423 5211 501 5262 textu
520 5207 570 5275 id,
589 5213 685 5278 postea
711 5208 810 5276 τηρήσει
830 5206 864 5259 ad
882 5207 980 5276 ιὺρίση-
1003 5235 1036 5246 -

721 501 726 510 .
807 435 1010 504 vuutouutt
1033 435 1317 502 euotucottuttu
1431 449 1439 466 ·

1091 595 1122 650 et
1143 587 1333 666 inaccessum,
1356 585 1447 666 hisce,
1467 587 1560 652 veluti
1583 586 1752 653 lineamenti
1774 605 1841 670 gra·

1090 693 1142 774 tia,
1155 693 1283 758 contenti
1295 692 1397 756 simus.
1410 692 1443 758 ld
1454 692 1548 757 solum
1562 692 1770 773 addiderimus,
1786 697 1842 758 soi·

1091 799 1160 865 licct
1180 817 1240 866 uou
1257 801 1340 883 juxta
1366 800 1534 866 historicam
1558 801 1711 884 scripturae
1735 801 1841 867 seriem

1090 915 1224 971 exaratos
1238 907 1331 972 luisse
1347 908 1484 990 psalmos,
1500 909 1551 991 qui
1565 907 1705 974 ridentur
1722 906 1760 971 ab
1781 906 1842 971 bis·

1091 1018 1165 1079 toria
1179 1016 1320 1098 pendere,
1337 1035 1432 1100 noque
1446 1017 1536 1082 ullam
1556 1017 1644 1081 aliam
1657 1034 1777 1082 causam
1793 1034 1842 1081 or·

1090 1122 1169 1187 diuis
1190 1141 1255 1189 esse
1270 1135 1374 1208 praeter
1388 1143 1538 1206 numeros,
1554 1125 1663 1209 quihus
1676 1125 1780 1209 psalmi
1796 1125 1841 1188 in·

1092 1241 1257 1298 struuntur:
1280 1233 1418 1299 uidelicet
1431 1233 1555 1299 historia
1570 1233 1676 1318 psalmi
1691 1235 1840 1318 quiuqua-

1091 1341 1195 1422 gesiml
1223 1341 1327 1424 primi,
1350 1341 1478 1408 anterior
1505 1352 1551 1407 est
1577 1340 1710 1407 historias
1735 1341 1839 1424 psalmi

1091 1446 1342 1532 quiuquagesimi;
1366 1465 1432 1531 que
1453 1448 1532 1514 enim
1553 1457 1689 1531 spectant
1707 1447 1745 1512 ad
1766 1447 1841 1512 Doe-

1092 1573 1163 1636 gum
1182 1552 1355 1636 ldumaeum,
1372 1555 1422 1638 qui
1445 1555 1522 1638 apud
1537 1555 1608 1622 Saul
1628 1554 1774 1621 Davidem
1793 1573 1841 1620 cu·

1093 1661 1254 1726 lumniatus
1268 1670 1324 1742 est,
1337 1679 1422 1728 nemo
1433 1663 1588 1745 negaverit
1597 1679 1632 1729 eu
1644 1681 1709 1729 esse
1722 1671 1841 1746 peccato

1092 1789 1159 1835 curu
1180 1788 1271 1835 uxore
1285 1770 1362 1834 Uriae
1383 1771 1542 1836 anteriora.
1559 1771 1662 1856 Neque
1681 1771 1840 1836 absurdum

1093 1876 1122 1941 id
1143 1877 1222 1961 quod
1235 1876 1366 1942 historie
1386 1879 1470 1962 prius
1490 1886 1547 1960 est,
1563 1878 1664 1945 reserri
1686 1887 1752 1960 post
1767 1877 1840 1943 illud

1092 1985 1840 2080 quodestposterius.Quouipm,utidiximusoutea,

1091 2091 1129 2157 de
1144 2093 1235 2157 venia
1248 2100 1455 2174 argumentum
1470 2101 1626 2174 cognatum
1637 2101 1683 2156 est
1696 2092 1841 2175 quiuqua-

1092 2201 1204 2284 gesimo
1215 2218 1345 2280 numcro,
1360 2199 1408 2265 ille
1419 2209 1518 2265 autem
1532 2199 1583 2284 qui
1597 2201 1685 2266 uenia
1700 2200 1839 2282 indignus

1090 2315 1165 2388 erat,
1175 2310 1218 2375 uti
1231 2309 1313 2391 Doeg
1324 2308 1482 2388 idumeus,
1493 2308 1598 2374 recidit
1609 2310 1685 2374 ultra
1696 2309 1840 2392 quiuqua-

1090 2419 1236 2500 gesimum
1249 2434 1418 2482 numerum:
1436 2417 1546 2499 primus
1560 2415 1638 2479 euim
1651 2425 1682 2481 st
1696 2417 1841 2500 quiuqua-
1893 2419 1900 2430 '

1089 2525 1218 2606 gesimus
1233 2523 1383 2588 renuntiat
1396 2541 1431 2588 eo
1446 2541 1512 2606 quae
1525 2523 1564 2588 ad
1580 2523 1662 2588 illum
1678 2525 1836 2606 portinent,

1091 2631 1149 2697 Sed
1160 2640 1189 2696 et
1195 2650 1285 2714 quum
1298 2631 1403 2695 tertius
1414 2632 1543 2712 psalmus
1555 2631 1739 2710 inscribatur,
1749 2649 1841 2714 quaa·

1090 2740 1126 2804 dc
1141 2740 1239 2806 David
1251 2740 1327 2823 [cpit
1340 2757 1360 2804 a
1373 2740 1450 2822 socia
1460 2739 1598 2804 Adselom
1608 2739 1664 2822 pilii
1671 2741 1729 2816 sui,
1742 2739 1838 2822 palam

1089 2857 1134 2910 est
1154 2847 1320 2929 legentibus
1340 2845 1429 2911 libros
1450 2846 1627 2928 Regnorum,
1651 2864 1681 2911 re
1702 2845 1839 2911 evenisse

1090 2953 1366 3037 quinquagesimum
1388 2952 1533 3033 psalmum
1557 2961 1624 3036 post
1649 2953 1838 3035 quiuquage-

1091 3060 1198 3123 simum
1226 3059 1361 3140 primum.
1381 3057 1420 3121 lit
1447 3058 1565 3140 quidem
1593 3057 1650 3121 alia
1671 3056 1838 3141 hujusmodi

1090 3165 1114 3230 si
1142 3165 1209 3248 quis
1237 3163 1358 3228 ulterius
1384 3163 1583 3245 persequendo
1611 3164 1839 3242 animadvertat,

1092 3281 1150 3336 hm
1172 3271 1300 3336 historiae
1324 3281 1414 3354 atque
1439 3271 1662 3352 inscriptionum
1685 3290 1773 3355 quam
1794 3290 1839 3336 or·

1091 3380 1169 3445 diuis
1189 3380 1367 3463 psalmorum
1393 3379 1521 3444 rationes
1545 3380 1709 3444 accuratius
1737 3380 1839 3462 depre·
1910 3425 1912 3430 -

1090 3486 1211 3553 heudct.

1130 3596 1256 3679 AEquum
1285 3607 1384 3662 autern
1408 3606 1464 3676 est,
1495 3596 1524 3661 id
1547 3613 1662 3680 quoque
1683 3597 1839 3679 respicere,
1919 3647 1924 3658 .

1090 3703 1183 3767 solum
1197 3722 1263 3770 csse
1277 3703 1421 3771 Doridem
1439 3704 1515 3770 iuter
1530 3703 1698 3789 prophetas,
1715 3705 1764 3787 qui
1779 3725 1840 3770 ra-

1092 3811 1231 3877 ticiuatus
1251 3812 1292 3876 sit
1312 3831 1378 3876 cum
1400 3813 1604 3893 instrumento,
1628 3813 1705 3896 quod
1726 3814 1838 3880 dictum

1090 3926 1136 3982 est
1147 3917 1257 3984 erasis
1266 3918 1452 3999 Posteriora,
1465 3919 1565 3986 Nabla
1575 3929 1673 3985 autern
1685 3921 1836 3986 Hebraeis:

1090 4025 1168 4109 quod
1189 4026 1309 4109 quidem
1328 4026 1421 4091 solum
1442 4036 1488 4092 est
1502 4045 1564 4112 prae
1577 4028 1713 4093 omuibus
1731 4027 1841 4093 instru-

1090 4133 1197 4200 mentis
1218 4134 1425 4214 rectissimum,
1441 4133 1576 4219 nihilque
1589 4154 1713 4202 currum
1736 4134 1834 4216 habet,

1090 4257 1185 4322 ucque
1208 4239 1298 4305 stiam
1318 4248 1438 4324 aptatur
1466 4243 1496 4304 iu
1518 4259 1623 4306 sonum
1648 4239 1840 4324 expertibus

1091 4347 1288 4427 interioribus,
1311 4355 1346 4411 ut
1365 4365 1420 4412 usu
1441 4345 1569 4413 venitin
1588 4347 1701 4413 eithara
1722 4354 1753 4414 et
1772 4344 1840 4443 aliis

1090 4454 1252 4536 nonnullis,
1272 4455 1325 4520 sed
1346 4472 1363 4521 e
1384 4454 1534 4538 superiore
1553 4463 1647 4540 parte.
1670 4453 1789 4520 Etenim
1810 4453 1839 4517 iu
1887 4460 1891 4466 '

1090 4563 1203 4628 cithara
1217 4572 1248 4630 ct
1262 4564 1293 4629 in
1308 4565 1372 4648 lpru
1393 4581 1428 4629 cx
1451 4564 1551 4630 intima
1566 4573 1647 4648 parte
1661 4581 1702 4627 es
1722 4571 1840 4628 resonat
1878 4601 1883 4612 ·

1090 4671 1144 4752 suh
1155 4672 1278 4756 plectro.
1294 4671 1469 4737 Psalterium
1481 4689 1553 4738 uero
1569 4671 1641 4737 illud
1652 4688 1735 4737 suam
1746 4670 1807 4735 vim
1823 4687 1840 4736 o

1091 4937 1113 5008 ί)
1132 4938 1199 4992 Haec
1218 4942 1245 4991 sl
1257 4937 1401 5009 sequentia
1420 4937 1453 4992 ad
1472 4940 1596 5006 πλῆκτρον
1610 4935 1773 5006 compendio
1793 4950 1839 4988 ra-

1090 5027 1176 5082 linuii
1193 5028 1330 5082 Eusebius
1348 5046 1374 5100 p.
1393 5025 1437 5084 65.
1454 5058 1489 5069 -
1502 5027 1525 5092 t,
1542 5027 1593 5081 Hie
1606 5025 1720 5098 ponitur
1737 5041 1837 5078 noman

1091 5115 1222 5186 Origenis
1232 5116 1259 5169 in
1270 5117 1334 5170 Vah.
1347 5114 1440 5183 Plura,
1451 5117 1535 5170 etiarn
1545 5131 1607 5186 quaa
1617 5112 1765 5169 subtiliora
1774 5125 1839 5166 mox

1090 5205 1227 5273 videntur,
1247 5203 1377 5259 similiter
1397 5205 1517 5260 basilius
1532 5206 1765 5262 comminiscitur.
