3978 6086
676 487 943 558 onenhanrlsrs
963 487 1168 556 nrrsconhs
1633 485 1695 550 aot

148 655 310 748 αγγέλιον,
323 652 368 717 ἑνὶ
381 643 415 717 dd
426 649 585 738 llrea'ipaotct
596 647 810 737 συνεχόμενον.
824 648 897 732 [Κα-
950 658 1039 724 super
1049 638 1208 708 Cherubim
1222 638 1312 718 Delta,
1327 645 1358 704 et
1370 636 1502 704 continet
1514 635 1626 716 omnia,
1639 653 1702 702 mn·

144 763 204 840 θὼς
229 767 246 827 a
270 752 377 839 neoth,
402 760 582 849 αιτούμεοης
599 763 693 823 aaron
709 758 769 833 τὴν
784 779 898 846 ,tapon-
949 746 1114 826 nilestatus,
1138 744 1336 829 quadriforme
1354 742 1441 808 nohis
1465 741 1547 807 dedit
1571 757 1701 824 evange·

145 873 228 957 σίαν,
237 871 342 960 φησίν·
355 869 390 935 Ὀ
403 866 484 942 ιιαθή
490 891 578 957 μενος
590 866 641 932 tort
655 875 718 932 τῶν
731 857 895 954 Χερουῧὶμ,
949 851 1031 932 lium,
1042 853 1072 917 in
1087 870 1146 916 uno
1159 861 1257 918 tamen
1266 850 1377 934 Spiritu
1391 849 1570 933 copulatum.
1582 847 1700 916 Etenim

148 975 314 1068 ἑρράνηῦι.
339 975 401 1040 Καὶ
423 974 483 1066 γὰρ
498 973 541 1040 τὰ
557 966 711 1065 Χιρουῦίρ
726 970 898 1062 superpe-
950 967 1075 1040 quatuor
1096 957 1234 1022 facierum
1247 965 1327 1037 sunt,
1343 965 1373 1022 et
1388 955 1475 1022 tocies
1488 972 1590 1020 eorum
1608 971 1699 1022 uuam

145 1110 237 1152 ,m
261 1085 316 1150 „a
338 1083 381 1150 τὰ
397 1084 549 1176 πρόσωπα
572 1087 674 1147 aheno
702 1079 817 1156 εἰκόνες
838 1089 896 1155 vlt
951 1063 1149 1146 imaginantur
1169 1063 1366 1147 operationem
1388 1061 1453 1128 Filii
1474 1061 1540 1130 Dei.

143 1193 367 1288 πραγματείας
390 1202 446 1256 τοῦ
469 1196 541 1256 liuh
563 1199 620 1254 τοῦ
643 1194 732 1255 Θεοῦ.

190 1303 237 1368 To
251 1300 305 1392 ράν
321 1299 382 1392 γάρ
398 1307 521 1390 πρῶτον
538 1291 626 1377 ζῶον,
647 1294 774 1385 [prostat
792 1295 896 1382 ὅμοιον
991 1289 1142 1374 Siquidem
1157 1289 1299 1373 primum,
1314 1288 1408 1357 simile
1427 1287 1698 1367 honestiorum

144 1411 261 1489 λέοντι,
278 1409 316 1475 τὸ
333 1409 514 1498 ἔμπρακτον
530 1410 626 1471 αὑτοῦ
642 1403 697 1468 καὶ
711 1403 898 1496 ἡγεμονικὸν
951 1398 1015 1480 ejus
1034 1408 1065 1464 et
1086 1398 1249 1481 principale
1268 1413 1304 1460 ac
1323 1395 1422 1478 regaie
1448 1395 1681 1464 characterizans
1691 1414 1699 1476 ;

146 1517 202 1582 auti
227 1517 388 1602 βασιλικὸν
413 1507 655 1605 χαρακτηρέζον.

192 1626 238 1692 Th
262 1617 296 1690 δὲ
320 1616 463 1714 δεύτερον
492 1623 597 1712 ὅμοιον
630 1619 750 1710 μόσχῳ,
770 1619 830 1694 τὴν
856 1623 899 1684 tr·
993 1618 1161 1685 Secundum
1183 1636 1264 1698 vero,
1277 1617 1373 1684 simile
1393 1616 1491 1696 rituli,
1508 1635 1622 1683 sacram
1635 1635 1702 1702 ope·

149 1733 313 1827 ρουργικὴν
336 1732 390 1798 itui
415 1730 572 1823 ἱερατικὴν
596 1722 685 1807 τάξιν
709 1732 864 1819 ἐμφαῖνον.
954 1728 1095 1789 rationem
1109 1733 1139 1789 et
1152 1722 1325 1788 hieraticum
1340 1723 1472 1789 ordinem
1492 1722 1685 1790 manifestans
1692 1741 1701 1803 ;

192 1843 238 1908 Th
262 1833 296 1907 δὲ
318 1842 425 1932 τρίτον
448 1839 520 1929 ἔχον
543 1837 707 1928 πρόσωπον
728 1835 899 1928 ἀνθρώπου,
992 1830 1124 1896 Tertium
1151 1841 1267 1910 autem,
1290 1829 1402 1895 hahens
1429 1829 1531 1895 taciem
1558 1827 1701 1910 hominis,

148 1947 209 2022 τὴν
232 1947 317 2012 κατὰ
341 1945 500 2038 ἄνθρωπον
526 1949 620 2009 αὑτοῦ
643 1945 813 2034 παρουσίαν
840 1966 901 2033 pu·
953 1942 1142 2027 presentiam
1162 1943 1226 2025 ojus
1246 1941 1407 2008 secundum
1423 1941 1570 2007 hominem
1583 1940 1704 2008 eviden-

148 2054 312 2146 νερώτατα
336 2045 515 2147 διαγράρονΙ
954 2065 999 2122 ter
1020 2055 1177 2136 describit;

195 2165 240 2230 Το
258 2153 292 2229 δὲ
314 2162 468 2253 τέταρτον
492 2161 597 2249 ὅμοιον
621 2164 704 2244 aero
727 2160 900 2250 πετομένῳ,
994 2167 1083 2233 Porro
1094 2175 1241 2252 quartum,
1252 2165 1347 2232 simile
1359 2165 1468 2249 aquilae
1481 2164 1623 2244 volantis,
1636 2183 1705 2229 san·

151 2268 211 2344 vlo
236 2280 292 2335 τοῦ
314 2267 497 2358 Πνεΰματος
523 2267 595 2352 [ἐπὶ
625 2265 685 2341 τὴν
709 2269 898 2356 ἐκκλησίαν]
954 2273 994 2338 oti
1009 2272 1140 2356 Spiritus
1161 2272 1327 2357 [portitori]
1349 2275 1500 2338 volantem
1521 2269 1705 2356 praedicatio·

151 2377 361 2468 ἐφισταμένου
386 2368 470 2442 δόσιν
494 2374 519 2464 1)
544 2370 721 2467 σαφηνίζον.
955 2404 1023 2450 nem
1044 2384 1220 2451 edisserens,

196 2484 258 2549 net
281 2484 323 2549 τὰ
346 2483 516 2576 εὐαγγέλια
532 2477 584 2548 οὗν
600 2481 722 2559 τούτοις
741 2482 901 2572 sincero,
995 2491 1034 2556 llt
1053 2490 1213 2574 evangelia·
1231 2491 1389 2558 conformia
1403 2499 1473 2556 sunl
1486 2490 1533 2555 his
1548 2490 1578 2556 in
1596 2490 1704 2574 quihus

153 2593 184 2654 to
198 2587 241 2667 οἷς
254 2583 458 2682 spectem
473 2586 611 2679 Χροοτος·
627 2588 666 2652 το
679 2585 734 2677 μὲν
746 2586 806 2680 γὰρ
818 2587 903 2652 κατὰ
956 2599 1067 2664 residet
1086 2599 1231 2664 Christus.
1247 2598 1383 2682 Denique
1396 2597 1583 2681 evangelium
1597 2615 1703 2662 secun·

154 2696 297 2772 Ἱωάννην
321 2696 381 2770 τὴν
406 2698 468 2762 ἀπὸ
491 2705 545 2761 τοῦ
569 2695 690 2785 marphe
709 2694 902 2787 ἡγεμονικὴν
955 2707 1025 2772 (lum
1046 2706 1210 2773 Iohannem
1231 2705 1425 2790 principalem
1446 2706 1510 2789 ejus
1531 2722 1548 2768 a
1569 2704 1657 2769 Patro
1676 2713 1708 2769 et

154 2809 248 2871 αὑτοῦ
250 2855 295 2870 ·····
320 2805 374 2870 mi
396 2795 519 2884 ἔνδοξον
534 2800 644 2896 γενεὰν
662 2793 829 2894 διηγεῖται,
853 2801 905 2867 λέ·
957 2813 1102 2880 actualem
1123 2832 1158 2878 ao
1183 2814 1342 2896 gloriosam
1369 2813 1561 2880 nativitatem
1587 2818 1708 2877 enarrat

156 2937 222 3004 γον·
246 2913 297 2978 Ἐν
322 2916 402 3003 ἀρχῇ
428 2908 467 2988 ἦν
483 2915 499 2976 ο
515 2911 612 3004 Λόγοι
632 2909 697 2997 [aot
712 2915 728 2974 ο
743 2909 842 3002 Λόγος
864 2905 902 2984 ἦν
957 2918 1076 2986 dicans:
1101 2919 1164 2984 uln
1185 2919 1328 3004 principio
1348 2930 1411 2986 crat
1431 2919 1557 2988 llerhum
1563 2965 1622 2982 .....
1628 2941 1642 2976 ν

154 3023 227 3112 πρὸς
244 3022 299 3087 τὸν
316 3021 406 3099 Θεὸν,
421 3020 475 3085 καὶ
490 3024 507 3085 ὁ
524 3021 601 3097 Θεὸς
614 3015 652 3094 ἦν
666 3022 682 3082 ὁ
697 3018 818 3112 nepot}
833 3019 903 3084 rtet·

155 3129 264 3195 Πάντα
288 3120 318 3194 ht
342 3133 437 3193 αὐτοῦ
460 3127 594 3221 ἐγένετο,
619 3125 673 3192 καὶ
692 3127 784 3218 χωρὶς
808 3130 903 3192 αὐτοῦ

155 3235 279 3327 ἐγένετο
295 3227 366 3301 cole
388 3236 456 3300 έν...
1565 3293 1568 3300 ,

104 3399 110 3410 .
199 3344 243 3409 Τὸ
267 3334 301 3409 δὲ
324 3341 408 3408 κατὰ
430 3350 561 3421 noeane,
586 3341 644 3407 ἅτε
669 3348 823 3434 ἱερατικοῦ
847 3364 905 3431 χα-
998 3341 1164 3408 Secundum
1184 3342 1291 3408 Lucam
1306 3361 1388 3423 vero,
1402 3351 1504 3426 utpote
1517 3341 1707 3410 sacerdotalis

157 3462 308 3542 ρακτηρος
337 3449 487 3542 ὑπάρχον,
512 3451 574 3516 ἀπὸ
597 3461 653 3516 τοῦ
669 3450 825 3541 Ζαχαρίου
849 3459 904 3515 τοῦ
957 3449 1135 3516 characteris
1145 3449 1473 3530 existens,aZacharia
1487 3469 1600 3516 summo
1614 3467 1710 3516 sacer·

157 3559 256 3650 Ιερέως
269 3558 440 3648 θυμιῶντος
452 3568 498 3643 τῷ
510 3563 581 3643 Θεῷ
593 3551 721 3648 ἤρξατο.
739 3549 829 3643 [Ἤδη
844 3556 904 3651 γὰρ
958 3555 1036 3632 dote,
1057 3556 1108 3640 qni
1131 3556 1258 3640 panchat
1279 3556 1442 3636 incensum,
1462 3557 1577 3640 incipit.

155 3667 171 3727 h
194 3665 335 3742 σιτευτὸς
350 3659 550 3756 ,ἡτοιμάζετο
582 3665 717 3756 μόσχος,
742 3664 817 3756 ὑπὲρ
846 3675 905 3740 της

155 3773 337 3865 ἀνευρέσεως
349 3784 405 3840 τοῦ
419 3775 569 3870 νεωτέρου
585 3765 695 3852 παιδὸς
713 3773 835 3864 μέλλων
852 3771 905 3838 ho-

156 3878 264 3968 εσθαι]

197 3985 354 4066 Ματθατος
377 3980 411 4054 δὲ
430 3987 490 4062 τὴν
514 3986 599 4055 κατὰ
622 3985 781 4079 ἄνθρωπον
806 3993 904 4054 αὑτοῦ
999 3990 1158 4058 Mattheus
1172 3999 1271 4055 autem
1291 3989 1511 4072 generationem
1528 3991 1592 4075 ejas
1608 4009 1712 4058 sccun-

154 4093 297 4186 γέννησιν
310 4095 594 4189 κηρύττει,λέγων·
607 4089 717 4172 attica
733 4097 906 4188 γεννήσεως
960 4097 1031 4163 dum
1052 4096 1198 4164 hominem
1219 4101 1319 4177 refert,
1340 4098 1458 4164 dicens:
1480 4098 1567 4163 Liber
1587 4114 1711 4180 genera·
1750 4179 1752 4184 ι

158 4199 269 4284 ’,Ἰησοῦ
293 4208 435 4293 Χριστοῦ,
459 4207 524 4268 υἱοῦ
547 4194 655 4280 Δαυὶδ,
672 4207 736 4268 υἱοῦ
753 4195 905 4293 Ἀέραάμ.
962 4203 1086 4269 tionis...
1102 4201 1234 4269 Hominis
1247 4219 1318 4284 crgo
1337 4202 1458 4268 formam
1481 4201 1569 4268 habet
1582 4221 1713 4286 evange·

155 4310 223 4372 uet-
247 4315 309 4374 Τοῦ
333 4300 367 4375 δέ
389 4309 491 4384 Ἰησοῦ
508 4317 640 4401 Χριστοῦ
659 4317 679 4384 η
698 4310 838 4402 γέννησις
855 4311 907 4376 οὔ·
961 4311 1034 4375 lium
1057 4310 1144 4375 istud.

155 4449 261 4524 duplici
274 4447 363 4522 igitur
374 4448 453 4523 lydio
466 4450 560 4525 lepide
574 4453 716 4508 inventum
731 4454 908 4523 emergebat.
962 4458 1075 4510 sanctus
1092 4451 1250 4525 patriarcha
1269 4454 1304 4507 ab
1322 4451 1427 4508 Irenaeo
1446 4456 1510 4525 post
1527 4453 1708 4508 Anastasinm

156 4539 259 4592 Deerat
274 4543 365 4593 tamen
380 4539 502 4611 genuina
514 4541 645 4596 Germani
665 4542 814 4614 scriptura,
826 4557 908 4612 quam
961 4545 1079 4616 recepit.
1101 4544 1259 4599 varietates
1272 4547 1303 4598 ut
1315 4559 1444 4615 augeam,
1463 4547 1594 4615 prompto
1612 4543 1707 4598 indul-

156 4626 281 4684 Graeculi
300 4626 375 4682 faede
392 4629 530 4701 spurcitia
550 4629 769 4686 maculaverant.
791 4631 909 4685 Germa·
963 4636 1064 4690 sissem
1082 4638 1111 4689 et
1129 4633 1207 4689 facili
1225 4633 1343 4705 calamo,
1362 4633 1467 4690 multos
1490 4634 1550 4689 sive
1568 4634 1715 4691 hmslasii

155 4731 218 4770 nam
237 4718 307 4771 hanc
335 4717 526 4774 sinceritatem
554 4719 634 4774 nobie
661 4721 774 4774 tandem
798 4721 909 4792 praehet
964 4724 1023 4778 sive
1036 4723 1166 4778 Germani
1178 4721 1288 4777 codices
1308 4723 1458 4780 Vaticanos
1478 4721 1653 4790 excutiendm
1664 4721 1713 4775 sed

156 4805 330 4876 Anastasius,
348 4806 447 4862 doctus
472 4823 550 4863 meus
576 4811 736 4864 antecessor
753 4808 910 4865 Bibliothe·
963 4813 1022 4870 hec
1048 4810 1116 4868 alibi
1142 4829 1224 4866 suum
1247 4810 1340 4867 locum
1367 4812 1508 4867 habebunt
1534 4809 1657 4882 amplum
1688 4815 1718 4865 et

154 4896 260 4964 carius,
279 4895 327 4966 qui
348 4896 589 4969 Constantinopoli
617 4913 716 4969 egens,
745 4897 910 4971 paulopost
963 4904 1162 4974 opportunum.
1182 4903 1249 4967 Quae
1275 4903 1354 4955 uncis
1378 4899 1569 4970 includuntur,
1597 4901 1715 4955 Germa-

156 4985 183 5039 S.
206 4985 385 5055 Germanum,
414 4977 602 5060 ejus⁰purum
628 5003 700 5060 opus
718 4987 798 5042 Latio
822 4989 908 5058 dedit,
963 5007 1017 5046 nus
1035 4989 1140 5045 omisit.
1166 4990 1331 5045 Anastasius
1356 5006 1420 5045 vero
1445 4989 1593 5043 exhibetur
1611 5004 1646 5042 ex
1664 4988 1714 5042 du·

156 5073 319 5144 priusquam
346 5081 582 5148 corrumperetur,
607 5079 685 5132 utin
712 5077 808 5133 futuro
835 5083 911 5136 tomo
964 5077 1034 5152 plici
1053 5077 1147 5134 codice
1172 5078 1366 5135 cameracensi
1390 5081 1418 5133 at
1444 5078 1607 5150 Parisiensi,
1633 5081 1711 5134 utro-

156 5163 274 5232 patehit.
302 5164 363 5219 Huc
391 5165 421 5218 iu
446 5169 620 5220 antecessum
647 5165 750 5220 adduxi
779 5166 910 5237 paginam
966 5186 1019 5241 que
1039 5166 1135 5222 seculi
1149 5167 1242 5233 lll,de
1256 5167 1496 5240 quioculos.—
1510 5165 1536 5241 1)
1551 5166 1712 5240 sphalmata

159 5265 186 5312 tn
206 5267 260 5323 qua
279 5253 330 5307 suh
358 5251 433 5307 fideli
459 5254 586 5308 barbarie
605 5269 637 5307 ea
662 5254 827 5310 exhibentur·
846 5261 926 5326 quae'
965 5257 1058 5330 lepido
1078 5258 1166 5315 bonus
1179 5260 1342 5314 Anastasius
1363 5258 1556 5330 legebatrrooh
1568 5274 1619 5329 pro
1631 5258 1708 5310 δόσιν.

318 5343 385 5387 nnn.
399 5343 430 5387 il.
442 5341 476 5387 ll.
