3978 6086
672 555 934 622 suoouunusts
954 557 1159 626 episcopus
1628 566 1686 630 tii

138 705 180 765 ξε.
202 705 332 760 Ostensio
351 706 423 778 quod
443 708 632 780 unnsquisque
656 713 782 764 nostrum
806 725 883 765 suam
939 711 982 773 ξθ.
1003 713 1118 771 inversio
1137 715 1269 771 Besiiidis
1288 715 1422 774 coelorum
1445 719 1649 776 fabricationis.

208 795 292 850 hebet
309 797 440 866 animem,
460 796 534 852 sicut
552 802 580 852 et
598 815 678 852 suum
700 815 812 872 corpus.
939 808 968 853 θ.
981 819 1046 859 nxx.
1061 804 1191 862 Ostensio
1203 807 1334 878 quonism
1347 808 1493 881 prophetie
1504 827 1559 864 non
1571 825 1589 863 α
1601 811 1687 866 τυτὶὶο

136 883 181 945 tS.
204 884 345 950 Quomodo
363 892 544 957 perseverent
560 888 672 956 enimin,
691 890 817 960 corporis
833 889 885 943 he·
1010 893 1064 948 diis
1084 893 1189 950 fuerint
1207 896 1446 970 prophetationes,
1465 899 1514 953 sed
1532 900 1567 954 eb
1585 917 1640 956 uno
1659 905 1689 956 et

208 974 304 1027 benten
323 974 452 1044 figuram.
1011 984 1115 1041 eodem.

135 1061 184 1122 ξι).
203 1060 345 1126 Quomodo
364 1065 475 1132 snimae,
490 1081 573 1136 quum
586 1065 643 1120 sint
656 1066 841 1138 generantes,
854 1069 884 1122 in
974 1071 1121 1142 Expositio
1132 1073 1325 1130 hebraicorum
1344 1075 1488 1131 nominum
1507 1094 1602 1133 sorum
1624 1095 1687 1151 quse

210 1148 335 1205 futurum
354 1151 584 1222 incorruptibiles
601 1159 792 1224 perseverent.
938 1159 966 1213 in
985 1161 1130 1234 prophetis
1149 1162 1241 1234 posits.
1258 1167 1335 1218 sunt.

863 1373 960 1447 XIV.

647 1545 696 1609 Εσ
717 1548 799 1611 Actis
821 1549 855 1613 S.
882 1549 1015 1616 Timothei
1034 1553 1168 1635 apostoli.

177 1725 286 1793 Νέρωνος
307 1729 355 1794 γὰρ
375 1729 441 1774 κατὰ
460 1727 509 1775 τῶν
528 1727 667 1796 κορυφαίων
681 1730 729 1778 τῶν
744 1731 887 1780 ἀποστόλων
977 1731 1088 1786 Etenim
1116 1736 1263 1803 postquem
1281 1735 1355 1789 Nero
1373 1734 1505 1789 adversus
1523 1739 1688 1810 coryphaeos

141 1795 239 1864 Πέτρου
257 1799 300 1844 ιιαὶ
317 1795 418 1846 Παύλου
431 1799 458 1846 τὸ
471 1796 602 1866 μαρτύριον
617 1797 825 1867 1)λυσσιθσσιντος,
838 1804 888 1852 τῶν
942 1802 1142 1873 apostolorum,
1162 1805 1276 1859 Petrum
1289 1810 1317 1859 et
1334 1804 1462 1874 Paulum,
1474 1806 1508 1861 ed
1521 1810 1689 1880 mertynium

140 1885 168 1917 τι
188 1869 230 1917 σὺν
249 1865 331 1924 αὐτοῖς
354 1865 454 1926 tinctor
473 1873 642 1937 συμμαθητῶν
656 1867 680 1934 2)
700 1871 821 1941 διαφόρως
848 1876 888 1925 τὸν
942 1889 1030 1944 usque
1042 1875 1191 1942 saeviisset,
1206 1891 1237 1928 sc
1250 1875 1333 1930 simul
1346 1893 1409 1930 cum
1422 1876 1481 1932 illis
1494 1875 1610 1948 gloriosi
1622 1897 1689 1934 con·

141 1937 194 2000 βίον
212 1939 406 2006 πληρωσάντυν,
421 1937 504 2004 ἔτυχεν
522 1937 639 1996 Ἰωάννην
657 1945 698 1994 τθν
716 1942 794 2014 μίγαν
808 1945 888 1995 θιολό-
942 1944 1074 2016 discipuli
1093 1947 1177 1999 vitem
1196 1947 1282 2000 veniis
1300 1946 1389 2001 modis
1408 1947 1601 2020 absolvissent,
1620 1968 1689 2006 con·

136 2028 180 2080 γον
196 2009 324 2064 reicies«.
334 2009 412 2080 ταύτῃ
424 2012 454 2078 τῇ
464 2015 571 2081 λαμπρᾷ
580 2015 733 2082 μητροπολει
746 2015 770 2077 3)
785 2012 888 2086 insipen-
942 2017 1009 2086 tigit
1027 2032 1158 2086 megnum
1177 2015 1257 2072 illum
1273 2016 1434 2090 theologum
1446 2021 1579 2075 doennem
1592 2021 1689 2078 edesse

138 2079 210 2130 θίντα
229 2079 256 2132 ἔοι
274 2081 402 2150 ναυαγίου,
424 2082 455 2140 ὡς
476 2079 526 2142 ἐξὸν
546 2087 596 2142 τοῖς
621 2083 772 2153 βουλομένοις
793 2087 819 2138 tn
839 2088 887 2138 τῶν
942 2088 971 2140 in
989 2087 1040 2141 hnc
1063 2085 1209 2158 splendide
1230 2088 1389 2159 metropoli,
1415 2091 1450 2147 nb
1473 2094 1546 2145 testu
1569 2092 1689 2149 marine
1768 2119 1772 2124 ’

137 2153 184 2203 ὑπὸ
207 2152 351 2221 Εἰρπναὶου,
370 2154 414 2202 τοῦ
439 2153 569 2224 Λογθάνυν
588 2155 737 2222 ἐπισκόπου,
757 2159 789 2216 εἐς
814 2157 887 2210 αιἰτθν
942 2157 1089 2228 naufragio
1109 2161 1241 2229 ejectum,
1258 2157 1367 2213 utlicot
1385 2160 1427 2213 eis
1440 2163 1487 2231 qui
1500 2160 1688 2229 relucendo-

138 2221 320 2294 γεγραμμένων
339 2224 440 2294 γνῶναι·
459 2225 498 2274 ὅτε
518 2229 560 2276 ναὶ
575 2227 598 2296 4)
611 2230 633 2278 οἱ
646 2227 887 2289 ἐπακολουθήσαντες
942 2230 999 2282 ceri
1019 2246 1054 2283 ex
1072 2229 1117 2283 his
1135 2247 1197 2302 quin
1217 2231 1349 2298 lreneeus,
1362 2230 1590 2300 Lugdunensium
1608 2236 1687 2305 epis-

140 2298 190 2352 τοῖς
210 2297 334 2362 μαθηταῖς
353 2297 396 2346 τοῦ
415 2293 506 2364 Κύρνου
524 2297 596 2365 θυμῶν
614 2295 698 2353 Ἰησοῦ
711 2301 814 2368 Χριστοῦ
833 2303 887 2360 τοὺς
942 2317 1040 2371 copus,
1059 2298 1093 2354 de
1112 2300 1164 2355 boo
1182 2300 1309 2372 apostolo
1328 2302 1458 2372 scripsit:
1478 2303 1588 2373 quondo
1603 2305 1688 2361 etiem

140 2362 197 2433 παρ’
218 2364 299 2416 αὐτῶν
320 2369 445 2435 σποράδην
465 2369 629 2439 συνταγὲντας
649 2373 744 2439 χάρτας
764 2372 887 2441 διαφόροις
942 2371 1017 2425 ethi
1037 2373 1084 2444 qui
1104 2371 1245 2426 subsecuti
1270 2370 1383 2426 inerunt
1405 2372 1558 2444 discipulos
1577 2375 1687 2431 Domini

140 2435 263 2505 γλώσσαις
278 2436 486 2508 συντιταγμίνους
501 2437 525 2508 5)
538 2441 586 2490 τῶν
603 2442 740 2513 γινομένων
753 2443 792 2493 irr'
806 2443 887 2494 αὐτῶν
942 2443 1031 2497 nostri
1049 2443 1116 2498 Jesu
1135 2442 1250 2512 Christi,
1265 2460 1349 2516 quum
1362 2460 1397 2498 ex
1408 2444 1504 2498 ordine
1523 2461 1688 2518 componere

141 2511 406 2578 θαυματουργημάτων
417 2510 463 2561 ὑπὸ
476 2512 519 2561 τοῦ
532 2511 623 2580 Κυρίου
635 2513 707 2580 ἡμῶν
719 2511 801 2568 Ἰησοῦ
814 2513 888 2582 Χρίσ-
941 2515 1117 2583 ambigerent
1133 2513 1245 2567 chartas
1256 2514 1329 2585 apud
1341 2531 1372 2570 se
1384 2516 1490 2586 possim
1508 2519 1687 2588 constitutos,

140 2581 181 2629 rob
200 2579 242 2630 οὐκ
261 2579 394 2650 θγνιυοιότις
419 2585 545 2646 συνθεῖναι,
564 2585 759 2654 παραγενόμενοι
783 2585 824 2638 θπθ
843 2589 887 2645 τῆς
942 2601 1005 2656 qnae
1023 2585 1141 2639 diversis
1159 2583 1265 2656 linguis
1281 2589 1389 2657 scripte
1406 2584 1566 2641 referebant
1584 2587 1688 2644 sectas

138 2648 268 2719 Ἐρισίιον,
287 2655 354 2702 κατὰ
372 2651 452 2706 κοινὴν
471 2653 574 2724 γνώμην
588 2652 690 2725 Ἰωάννῃ
704 2659 740 2724 τῷ
761 2658 887 2727 consepsi·
942 2655 1058 2712 Domino
1069 2661 1164 2712 nostro
1177 2658 1242 2710 Jesu
1252 2656 1362 2712 Christo
1371 2656 1510 2740 prodigia,
1520 2660 1687 2714 convenien-

141 2739 181 2790 μιρ
200 2722 307 2793 θεολόγῳ
326 2721 412 2782 αὐτοὺς
435 2725 602 2796 προσήγαγον·
623 2727 687 2785 ὅστις
706 2729 790 2778 πάντα
810 2747 887 2779 κατα·
942 2733 984 2780 tes
1003 2729 1032 2781 in
1051 2727 1202 2798 Ephesum,
1223 2727 1332 2783 eusdem
1345 2729 1468 2782 unanimi
1482 2732 1619 2784 sententie
1637 2732 1687 2786 Jo-

138 2795 234 2857 νοήσας,
248 2799 291 2845 καί
305 2794 329 2853 u
343 2796 423 2845 αὐτῶν
443 2795 564 2864 ὁρμηθεὶς,
579 2795 603 2867 ⁶)
615 2802 647 2848 τὰ
663 2801 706 2865 μὲν
726 2797 784 2867 παρ’
806 2799 887 2850 αὐτῶν
942 2799 1006 2852 nnni
1017 2797 1200 2854 celeberrimo
1209 2797 1339 2872 theologo
1349 2798 1522 2854 detulerunt:
1555 2802 1582 2855 ui
1593 2803 1687 2856 omnin

140 2864 254 2934 εἰρημένα
274 2865 297 2916 ts
322 2869 371 2924 τοῖς
390 2871 468 2935 τρισίν
491 2866 642 2939 ιῦαγγιλίοις
666 2869 766 2921 ἱνθιῒναι
779 2869 803 2941 7)
822 2875 887 2922 κατὰ
941 2871 1131 2938 considerans,
1145 2875 1173 2924 et
1191 2869 1224 2923 eb
1243 2870 1347 2925 eisdem
1365 2872 1513 2938 excitatus,
1531 2817 1606 2927 iicon
1624 2874 1687 2946 qui-

137 2935 203 2995 τάξιν
223 2935 351 2986 Ματθαίου
371 2943 413 2988 καὶ
434 2941 591 3006 Μάρκουκαί
609 2943 695 2991 Λουκᾶ
715 2941 886 3013 ἀπεγράψατο,
941 2939 1003 2994 dem
1030 2942 1065 2994 sb
1092 2941 1101 2993 i
1123 2943 1163 2995 sis
1190 2943 1219 2994 et
1243 2943 1327 3010 juxte
1351 2942 1475 2996 ordinem
1503 2942 1631 2998 Metthaei
1660 2949 1688 2999 et

136 3011 180 3065 τὰς
200 3005 280 3057 αὐτῶν
301 3007 435 3077 ὀνομασίας
454 3011 541 3070 ἐπιθεὶς
555 3008 579 3074 8)
600 3015 649 3071 τοῖς
669 3011 830 3084 ιθαγγιλὶοις·
851 3015 888 3064 οὐ·
941 3012 1032 3066 Murci
1050 3017 1078 3066 et
1096 2958 1189 3080 linces,
1208 3012 1238 3065 in
1256 3012 1346 3067 tribus
1365 3012 1518 3084 evangeliis
1539 3014 1686 3068 intuenda

136 3080 183 3146 ρὼν
203 3079 227 3128 et
247 3077 334 3138 αὐτοὺς
355 3085 387 3129 τὰ
407 3083 450 3139 τῆς
470 3082 610 3152 οἰκονομίαι
622 3085 666 3142 τῆς
685 3084 886 3153 incoepere-icio<
941 3084 1083 3156 ascripsit,
1104 3081 1262 3139 eorumdem
1275 3085 1387 3138 nomine
1401 3083 1523 3154 singulis
1541 3085 1686 3156 imponens

135 3149 379 3220 γινιαλογῆσαντας,
399 3154 443 3203 άτι
461 3157 494 3203 τὰ
513 3151 539 3204 θοι
560 3156 601 3204 τοῦ
623 3154 688 3205 θείου
707 3157 808 3215 στήθους
828 3159 887 3207 άνα-
941 3153 1111 3224 evangeiiis3
1126 3154 1270 3208 inveniens
1288 3159 1381 3209 nutem
1401 3155 1434 3207 nb
1458 3156 1527 3226 ipsis
1546 3158 1685 3210 recenseri

136 3221 287 3290 μαξάμενος,
307 3227 339 3272 τὰ
358 3222 454 3283 ἒκιὶνοις
468 3224 511 3274 οὐκ
525 3224 642 3294 εἰρημίνα
656 3224 727 3286 αὐτὸς
740 3231 852 3298 θιολογιῒ
863 3229 886 3291 9)
941 3225 995 3279 rite
1014 3241 1047 3278 ee
1064 3240 1127 3296 quse
1139 3223 1173 3277 nd
1186 3228 1368 3281 oeoonomism
1380 3225 1563 3280 humanitatis
1575 3241 1685 3282 essum·

136 3291 318 3362 θιναπληρῶσας
339 3298 381 3344 οιαὶ
395 3298 428 3345 τά
439 3295 545 3354 ἐλλιπῶς
562 3297 646 3356 αὐτοῖς
660 3297 776 3366 ιἰρημίνα
795 3300 818 3350 ἐν
836 3302 886 3358 τοῖς
940 3301 997 3418 ptus
1016 3296 1201 3367 pertinebunt,
1214 3311 1248 3349 es
1259 3313 1324 3350 sero
1337 3313 1400 3367 quoe
1414 3312 1448 3350 ex
1459 3296 1554 3350 divino
1572 3304 1684 3369 pectore

136 3363 278 3434 αιρσλαίοις
296 3368 350 3416 eisc
375 3368 635 3439 θαυματουργὴματα·
654 3369 704 3420 θθιν
727 3371 833 3421 τοιοῦτον
859 3373 886 3422 τθ
959 3372 1081 3434 cnseret,
1095 3383 1150 3420 non
1169 3367 1258 3420 tuisse
1276 3365 1364 3421 relate
1382 3368 1416 3420 nb
1435 3367 1544 3434 iisdem,
1564 3371 1624 3438 ipse
1642 3371 1683 3424 uti

137 3434 277 3506 σύνταγμα,
298 3436 370 3490 iesous
398 3437 556 3509 εὐαγγιλεον,
576 3443 611 3509 τῷ
631 3441 717 3491 ἑαυτοῦ
742 3439 883 3493 territum
938 3437 1094 3509 theologus,
1118 3439 1148 3490 in
1169 3436 1310 3491 cumulum
1333 3438 1436 3510 adjecit
1458 3436 1598 3492 mirabilis
1623 3456 1684 3512 ques

137 3506 244 3574 ὀνόματι
259 3505 299 3578 10)
937 3510 1029 3564 minus
1048 3511 1081 3564 eb
1101 3511 1142 3563 eis
1154 3508 1228 3563 dicte
1246 3513 1326 3577 ιιιυθς
1339 3509 1411 3563 unde
1428 3509 1586 3580 hujusmodi
1605 3511 1684 3580 operi

937 3581 1101 3652 composito,
1121 3579 1148 3634 id
1167 3586 1210 3635 est
1228 3579 1389 3652 evangelio,
1408 3598 1507 3636 nomen
1530 3581 1575 3635 sui
1594 3583 1684 3654 ipsius

937 3653 1079 3724 imposuit.

169 3795 243 3849 xlv.
264 3795 331 3858 Ques
356 3793 508 3849 omittenda
534 3795 600 3850 duxi
629 3797 769 3869 superins,
794 3812 879 3868 quum
933 3795 972 3849 id.
992 3797 1031 3852 Ut
1050 3800 1129 3851 vetus
1148 3795 1297 3869 interpres,
1311 3794 1394 3868 piene
1408 3801 1502 3853 cosor
1514 3796 1612 3862 codex,
1632 3796 1681 3868 qni

137 3867 194 3918 inte
216 3881 247 3918 re
259 3865 324 3919 dere
338 3882 393 3920 non
405 3871 496 3934 venet,
510 3866 609 3921 saltem
623 3884 656 3922 ex
669 3865 806 3940 particule
815 3870 880 3937 jure
934 3868 1018 3921 toties
1030 3873 1120 3939 jnotst
1137 3867 1171 3920 ds
1190 3867 1331 3939 Ephesiae
1347 3868 1411 3924 sede
1430 3867 1574 3941 splendide
1592 3867 1685 3922 nomi·

134 3883 298 4006 postiiminii
314 3936 424 4000 reduco,
439 3939 546 3992 AotsS.
558 3939 708 4006 Timothei,
723 3956 756 3993 ex
768 3939 880 3992 Vetice-
934 3953 981 4005 ns,
995 3943 1027 3992 ut
1040 3936 1228 3994 recensionem
1249 3940 1370 4010 topicam
1388 3939 1571 4022 redotent3-
1583 3937 1608 4003 ⁴)
1628 3942 1680 3992 Καὶ

133 4022 167 4060 no
191 4007 252 4061 cod.
273 4005 338 4075 866,
358 4007 379 4060 i.
400 4005 463 4075 376,
482 4008 578 4070 eaecuti
607 4011 665 4063 iere
688 4010 738 4074 XI,
762 4009 878 4080 optimo,
933 4015 982 4080 γὰρ
993 4015 1036 4062 νεα)
1048 4009 1137 4064 Paris.
1152 4009 1279 4072 ..ouibus
1291 4010 1449 4081 particulis,
1460 4013 1551 4082 inquit
1560 4013 1679 4077 Usener,

135 4076 257 4148 copioso,
277 4079 462 4148 membraneo,
480 4081 510 4132 in
529 4097 584 4150 quo
602 4079 680 4135 nulls
698 4086 769 4136 Acts
790 4085 879 4134 mete-
934 4083 1056 4205 scriptor
1069 4097 1124 4135 non
1136 4082 1254 4135 obscure
1267 4080 1420 4149 significet,
1431 4083 1473 4135 eis
1488 4097 1551 4153 quus
1561 4081 1683 4164 ironicus

132 4149 263 4218 phrsstee
282 4149 395 4204 fastidio
408 4155 482 4204 sunt.
498 4151 564 4204 Haee
577 4168 643 4205 vero
662 4153 757 4222 quenti
770 4151 827 4204 sint
845 4150 879 4203 sd
934 4151 967 4204 de
1003 4167 1092 4206 oenoe
1110 4150 1224 4220 reseret,
1252 4165 1323 4204 nova
1337 4155 1397 4222 jem
1415 4169 1446 4205 se
1464 4157 1546 4222 etque
1568 4150 1680 4206 stronde

132 4236 189 4274 rem
208 4225 344 4289 nostrum,
358 4219 433 4276 ultro
452 4221 600 4293 profitetur
611 4219 649 4276 cl.
663 4223 752 4276 editor
770 4237 879 4289 recens,
932 4223 1020 4292 petits
1038 4221 1137 4276 addere
1156 4220 1189 4275 de
1217 4220 1425 4292 evangeliorum
1453 4223 1573 4292 origine.
1593 4247 1606 4268 η
1628 4221 1680 4276 Sed

132 4307 215 4360 quum
235 4293 333 4346 sonuit
351 4291 487 4346 trenmum
500 4293 552 4346 buc
566 4310 621 4347 non
633 4292 733 4348 adduci
745 4293 878 4348 exEuse-
932 4293 1084 4362 particulos
1104 4292 1163 4346 iere
1182 4293 1319 4363 expunxit
1346 4293 1509 4362 Vetionnus,
1531 4309 1564 4346 sc
1586 4293 1680 4364 potius

131 4361 186 4430 bio,
201 4379 290 4434 neque
305 4379 340 4416 ex
355 4381 438 4433 opere
453 4364 558 4419 Contra
575 4367 713 4434 messes,
734 4364 875 4434 additque:
932 4365 1091 4419 continuem
1110 4365 1212 4418 seriem
1225 4379 1284 4416 esse
1302 4364 1455 4434 significet,
1466 4365 1507 4416 ὅτι
1520 4369 1571 4430 και,
1586 4379 1681 4435 quan-

133 4457 145 4478 ·
160 4432 253 4487 Alium
275 4434 363 4504 igitur
380 4435 478 4488 Ireneni
501 4451 555 4490 non
580 4434 682 4504 locum,
707 4436 755 4489 sed
775 4435 877 4488 librum
931 4434 967 4488 do
987 4441 1081 4506 etism,
1101 4439 1132 4489 ut
1151 4441 1206 4489 vet.
1230 4434 1287 4487 inte
1323 4452 1378 4491 res.
1408 4437 1503 4506 Neque
1522 4433 1578 4488 etis
1596 4450 1680 4489 cause

131 4503 174 4556 hic
194 4506 316 4575 scriptor
340 4504 454 4571 indicet,
473 4505 518 4558 ubi
538 4506 570 4558 de
590 4507 672 4560 rebus
698 4509 732 4561 ab
750 4503 877 4578 apostolo
931 4505 1052 4576 vidntur,
1063 4511 1167 4578 prietes
1178 4522 1291 4576 gravem
1316 4505 1681 4586 renaeieuotoritstem,our

131 4577 194 4628 ante
216 4575 366 4630 Domitiani
391 4577 429 4629 im
451 4577 539 4630 esium
564 4578 652 4648 gestis
677 4579 781 4632 dictum
805 4580 875 4629 eret:
931 4578 1077 4649 scriptioni
1087 4578 1271 4645 brevissimo,
1285 4595 1317 4632 sc
1331 4577 1390 4633 fere
1404 4577 1495 4632 elieno
1506 4578 1534 4630 in
1547 4575 1619 4644 loco,
1635 4591 1680 4628 ιιι-

131 4661 192 4699 eum
210 4647 311 4715 opinor
330 4663 411 4717 quem
429 4593 565 4700 busebius
585 4647 617 4704 H.
630 4647 663 4702 E.
677 4665 705 4716 ν,
718 4647 753 4703 26
772 4664 877 4702 memo·
931 4653 1005 4701 serto
1024 4648 1190 4703 fueritsstis
1211 4650 1295 4718 ionga
1307 4650 1341 4703 de
1359 4650 1465 4705 Josnne
1477 4650 1506 4702 et
1524 4643 1678 4718 evangeliis

131 4723 185 4783 rat,
197 4723 225 4769 et
236 4717 424 4790 Hieronymus
433 4719 475 4773 De
488 4719 562 4774 Viris
573 4719 615 4773 iu.
626 4717 672 4772 35:
685 4743 698 4765 ν
710 4721 744 4774 ed
754 4720 876 4774 Marcis·
931 4717 1058 4773 historie.
1070 4722 1109 4775 Ut
1120 4735 1184 4773 vero
1198 4736 1253 4774 non
1264 4735 1325 4774 esse
1337 4719 1397 4774 illio
1410 4721 1472 4791 ipse
1483 4719 1582 4774 irenaei
1595 4717 1679 4771 serbe

132 4804 195 4840 num
216 4787 330 4842 tratrem
344 4792 387 4844 De
398 4807 416 4842 ο
436 4790 549 4844 ostolioa
564 4792 786 4860 praedieatione.
808 4815 821 4836 ν
836 4788 874 4844 ct.
930 4792 1089 4858 concedam,
1102 4792 1142 4844 sio
1162 4789 1248 4845 nolim
1267 4791 1442 4857 contendere,
1455 4789 1485 4843 in
1504 4789 1581 4843 hisce
1595 4790 1677 4842 note-

132 4857 224 4912 Herm.
246 4859 374 4929 Usener,
423 4861 534 4916 ecclisia
551 4866 628 4932 repis
655 4865 729 4934 Αυμ.
753 4863 875 4917 uuizzu-
931 4875 991 4914 rum
1010 4863 1160 4932 angustiis,
1172 4861 1402 4932 usqueedflnem
1421 4859 1522 4914 reterri
1541 4875 1611 4931 opus
1626 4875 1678 4930 ge·

131 4933 168 4984 mi
186 4941 236 4984 etc.
257 4929 363 4986 Iesum
381 4941 444 4986 octo
463 4933 493 4986 6.
520 4933 656 4987 Timothei
676 4941 720 5001 (ex
738 4935 799 4989 cod.
819 4933 875 4986 Pn-
930 4934 1045 4987 nuinum
1069 4931 1178 4986 Irenaei.
1198 4959 1233 4973 -
1253 4935 1277 4996 5)
1297 4947 1371 4986 corr.
1391 4931 1439 4989 ue
1459 4949 1493 4986 ex
1518 4930 1567 4985 let.
1589 4949 1678 5002 συγγε-

129 5001 178 5052 ris.
200 4998 279 5064 1219)
299 5003 414 5068 Bonnae,
430 5022 456 5072 p.
474 5002 517 5057 18.
928 5003 1093 5074 γραμμίνους.
1107 5031 1142 5044 -
1155 5002 1179 5063 6)
1195 5004 1314 5073 θρμισθεθς
1331 5003 1395 5059 vat.
1410 5019 1445 5056 nn
1458 5001 1546 5056 benet
1557 5030 1594 5044 -
1606 5001 1630 5066 7)
1641 5003 1678 5054 ἐν·

164 5074 187 5136 1)
201 5078 268 5124 κατὰ
281 5089 335 5127 om.
350 5075 414 5128 vat.
429 5077 456 5125 τθ
476 5076 607 5144 μαρτύριον
620 5091 675 5128 om.
688 5077 751 5129 Per.
765 5078 787 5129 θ’.
807 5072 873 5129 mel.
928 5081 975 5134 θεθς
989 5078 1053 5128 Per.
1068 5104 1103 5115 -
1117 5072 1140 5138 8)
1161 5075 1233 5134 istst<
1251 5078 1315 5129 iter.
1337 5075 1376 5129 id.
1392 5073 1469 5200 -v
1489 5077 1600 5145 θιολογιῖ
1615 5089 1677 5127 oum

129 5148 233 5195 ιιατὰτθ
250 5145 874 5216 τῶννιορυρ.Αθνσθιισυσι·σίο;ιΝουοιιοουίυι
929 5149 993 5201 Par.
1022 5146 1136 5217 θεολογὶορ
1165 5147 1342 5217 θινεπλήρυσας
1372 5147 1413 5199 sic
1467 5151 1506 5199 et·
1524 5173 1561 5187 -
1586 5143 1675 5212 10)τῷ

129 5215 269 5286 principes
288 5214 529 5320 apostolorum...
544 5222 682 5284 martyrio
707 5219 778 5271 mele
799 5223 874 5270 trac·
927 5218 1029 5288 τοιούτῳ
1049 5222 1215 5289 συντάγματι,
1241 5216 1285 5270 σῖτ’
1313 5217 1352 5270 οὐν
1378 5217 1514 5296 εὐαγγελίῳ
1541 5220 1568 5270 τὸ
1589 5218 1675 5270 ἑαυτοῦ

128 5289 240 5340 mute».
259 5315 294 5326 -
322 5289 464 5357 )μσθητῶν
484 5289 548 5344 Par.
563 5318 598 5330 -
611 5288 635 5353 3)
656 5290 732 5362 ταύτῃ
755 5293 784 5362 τῇ
804 5289 875 5342 eeu
928 5291 1041 5346 ἐπέθηκεν
1061 5291 1139 5366 ὄνομα
1158 5289 1222 5346 Pur.

285 5377 349 5424 suu.
362 5379 391 5422 11.
403 5378 449 5424 lt?
