4038 6088
869 486 909 552 IN
931 487 1104 555 psalmos

204 626 238 700 δὲ
261 637 323 701 ἀπὸ
347 637 460 726 Κυρίου
484 639 662 704 λιπαίνεται
686 643 716 704 ἐν
741 641 836 724 ἐλαίῳ
860 647 879 717 ή
906 667 959 708 κε-

204 741 302 831 φαλὴ,
327 746 397 834 ἐρεῖ·
417 744 544 812 Ἔλατον
569 737 603 810 δέ
627 751 815 837 ἁμαρτωλοῦ
839 749 882 838 μὴ
908 754 957 815 λι-

205 847 339 915 αανάτω
361 848 422 924 τὴν
446 854 588 942 κεφαλήν
621 876 698 944 μου,
723 861 763 933 ὡς
788 857 849 922 ἀπὸ
877 863 958 923 Θεοῦ

203 957 365 1049 χριόμενος
391 961 485 1044 ἐλαίῳ
509 961 726 1052 ἀγαλλιάσεως
748 963 885 1054 Χριστός.
903 959 957 1031 Οἰ-

206 1089 263 1154 μαι
287 1057 322 1131 δέ
346 1068 396 1132 ὅτι
417 1068 472 1132 καί
494 1069 653 1142 νηστεύων
674 1071 771 1148 οὕτως
795 1074 956 1162 ἀλείφεται

204 1172 265 1247 τὴν
281 1173 432 1264 κεφαλήν,
446 1175 500 1240 καί
515 1176 553 1242 τὸ
568 1177 731 1268 πρόσωπον
747 1181 900 1246 νίπτεται.
913 1219 957 1230 ——

206 1281 267 1346 Καὶ
292 1281 359 1348 ἐπεί
383 1281 426 1371 μὴ
453 1283 547 1372 μόνον
570 1281 729 1377 τράπεζαν
752 1292 822 1352 κτλ.

248 1404 280 1451 v.
304 1389 333 1451 6.
356 1389 417 1454 Καὶ
435 1391 474 1455 τὸ
489 1390 575 1468 ἔλεός
592 1415 648 1458 σου
665 1385 900 1474 καταδιώξεταί
917 1419 956 1486 με

204 1493 306 1571 πάσας
329 1494 385 1572 τὰς
409 1497 525 1588 ἡμέρας
549 1508 608 1576 τῆς
631 1493 713 1580 ζωῆς
738 1525 816 1588 μου,
842 1503 895 1568 καί
918 1504 955 1569 τὸ

204 1613 366 1668 κατοικεῖν
382 1627 421 1692 με
437 1608 468 1669 ἐν
485 1605 561 1690 οἰκῳ
577 1608 690 1697 Κυρίου
708 1614 750 1686 εἰς
767 1608 956 1702 μακρότητα

204 1714 339 1800 ompos-

251 1819 304 1894 Τίς
328 1821 412 1884 ἐστιν
436 1823 452 1883 ὁ
476 1813 683 1887 seruiturus
699 1823 802 1902 ἔλεος;
825 1826 955 1916 Χριστὸν

205 1929 284 1989 Θεοῦ
309 1915 439 2015 δύναμιν
463 1925 578 2016 ἔμαθον
595 1928 649 1994 καί
664 1935 744 1995 Θεοῦ
768 1933 877 2022 σοφίαν
895 1935 956 2000 cirrb

205 2041 260 2095 τοῦ
274 2033 461 2112 ἀποστόλου,
475 2034 528 2099 καί
543 2035 593 2099 ὅτι
609 2036 759 2128 ἐγεννήθη
775 2044 850 2127 ἡμῖν
864 2043 956 2131 coptos

207 2140 268 2205 ἀπὸ
292 2144 383 2226 Θεοῦ,
406 2133 584 2215 δικαιοσύνη
610 2167 647 2208 τε
663 2145 718 2209 καί
734 2148 886 2238 ἁγιασμὸς
903 2151 956 2212 καί

208 2247 430 2338 ἀπολύτρωσις.
446 2250 545 2326 Αύτύς
560 2250 655 2341 λέγει·
670 2250 753 2343 Ἐγώ
770 2258 833 2342 εἰμι
848 2260 868 2327 ἡ
887 2247 956 2334 obbq

206 2354 260 2418 καί
283 2349 347 2434 ζωή
380 2356 435 2421 καί
464 2355 606 2431 ἀλήθεια.
630 2357 754 2425 mttere
786 2361 835 2424 ὅτι
862 2363 956 2440 αύτύς

207 2466 290 2528 ἐστιν
314 2463 367 2528 καί
391 2469 407 2528 h
430 2464 514 2542 ἔλεος
538 2457 702 2531 ὁδιιύκων·
717 2465 855 2558 ἔμψυχος
871 2471 955 2549 ἕλεος

207 2591 242 2634 σε
266 2560 380 2635 διώκει.
407 2571 484 2648 Τοὺς
507 2572 641 2639 ἔλαττον
666 2574 837 2667 φεύγοντας
853 2602 955 2643 κατα-

205 2669 361 2764 λαμύοίνει
378 2678 432 2742 καί
447 2689 566 2768 κρατεῖ,
583 2679 637 2746 καί
654 2685 696 2756 εἰς
709 2680 769 2756 τὴν
786 2685 954 2756 ἐκκλησίαν

207 2785 319 2861 αύτούς
343 2785 423 2878 ἄγει,
441 2789 490 2852 ἵνα
513 2789 628 2875 ἐλεήσῃ
655 2788 708 2853 καί
724 2792 889 2865 οἰκήσωσιν
914 2799 955 2870 εἰς

207 2891 261 2955 τὸν
286 2885 369 2956 οἷκον
392 2895 515 2983 Κυρίου,
541 2899 582 2970 εἰς
608 2895 796 2984 μακρότητα
819 2902 954 2986 ἡμερῶν,

208 2997 261 3061 καί
285 3003 326 3074 εἰς
349 2998 409 3073 τὴν
433 3002 465 3064 ἐν
490 3004 627 3092 οὐρανοῖς
658 3003 750 3094 ἁγίαν
775 3005 955 3083 ἐκκλησίαν,

209 3104 263 3168 καί
286 3106 482 3197 μακρήμεροι
505 3107 666 3199 γένωνται

244 3318 272 3353 ο.
291 3298 318 3353 6.
340 3300 384 3355 CI.
405 3299 459 3358 ΒΒ.
478 3318 488 3355 t
508 3302 571 3358 Gor.
592 3301 673 3374 1,30.
693 3303 733 3358 Jo.
753 3319 811 3374 xlv,
832 3305 858 3360 6.

1682 533 1685 546 ·
1701 501 1756 566 I8l

1015 641 1113 706 Otrous
1133 647 1227 708 cutem
1246 647 1405 726 peccatoris
1425 665 1482 712 ooo
1497 650 1655 732 impioque!
1673 659 1763 736 capot

1010 768 1115 828 οιευιυ,
1137 750 1243 816 similis
1264 771 1368 836 nempe
1389 754 1515 835 Christo,
1541 777 1656 842 «quem
1676 761 1765 826 unxit

1010 857 1092 924 Deus
1103 859 1168 924 oleo
1179 860 1411 926 exsultationis.»
1425 863 1571 930 Existimo
1582 866 1671 932 etium
1682 869 1761 950 quod

1011 963 1062 1028 ills
1081 965 1131 1047 qui
1149 965 1275 1048 jejunat,
1298 966 1341 1031 sic
1361 977 1450 1052 caput
1463 988 1548 1035 suum
1563 972 1660 1056 ungit,
1674 982 1704 1038 et
1716 975 1761 1038 la·

1010 1070 1087 1136 ciem
1107 1089 1191 1136 suom
1212 1072 1303 1140 taret.

1050 1410 1081 1456 v.
1106 1394 1134 1456 6.
1157 1393 1199 1456 Et
1217 1395 1411 1462 misericordia
1439 1403 1490 1463 tun
1514 1400 1699 1483 subsequetur
1719 1419 1763 1466 ute

1011 1494 1139 1559 omnibus
1156 1497 1255 1560 diebus
1275 1500 1353 1563 or'tos
1365 1519 1455 1580 meur,
1471 1507 1504 1564 ot
1522 1503 1653 1568 bubitorc
1667 1504 1765 1585 sociat

1009 1603 1176 1669 omnum
1200 1605 1263 1682 Ilei,
1285 1608 1315 1672 ιἰι
1337 1605 1538 1691 tooqr'tndr'oem
1558 1613 1680 1676 dicrum

1051 1819 1194 1898 Quanam
1210 1832 1256 1885 est
1267 1822 1465 1890 misericordia
1478 1844 1543 1908 que
1553 1828 1762 1910 subsequitur?

1010 1923 1159 1990 Christum
1175 1925 1228 1990 Dei
1244 1926 1385 1995 virtutem
1398 1949 1463 1996 esse
1483 1931 1585 2011 didiui,
1603 1941 1634 1998 et
1647 1932 1702 1998 Dei
1715 1950 1762 1998 sa·

1009 2031 1163 2114 pientiam,
1172 2035 1366 2116 exhpostolo,
1376 2048 1407 2100 ut
1417 2036 1466 2121 qui
1479 2037 1607 2102 «Factus
1617 2051 1664 2103 est
1675 2039 1762 2104 nohis

1009 2139 1156 2220 sapientia
1177 2156 1194 2202 o
1216 2141 1278 2207 Deo
1292 2151 1325 2207 et
1337 2143 1451 2226 justitia
1472 2153 1503 2209 et
1522 2146 1716 2210 sanctificatio
1730 2157 1760 2212 et

1009 2247 1205 2331 redemptio.»
1219 2248 1287 2334 lpse
1301 2251 1388 2317 dicit:
1406 2254 1497 2333 oEgo
1507 2273 1572 2318 sum
1582 2256 1642 2334 ria,
1655 2265 1685 2320 st
1696 2254 1760 2320 uita

1009 2357 1209 2420 ulceribus.»
1232 2356 1343 2423 Scitote
1363 2378 1429 2425 eom
1449 2379 1514 2427 esse
1528 2362 1760 2428 misericordium

1009 2477 1078 2542 quse
1098 2464 1298 2546 persequitur:
1325 2467 1453 2532 animata
1474 2469 1672 2535 misericordia
1693 2488 1781 2552 pen·

1008 2570 1143 2653 sequitur
1165 2579 1202 2635 te.
1225 2571 1324 2637 Minus
1351 2583 1452 2638 eutem
1480 2575 1629 2657 fugientes
1649 2594 1762 2659 oppre-

1009 2673 1113 2740 hentlit
1129 2685 1159 2740 et
1180 2679 1297 2758 retinet,
1320 2690 1351 2742 et
1371 2679 1453 2744 ducit
1473 2698 1524 2746 sos
1539 2683 1570 2746 in
1584 2683 1758 2764 Ecclesiam,

1010 2791 1042 2847 ut
1056 2784 1240 2864 miserentur,
1256 2796 1287 2850 et
1301 2785 1433 2852 bobitorc
1446 2790 1541 2871 [scint
1554 2794 1588 2852 r'o
1601 2790 1684 2855 duno
1699 2790 1762 2855 Do·

1009 2893 1092 2971 mirri,
1116 2894 1147 2957 in
1168 2891 1368 2977 tooqitudr'ncm
1387 2897 1506 2978 clinem,
1529 2907 1559 2963 et
1580 2899 1609 2962 in
1631 2908 1763 2964 sanctum

1010 3000 1169 3068 Ecclesiam
1191 3003 1219 3066 in
1242 3003 1333 3084 coelis,
1357 3005 1406 3070 uhi
1428 3005 1556 3086 longaesi
1579 3006 1662 3071 frent.

811 3555 980 3628 Psutrrrtcs
1003 3554 1160 3630 XXIII.

255 3783 286 3827 ν.
309 3765 338 3828 1.
363 3772 424 3830 Τοῦ
448 3768 560 3858 Κυρίου
580 3773 599 3842 al
618 3779 659 3859 γη
678 3770 732 3833 καί
748 3769 785 3833 τὸ
801 3770 959 3861 πλήρωμα

210 3876 318 3950 αὐτῆς,
342 3879 362 3949 η
388 3875 552 3965 οἰκουμένη
579 3875 633 3939 καὶ
657 3875 771 3952 πάντες
796 3882 824 3941 oi
848 3901 958 3944 κατοι-

210 3989 334 4057 κοῦντες
358 3984 389 4045 ἐν
414 3987 505 4068 αὐτῇ.
538 3981 623 4046 Votis.
647 4000 677 4064 p.
701 3982 771 4061 637,
794 3985 824 4047 S.

255 4088 382 4162 Ταύτην
406 4089 492 4182 λέγει
514 4089 575 4163 τὴν
599 4090 793 4180 οἰκουμένην,
811 4087 879 4179 ἐνῇ
905 4097 960 4167 ηύ-

212 4195 359 4282 φραίνετο
384 4194 625 4274 ουντελειωθείς.

255 4319 288 4364 ν.
302 4301 331 4364 ί.
344 4301 458 4380 Ἀθῶος
470 4304 559 4395 χερσί
571 4304 625 4368 καί
636 4302 770 4394 καθαρὸς
782 4315 823 4390 τῇ
838 4295 958 4394 καρδίᾳ.

257 4411 413 4488 Πολλάκις
437 4412 585 4504 ἐλέγομεν
615 4412 684 4501 περὶ
714 4422 772 4487 τῆς
803 4413 959 4502 ἐπάρσεως

211 4527 274 4581 τῶν
287 4530 408 4609 χειρῶν·
422 4525 534 4612 ἐπῇρεν
552 4529 683 4597 Μωῦσῆς
699 4520 756 4598 τὰς
773 4532 889 4611 χεῖρας,
907 4521 961 4586 καί

210 4626 398 4715 κατίσχυσεν
423 4633 439 4692 ὁ
463 4628 597 4720 Ἰσραήλ,
619 4629 673 4694 ὅτε
698 4620 732 4694 δὲ
748 4627 885 4704 καθῆκεν
903 4628 959 4704 τὰς

250 4803 298 4858 Pr.
319 4805 432 4880 XXIII,
451 4824 476 4862 n.
498 4804 520 4863 l.
538 4807 570 4860 In
588 4807 653 4861 Vnt.
673 4805 700 4874 5,
715 4811 891 4869 συντιλειωύείς
910 4809 960 4863 ob—

216 4909 296 4947 scure
309 4895 451 4950 scribitur.
465 4896 519 4951 Sed
538 4895 631 4967 pslnm
650 4902 694 4950 est
712 4897 741 4949 in
753 4897 830 4951 hisee
844 4896 962 4970 psalmis

214 4981 345 5052 Origenis
355 4988 419 5038 ente
429 4984 526 5040 oeulos
536 4985 623 5040 tuisse
637 4987 767 5040 continuo
780 4987 959 5041 christianam

215 5072 337 5125 τελείωσιν
348 5075 534 5130 observatam.
544 5073 608 5127 Inde
619 5073 691 5144 apud
703 5071 831 5129 Gallond.
843 5073 901 5129 v.2:
910 5075 961 5130 E'c·

212 5161 297 5218 etesia
308 5163 490 5235 πεπληρωμίνη
500 5167 546 5225 τῆς
561 5164 634 5236 ἁγίας
644 5167 750 5233 τριάδος.
758 5192 792 5204 ·-
806 5183 831 5218 ν.
842 5161 869 5218 3;
880 5182 961 5220 morto

213 5252 329 5308 Domini
342 5254 399 5308 sive
413 5255 494 5314 ύΘεὸς
506 5255 596 5326 Λόγος,
608 5257 702 5307 sonesti
716 5255 816 5324 ἀγαθόν.
829 5285 864 5296 -
879 5255 961 5312 Citri-

374 5345 418 5390 ΛΚ,
435 5345 464 5386 II.
479 5345 516 5387 31.

1053 3789 1085 3834 ν.
1110 3772 1139 3835 t.
1162 3730 1287 3834 Iloatini
1310 3777 1353 3833 est
1377 3776 1455 3833 terro
1474 3777 1502 3833 ct
1521 3770 1665 3854 ptesituciu
1687 3775 1763 3855 ejus,

1013 3877 1091 3940 orbis
1112 3885 1252 3942 umorum
1272 3883 1299 3942 ct
1318 3897 1414 3943 omncs
1432 3879 1590 3944 habitantes
1610 3882 1640 3944 ris
1660 3899 1702 3944 eo.

1054 4091 1171 4172 Orbem,
1188 4092 1261 4157 dicit
1283 4092 1490 4172 inhabitatum,
1505 4092 1536 4156 in
1557 4110 1615 4176 quo
1629 4093 1763 4158 exsulte-

1014 4199 1060 4266 rit
1080 4200 1133 4282 qui
1154 4210 1372 4264 consummatus
1391 4210 1447 4266 est.

1054 4323 1086 4370 ν.
1111 4306 1139 4370 t.
1164 4305 1302 4370 Innocens
1321 4307 1454 4372 monibus
1474 4312 1502 4370 rt
1519 4307 1624 4372 muodo
1644 4307 1737 4372 corde.

1053 4412 1262 4495 sepenumero
1273 4411 1463 4494 loquebamur
1473 4411 1511 4476 de
1521 4410 1687 4477 elevatione
1700 4427 1763 4475 ma·

1014 4533 1117 4580 nuum.
1139 4514 1263 4579 Sustulit
1283 4515 1400 4598 Moyses
1421 4531 1541 4591 manus,
1565 4524 1596 4578 et
1615 4514 1760 4578 contorta-

1016 4634 1062 4690 tus
1083 4635 1129 4691 est
1148 4626 1256 4706 lsrael;
1279 4626 1398 4708 quando
1417 4635 1516 4693 autem
1535 4622 1655 4690 demisit
1677 4626 1761 4711 bloy-

1014 4812 1125 4862 str'atttts
1138 4808 1150 4858 h
1164 4811 1294 4867 τελειωθεὶς
1317 4803 1413 4871 βίύαιος
1434 4811 1485 4878 qui
1502 4812 1601 4861 statutt
1613 4822 1699 4876 supet·
1709 4821 1760 4876 pe·

1015 4907 1090 4950 tram
1098 4896 1184 4966 pedes
1198 4912 1274 4962 suos,
1289 4912 1351 4966 quoe
1365 4895 1476 4966 quidem
1490 4898 1554 4965 post
1567 4893 1622 4949 BB.
1645 4892 1760 4949 Gallen-

1015 4985 1077 5040 dius
1096 4985 1247 5051 redhibuit,
1268 5000 1318 5038 nee
1344 5001 1394 5039 nos
1412 4985 1507 5055 piguit
1531 4983 1625 5036 eadem
1644 4983 1759 5053 optimis

1015 5076 1156 5130 codicibus
1175 5074 1279 5128 nostris
1298 5075 1462 5128 confirmate
1482 5076 1588 5128 notere.

1050 5182 1076 5218 ο.
1095 5161 1197 5219 tvm.
1221 5160 1260 5217 13.
1279 5162 1311 5216 cI
1338 5161 1426 5216 Exod.
1446 5176 1514 5228 κνιι,
1536 5159 1578 5230 to,
1602 5159 1644 5230 tt,
1661 5161 1760 5216 r‘Iim.

1015 5269 1046 5323 rr,
1065 5251 1092 5308 8.
1114 5253 1160 5308 Ps.
1181 5268 1238 5322 uxr,
1260 5251 1287 5307 3.
