4038 6088
825 475 951 541 count
974 475 1064 542 SAEC.
1089 475 1125 542 tt
1697 475 1754 540 olo

244 593 446 704 Ahhostrum,
467 642 560 706 genus
581 626 734 692 marmoris
755 625 890 711 pretiosi,
912 645 948 691 ex
1044 633 1193 705 Stadium,
1211 627 1240 692 in
1253 626 1428 710 Evangelio,
1444 629 1532 711 spatii
1548 635 1626 692 certa
1640 626 1754 692 dimen-

202 752 262 818 quo
275 732 441 814 evangelici
455 731 533 797 illius
546 733 689 815 unguenti
704 731 859 799 vasculum
872 741 946 798 erat.
1002 737 1061 801 sio:
1083 735 1152 802 lllll
1172 736 1269 802 studia
1290 737 1372 804 mille
1392 755 1497 821 passus
1516 735 1657 804 efficiunt.

242 1053 313 1118 llaec
326 1051 456 1132 nomina,
479 1069 546 1136 qua
565 1053 795 1137 subsequuntur,
818 1053 848 1119 in
869 1051 969 1120 llrodo
989 1054 1037 1121 rel
1055 1054 1086 1119 in
1101 1049 1279 1135 Regnorum,
1302 1073 1368 1137 quae
1388 1070 1466 1120 arce
1487 1062 1538 1119 aut
1559 1054 1753 1134 tabernaculi,

202 1159 252 1224 rel
276 1159 374 1242 templi
396 1158 514 1224 Domini
536 1159 708 1226 relationem
729 1159 895 1226 continent:
918 1178 1044 1243 quorum
1064 1159 1212 1225 nominum
1234 1157 1380 1226 vocabula
1407 1159 1470 1222 haeo
1494 1175 1561 1242 quae
1586 1157 1754 1224 obscuriora

201 1274 284 1344 sunt,
300 1265 332 1331 in
347 1265 540 1331 translatione
560 1266 654 1332 reteri
670 1264 827 1348 hahentur;
843 1265 907 1332 haec
921 1286 992 1335 vero
1006 1285 1073 1352 quac
1087 1267 1227 1334 lucidiora
1242 1273 1397 1349 apparent,
1412 1282 1498 1331 norae
1513 1265 1714 1332 translationis
1731 1265 1754 1339 ¹)

204 1379 286 1438 textu
305 1371 503 1436 continentur.

242 1583 334 1651 tetus
359 1601 429 1665 ergo
452 1583 606 1650 translatio
620 1584 710 1653 hahet
724 1591 749 1664 ²)
772 1592 948 1666 Speroleres,
1001 1586 1153 1666 anteierit,
1176 1589 1241 1652 sire
1260 1585 1450 1652 restihulum.
1474 1586 1553 1668 Ergo
1573 1591 1684 1652 Euam
1704 1585 1755 1650 he·

204 1709 282 1759 nora
303 1709 376 1758 reto
394 1698 517 1772 funins
1003 1693 1106 1760 hreum
1126 1702 1181 1759 est.
1204 1694 1307 1758 Cetera
1328 1711 1394 1776 quae
1414 1692 1550 1775 superius
1576 1701 1663 1772 suut,
1686 1709 1755 1756 ma-

245 1800 434 1878 Oalzmiscoa,
454 1801 593 1864 celamus.
1003 1798 1080 1863 rime
1101 1817 1229 1881 gracum
1243 1808 1290 1864 est
1312 1800 1343 1881 [l.
1360 1799 1425 1880 ill.
1445 1798 1520 1864 ltem
1540 1799 1572 1863 in
1592 1796 1753 1865 Ezechielis

244 1913 377 1972 Troianos
397 1906 445 1972 vel
460 1914 616 1987 couowos,
630 1909 715 1990 quasi
730 1909 760 1973 in
776 1910 861 1974 nucis
881 1928 947 1974 rno-
1003 1916 1165 1998 extremam
1180 1914 1304 1989 partem,
1320 1906 1351 1970 in
1364 1907 1480 1972 risione
1493 1905 1638 1986 civitatis,
1655 1903 1685 1968 in
1699 1922 1753 1970 re·

201 2011 270 2075 dum
290 2011 479 2076 delormutos.
1004 2014 1057 2080 teri
1070 2015 1261 2080 translatione
1273 2012 1422 2095 haheltur]
1427 2019 1624 2093 pastoforia,
1633 2011 1664 2077 in
1675 2029 1754 2078 nore

243 2123 415 2198 Aspiduos,
436 2117 570 2186 uncinos.
1003 2119 1216 2203 gazophilacia,
1241 2120 1338 2184 idest
1358 2119 1480 2184 cellulas
1501 2137 1621 2202 parvas.

240 2231 436 2305 Anchouicos,
457 2225 681 2292 incastraturas.
1045 2233 1130 2302 thee,
1151 2225 1308 2288 thalamus.

241 2341 402 2412 Fimbriae,
423 2334 584 2399 catenulas.
1044 2340 1144 2412 Adeo,
1169 2333 1305 2398 frontem.

241 2448 409 2522 Lapidihus
429 2449 609 2522 metruomts,
632 2444 661 2507 id
682 2453 728 2509 est
747 2445 899 2512 dedolatis.
1043 2445 1214 2516 Elaumoth,
1236 2438 1427 2506 nestibulum.

241 2557 473 2631 Deproplridom,
494 2550 663 2616 celaturam.
1045 2553 1261 2628 Poleoudriou,
1286 2542 1516 2642 (πολυανδρίου)
1541 2548 1753 2615 multitudinis.

242 2665 371 2738 Patous,
392 2658 552 2724 lamminis.
1044 2661 1221 2736 Spithumra,
1243 2655 1359 2738 palmus
1373 2660 1408 2732 8).

239 2770 450 2845 Parimctrum,
470 2764 588 2832 lineam.
1045 2770 1164 2841 uuam,
1185 2763 1327 2829 delinitio.

241 2881 364 2957 Spirae,
393 2874 529 2959 capitella
555 2874 773 2954 columnarum,
794 2872 841 2940 rel
870 2873 949 2937 sicut
1021 2859 1175 2948 'Manna
1195 2869 1382 2950 sacrificium,
1405 2869 1436 2933 in
1458 2869 1582 2951 llegum.
1835 2955 1840 2962 ι

200 2989 281 3063 puto,
305 2981 446 3044 iacturam
468 2997 578 3044 eurum.
1044 2984 1222 3060 Gtuothofin,
1236 2978 1751 3062 simulacraquaegrecotroooon-

239 3094 357 3167 Hunno,
379 3088 536 3170 porticum,
549 3087 601 3152 sed
615 3087 719 3151 melius
738 3086 949 3168 interpretatur
1002 3094 1123 3152 llATh.

240 3301 298 3366 Scd
319 3299 383 3365 hac
403 3301 556 3367 hactenus.
573 3299 658 3365 Nunc
678 3301 768 3364 etiarn
790 3298 862 3364 illud
883 3300 996 3382 accipe,
1019 3309 1051 3364 ut
1071 3299 1207 3382 quaeda'rn
1229 3299 1346 3364 nomina
1368 3300 1450 3382 prius
1471 3299 1621 3382 Scriptura
1642 3300 1750 3382 appel-

199 3407 318 3489 laverit,
341 3418 371 3474 et
392 3419 425 3474 ut
445 3426 524 3474 nunc
543 3418 698 3474 vocentur.

239 3631 260 3690 1)
281 3621 393 3678 clarum
413 3623 445 3678 ut
463 3623 612 3678 discrimen
631 3623 705 3677 inter
726 3639 824 3678 norum
845 3622 944 3677 Hiero·
1002 3621 1129 3692 quadrat:
1145 3622 1663 3694 nostraigiturnespernantcodicum
1675 3621 1751 3695 Lug-

200 3713 276 3784 nymi
299 3716 468 3784 versionem,
490 3717 519 3768 el
540 3718 662 3768 veterem
684 3713 847 3784 quemdam,
867 3716 948 3784 cujus
1001 3712 1167 3766 dunensium
1176 3711 1351 3766 editoree.-
1365 3715 1387 3777 1)
1402 3713 1481 3767 latit
1491 3711 1521 3766 G.
1533 3741 1568 3752 -
1583 3716 1606 3776 8)
1615 3712 1751 3782 palmos...

199 3802 291 3856 brevis
308 3803 460 3876 descriptio
478 3819 541 3857 cum
557 3803 746 3858 Pentateucho
766 3800 947 3874 Lugdunensi
1002 3799 1161 3872 delenitis...
1181 3802 1365 3873 rimulapra...
1390 3811 1582 3858 mortomota...
1606 3819 1704 3872 aceepu
1722 3803 1750 3857 C.

789 4051 876 4125 IIII.
901 4049 953 4123 Dc
981 4051 1160 4124 chlibrts.

240 4234 357 4308 Goour,
379 4229 411 4293 in
432 4228 553 4309 Genesi,
578 4233 721 4308 cauae,
743 4228 775 4294 id
794 4237 839 4294 est
858 4227 947 4306 Galli,
1043 4234 1163 4308 Thebai,
1184 4228 1284 4296 Hiberi
1306 4229 1357 4313 qui
1378 4239 1408 4296 et
1428 4229 1551 4312 Hispani
1568 4231 1608 4312 Ι).

198 4334 422 4418 quiacsndore
437 4342 461 4416 ¹)
475 4338 606 4419 corporis
620 4338 747 4422 primum
760 4337 947 4419 Gallataeap·
1041 4343 1166 4415 thiras,
1187 4335 1325 4403 Thraces.
1348 4375 1389 4386 --
1411 4344 1591 4420 Quota,
1612 4337 1746 4422 Phriges.

198 4442 525 4526 pellatisunt‚equihus
537 4443 946 4530 populiquonduminOrien·
1039 4452 1152 4526 Medii,
1173 4446 1262 4511 ldedi.

200 4551 237 4615 tis
257 4552 420 4635 longinqua
443 4553 619 4635 migrantes,
641 4553 736 4637 primo
756 4552 846 4634 Galli,
869 4569 949 4616 nunc
1042 4563 1154 4632 Jubou,
1170 4556 1255 4622 lones
1275 4557 1326 4638 qui
1341 4566 1371 4622 et
1385 4556 1502 4636 Graeci;
1520 4556 1597 4621 unde
1617 4565 1648 4621 et
1667 4554 1750 4621 hiare

198 4660 306 4742 Greci,
320 4663 442 4743 antiquo
452 4660 602 4725 Gallorum
623 4661 741 4728 nomine
755 4661 882 4728 Gallatae
893 4677 959 4726 νον
1001 4666 1113 4732 locam.

198 4779 314 4836 cuntur.
1042 4779 1160 4852 Odtltei,
1175 4773 1276 4851 cetui,
1292 4774 1321 4839 id
1335 4782 1380 4839 est
1393 4775 1465 4840 (ibri
1481 4781 1517 4855 ³),
1537 4775 1614 4859 apud
1633 4793 1705 4858 quos
1719 4784 1751 4840 et

239 4885 360 4960 Merop,
382 4875 500 4942 Scithae.
527 4875 675 4956 [Quidam]
701 4881 765 4958 (1¹⁰9
784 4885 815 4942 el
835 4882 948 4957 Moron
1001 4883 1071 4948 urbs
1091 4880 1216 4947 Cillium
1238 4881 1392 4948 vocitatur.

150 5045 153 5052 .
197 4987 313 5058 Gothos
334 4996 449 5071 pulani.
1040 4997 1212 5066 Dodunum,
1233 4989 1349 5054 Rhodii.

235 5231 281 5286 tv.
298 5235 319 5296 ¹)
330 5230 370 5285 ad
378 5231 502 5287 candore
513 5230 542 5285 C.
554 5257 588 5270 -
603 5235 626 5293 2)
638 5230 757 5300 Sparsi...
767 5229 886 5302 Prlripss
897 5229 925 5286 C.
935 5261 970 5270 -
985 5237 1007 5294 3)
1021 5227 1063 5283 ΑΙ.
1078 5229 1182 5299 Cyprii.
1196 5227 1225 5282 ln
1237 5227 1256 5282 (l
1268 5227 1351 5284 Ohrii
1362 5237 1431 5299 aput
1444 5243 1514 5299 quos
1525 5235 1551 5283 et
1560 5227 1625 5282 orhs
1638 5229 1746 5283 citium.
