3978 6086
244 506 302 570 ltu
852 505 1024 572 SANCTUS
1045 505 1180 572 PhPth

284 656 423 740 Quinque
433 664 532 721 autem
543 655 632 720 luisse
644 655 696 719 hos
706 655 797 720 libros
807 657 853 721 Ile
863 659 952 722 ccrbts
963 658 1090 740 Domiti,
1103 659 1188 723 docet
1198 673 1255 720 nos
1268 656 1330 739 ipse
1342 656 1480 736 lrenaeus,
1490 656 1533 721 uti
1545 665 1576 722 et
1586 666 1789 736 argumentum

245 773 330 829 vetus
352 764 383 827 in
403 763 526 828 loannis
545 761 745 854 euangelium,
760 763 839 846 quod
860 764 971 848 primns
992 764 1086 831 edidit
1105 765 1210 830 beatus
1224 764 1272 829 nir
1286 763 1313 827 J.
1330 763 1371 829 hl.
1387 763 1558 844 Tomasius;
1574 763 1710 847 quodque
1723 762 1793 829 hac-

245 880 330 935 tenus
341 868 506 949 neglectum
518 868 635 934 luissea
649 867 806 935 Gallandio
820 871 992 955 ceterisque
1005 880 1071 955 post
1085 889 1152 937 eum
1168 871 1343 954 scriptorum
1357 871 1581 954 apostolicorum
1596 870 1793 949 curatoribus,

244 978 402 1043 dolendum
423 978 575 1044 enimvero
594 987 649 1043 est.
665 977 752 1057 Quod
766 976 885 1060 quidem
899 976 973 1042 sacri
987 975 1136 1060 euangelii
1151 978 1332 1061 prcoemium,
1348 995 1414 1042 cum
1428 995 1511 1060 aeque
1529 995 1627 1042 rarum
1648 994 1683 1040 ac
1702 977 1794 1043 breve

244 1085 296 1166 sit,
310 1084 367 1148 huc
387 1101 526 1149 revocare
541 1092 673 1167 prestat,
689 1093 792 1167 utpote
805 1083 921 1166 insigne
934 1084 992 1150 uiri
1007 1084 1158 1166 apostolici
1176 1084 1374 1150 testimoninm
1388 1084 1424 1150 de
1445 1087 1588 1169 magistro
1608 1103 1661 1149 suo
1680 1087 1793 1151 Ioanne

246 1189 444 1271 evangelista.
468 1189 571 1273 Neque
590 1190 780 1256 ueneratione
800 1199 880 1254 caret
900 1190 990 1255 codex
1010 1189 1242 1271 Alexandrinus,
1265 1209 1344 1256 nunc
1363 1190 1538 1272 lieginensis
1566 1192 1741 1269 Vaticanus,
1764 1191 1794 1253 ln

243 1299 326 1381 cuius
341 1297 409 1362 lulio
423 1298 528 1381 primo,
544 1314 633 1362 manu
654 1298 805 1380 cujusdam
826 1297 970 1362 tabellarii
991 1297 1091 1363 saculi
1112 1298 1162 1366 xv
1183 1299 1340 1364 scribitur:
1366 1325 1379 1360 u
1395 1299 1456 1364 lste
1470 1299 1541 1364 liber
1562 1299 1692 1364 creditur
1706 1299 1795 1362 luisse

243 1404 314 1470 Diui
328 1405 493 1485 Venceslai,
515 1406 598 1470 ducis
615 1403 774 1484 bohemiae,
789 1405 918 1470 donatus
932 1405 1098 1487 Augustino
1113 1405 1300 1471 Olomueensi
1315 1416 1347 1470 et
1363 1405 1527 1471 Brunnensi
1550 1407 1718 1489 praeposito,
1740 1424 1792 1488 per

242 1511 399 1595 collegium
419 1512 548 1578 ecclesian
561 1512 614 1577 SS.
630 1512 744 1577 Cosmae
759 1521 790 1577 et
805 1509 953 1590 flamiam,
969 1511 1001 1575 in
1014 1512 1136 1595 antiqua
1157 1512 1342 1580 Boleslavia:
1360 1515 1411 1578 uhi
1426 1513 1613 1597 perimpium
1631 1512 1795 1577 boleslaum

245 1620 363 1686 tratrem
386 1619 435 1699 [ll.
458 1619 647 1700 venceslaus]
670 1629 803 1697 necatus,
825 1619 959 1701 martyrii
980 1619 1110 1686 lauream
1129 1617 1287 1686 victorioso
1310 1620 1457 1704 triumpho
1477 1621 1640 1702 suscepit.»
1657 1620 1679 1700 ¹)

286 1727 345 1792 Sed
365 1727 425 1792 noli
447 1726 626 1805 existimare,
647 1733 754 1809 praeter
773 1727 948 1808 Enegeticos
969 1727 1098 1810 quinque
1119 1727 1220 1807 libros,
1243 1726 1390 1792 exstitisse
1409 1728 1498 1792 etiam
1518 1727 1606 1806 alios,
1631 1725 1795 1807 dequibus

244 1837 274 1900 in
294 1837 487 1917 argumento:
504 1837 626 1918 quinque
646 1834 815 1898 Ecotcriccs
834 1835 894 1899 sice
906 1839 1060 1914 extremos,
1076 1834 1124 1900 vel
1139 1843 1293 1912 externos;
1311 1834 1340 1898 id
1355 1837 1464 1917 quippe
1484 1833 1524 1897 nil
1545 1832 1625 1897 aliud
1642 1841 1687 1896 est
1706 1850 1795 1915 quam

245 1942 356 2008 librarii
374 1942 483 2007 incauti
500 1941 632 2025 sphalma
646 1941 846 2006 manifestum.
863 1943 982 2022 Quanto
994 1941 1092 2006 minus
1112 1943 1228 2026 require
1243 1941 1362 2007 tertium
1376 1940 1474 2024 Papiae
1488 1957 1571 2023 opus,
1587 1958 1641 2006 uec
1656 1948 1685 2004 te
1699 1938 1795 2021 lepida
1900 1930 1902 1934 ’

243 2049 403 2115 doctissimi
425 2048 561 2114 Turriani
582 2044 717 2139 &Gladio
739 2046 884 2131 decipiat3
906 2049 932 2114 is
945 2048 1093 2128 nimirum,
1116 2068 1206 2131 quum
1227 2049 1310 2118 Latio
1325 2054 1409 2120 daret
1429 2051 1575 2118 hnastasii
1599 2051 1722 2116 Sinaitae
1737 2051 1796 2116 Hc

244 2172 393 2238 nameron,
414 2155 469 2221 suh
489 2155 574 2221 initio
594 2155 661 2220 libri
682 2155 779 2239 primi,
796 2155 847 2220 uhi
863 2155 985 2238 Papiam
1005 2156 1085 2222 uidit
1104 2158 1142 2221 ah
1163 2159 1321 2225 Anastasio
1342 2169 1547 2238 memoratum,
1570 2159 1601 2224 in
1622 2157 1686 2222 haec
1705 2157 1796 2223 narba

245 2273 424 2348 prepostem
440 2264 541 2346 lapsus
556 2273 618 2329 est:
634 2263 657 2346 2)
678 2265 748 2328 «En
762 2262 867 2346 Papia,
883 2262 948 2326 niro
962 2263 1121 2328 clarissimo
1135 2264 1369 2347 Hierapolitano,
1385 2265 1435 2349 qui
1454 2265 1528 2330 dinit
1548 2265 1578 2329 in
1593 2263 1794 2347 Epictetus.»

244 2371 347 2456 Neque
367 2370 455 2436 etiam
476 2370 629 2436 dubitauit
648 2371 790 2436 scholium
811 2369 937 2435 subdere
963 2370 994 2435 in
1021 2372 1173 2454 margine:
1196 2373 1405 2454 Ἐπιστήθιον,
1429 2371 1513 2456 quasi
1534 2370 1615 2436 dieas
1636 2368 1794 2434 Pectorule.

247 2479 366 2543 Videtur
385 2479 476 2560 scisse
497 2477 598 2541 titulus
618 2476 695 2541 libri.
712 2500 725 2536 a
749 2478 791 2543 Eo
812 2496 883 2561 ergo
903 2497 998 2563 usque
1016 2480 1065 2546 nel
1086 2479 1282 2546 oculatissimi
1302 2480 1360 2545 uiri
1381 2480 1557 2545 caecntiuntl
1575 2479 1684 2546 uerum
1705 2476 1798 2541 enim·

244 2603 316 2652 nero
336 2586 457 2666 legebat
478 2586 628 2650 Comestor
650 2585 698 2649 ille
718 2584 890 2666 Turrianus,
914 2586 943 2650 id
965 2587 1072 2669 ipsum,
1093 2586 1171 2669 quod
1192 2587 1285 2654 etiam
1305 2605 1385 2652 nnnc
1405 2587 1503 2653 lerunt
1522 2602 1619 2669 greca
1633 2581 1795 2664 Anastasii‚

245 2711 311 2778 quae
323 2695 442 2774 integra
457 2711 523 2756 mox
536 2693 686 2758 dabimus:
711 2693 764 2758 Ἐκ
787 2703 843 2758 τοῦ
866 2695 997 2772 Παπίου,
1021 2706 1076 2759 τοῦ
1100 2705 1145 2779 τῷ
1170 2694 1340 2780 ἐπιστηθίῳ
1364 2695 1581 2785 φοιτήσαντος,
1603 2691 1798 2774 scilicelquae

246 2801 307 2865 sole
327 2798 451 2865 clariora
472 2799 610 2878 emicant,
627 2823 641 2858 u
655 2799 698 2862 Ex
720 2799 824 2882 Papia,
840 2799 889 2884 qui
909 2800 1071 2883 discipulus
1089 2801 1145 2864 luit
1166 2800 1244 2865 illius
1260 2801 1414 2884 (loannis)
1436 2801 1620 2864 recumbentis
1639 2798 1669 2861 in
1686 2802 1799 2880 pectore

250 2908 431 2991 (Denuntio
454 2905 546 2989 Nihil,
568 2905 694 2972 manime
715 2906 793 2990 apud
815 2907 932 2973 Graecos
955 2908 1083 2975 llelodos
1102 2918 1132 2974 ct
1153 2908 1183 2972 in
1205 2908 1384 2974 hlenaeorum
1410 2908 1510 2990 cyclo,
1532 2905 1690 2973 solemnius
1709 2923 1797 2986 quam

246 3016 320 3082 illud
340 3016 371 3081 in
385 3016 498 3081 Ioanne
511 3032 671 3099 cognomen
693 3016 885 3092 scamillos.

287 3123 443 3204 caurum,
459 3141 550 3206 quum
563 3123 715 3188 Anastasii
729 3122 811 3189 locus
825 3123 1016 3190 Gallandium
1030 3123 1150 3206 ingerit,
1162 3123 1223 3203 etJa
1236 3119 1473 3206 locupletissimis
1484 3129 1599 3203 patrum
1613 3115 1801 3184 bibliothecis

246 3231 355 3313 exalet,
378 3249 468 3314 quum
489 3239 632 3313 preterea
652 3248 749 3314 graeea
769 3230 911 3298 hactenus
930 3230 1074 3297 anecdota
1089 3230 1159 3312 sint,
1176 3229 1240 3296 haec
1259 3247 1332 3296 sane
1351 3229 1464 3295 diutius
1476 3226 1660 3306 delitescere,
1675 3223 1798 3290 minime

250 3336 412 3404 terendum.
435 3338 510 3418 Qum
530 3336 604 3402 inira
626 3336 732 3419 legesis
752 3338 808 3402 sub
828 3354 909 3403 num.
935 3337 969 3402 ll.

287 3445 346 3511 Sed
365 3462 443 3512 nona
464 3454 497 3509 ut
516 3444 555 3509 ad
576 3444 711 3510 hrmenia
731 3453 880 3524 reuertar,
902 3461 962 3510 non
983 3443 1227 3510 dissimulandum
1246 3452 1402 3527 utmmque
1422 3442 1520 3508 locum
1547 3438 1658 3523 duplici
1679 3436 1799 3502 nomine

250 3553 350 3637 Papia
369 3562 399 3620 et
419 3552 572 3636 Hippolyti
592 3570 658 3619 esse
678 3553 861 3637 inscriptum,
877 3551 1027 3637 espancis
1042 3549 1164 3615 mutatis
1184 3550 1283 3614 omnia
1300 3566 1395 3631 grece
1416 3557 1532 3614 exstare
1550 3546 1626 3612 inter
1642 3543 1797 3629 Hippolyti

249 3677 338 3743 opera
359 3667 388 3723 et
403 3657 435 3722 in
448 3657 522 3724 libro
536 3675 597 3741 prae
610 3658 724 3724 ceteris
738 3657 848 3738 insigni
861 3668 892 3724 et
904 3659 1048 3742 genuino,
1061 3658 1109 3724 cni
1124 3657 1246 3722 titulus:
1262 3653 1308 3718 Dc
1323 3654 1435 3720 Clra'stu
1449 3660 1477 3718 ct
1488 3653 1670 3718 Aotubrhtu.
1684 3651 1727 3715 lle
1741 3667 1800 3733 quc

250 3763 496 3850 locupletissimos
516 3773 609 3829 testes
629 3763 782 3844 hahemus,
802 3766 1025 3851 hieronymum,
1047 3766 1194 3831 Andream
1211 3760 1434 3842 Caesariensem,
1450 3759 1639 3836 Germanum,
1654 3756 1799 3820 loannem

249 3873 464 3938 Damascenum
486 3880 516 3937 et
535 3870 680 3936 Photium.
698 3871 720 3955 ³)
737 3870 798 3939 Nec
808 3873 868 3958 jam
882 3874 963 3941 hisce
977 3873 1163 3957 refragantur
1176 3870 1351 3952 interpretes
1364 3868 1495 3950 Armeni,
1514 3866 1565 3951 qni
1579 3871 1693 3949 partem
1714 3861 1802 3926 nobis

244 3993 315 4046 ¹mon
327 3980 509 4063 praestabunt
518 3979 729 4072 amplissimam
741 3999 861 4065 operum
871 3983 1003 4068 ejusdem
1013 3978 1183 4064 llippolqti;
1198 3976 1227 4041 id
1237 3993 1309 4042 nero
1325 3984 1439 4040 tantum
1452 3973 1574 4051 addunt,
1587 3969 1708 4051 Papiam
1720 3967 1800 4050 apud

251 4087 442 4172 llippolptum
465 4087 558 4152 trihus
578 4086 609 4152 in
624 4087 695 4154 locis
708 4090 822 4170 adesse,
837 4089 952 4156 etiamsi
968 4105 1074 4154 nomen
1092 4084 1235 4170 eiusdem,
1252 4083 1378 4148 sortasse
1397 4082 1428 4146 in
1448 4079 1581 4162 margine
1601 4076 1740 4161 positum,
1762 4074 1801 4138 ab

249 4194 465 4279 exemplaribus
486 4193 590 4278 graecis
604 4194 755 4260 exciderit.
771 4196 834 4264 Nec
847 4197 952 4262 mirum
966 4194 1127 4278 llippolpto
1142 4191 1296 4276 placuisse,
1313 4189 1435 4274 perinde
1448 4207 1483 4254 ac
1496 4186 1639 4270 magistro
1660 4183 1724 4266 ejus
1738 4180 1799 4247 lre-

249 4321 327 4382 naec,
349 4302 414 4382 ipsa
435 4303 588 4386 apostolici
609 4303 664 4369 viri
686 4305 777 4369 verba
798 4303 915 4383 reterre,
937 4298 1179 4386 quemadmodum
1195 4297 1227 4361 in
1241 4297 1344 4363 ultimo
1359 4297 1467 4361 Contu
1486 4295 1616 4358 moeses
1637 4290 1712 4354 libro
1734 4306 1801 4370 pro-

254 4411 328 4474 lixus
348 4408 448 4494 Papiae
467 4410 550 4475 lucus
569 4409 735 4489 adducitur,
757 4429 845 4493 quem
857 4420 889 4476 et
903 4409 992 4475 iidem
1013 4404 1131 4471 Armeni
1154 4404 1326 4488 interpretes
1346 4404 1505 4485 diligenter
1524 4405 1715 4481 exceperunt,
1731 4413 1804 4477 quu-

228 4547 232 4554 ·
253 4518 309 4583 lem
332 4528 399 4600 post
419 4536 470 4582 eos
491 4517 522 4582 in
543 4518 636 4601 primo
657 4517 808 4601 Spicilegii
829 4516 930 4581 limine
950 4512 1112 4599 posuimus.
1128 4511 1238 4577 nauem
1259 4529 1377 4595 quoque
1397 4507 1549 4591 diligentia
1571 4503 1649 4584 lecit,
1672 4511 1705 4568 ut
1725 4518 1804 4566 nume

251 4625 306 4688 tria
327 4625 489 4706 fragmenta
511 4625 656 4691 armenice
677 4632 806 4704 seruata,
828 4623 917 4688 etiam
937 4639 1033 4704 graece
1053 4619 1188 4686 rediuiua
1210 4619 1327 4685 fierent.

232 4774 237 4783 ι
292 4730 439 4796 Praeterea
460 4731 590 4815 prudens
610 4741 753 4815 cntusque
772 4731 864 4798 lector
885 4729 969 4793 facile
989 4727 1067 4792 hinis
1088 4727 1118 4790 in
1139 4725 1263 4808 pagellis
1284 4725 1417 4792 eamdem
1439 4720 1636 4806 deprehendet
1657 4715 1800 4791 indolem,

254 4847 312 4902 tam
332 4839 532 4904 Orientalibus
552 4839 688 4923 patribus
708 4847 951 4916 consentaneam,
975 4851 1063 4918 quam
1083 4849 1100 4896 a
1121 4850 1242 4897 romana
1263 4832 1417 4918 Hippolyti
1439 4831 1588 4914 gravitate
1607 4822 1800 4890 recedentem.

252 4947 344 5027 Spero
365 4947 425 5012 lore
440 4958 483 5026 ut,
506 4957 571 5030 pust
590 4948 770 5032 superiorem
784 4945 815 5010 S.
833 4943 983 5012 hlelitonis
1004 4942 1130 5022 clavem,
1152 4941 1261 5006 nemini
1286 4939 1474 5006 insolentium
1489 4935 1646 5001 uideantur
1661 4937 1703 4993 tot
1722 4946 1802 5010 sym-

291 5161 313 5230 Ι)
332 5161 366 5216 R.
386 5161 510 5228 nomast,
523 5179 589 5232 opp.
609 5177 628 5230 1,
647 5161 711 5216 344.
731 5193 766 5205 -
779 5163 803 5226 2)
824 5159 930 5216 Patrol.
952 5175 997 5230 gr.
1089 5155 1113 5222 ³)
1132 5156 1308 5212 Testimonis
1325 5153 1438 5223 colligit
1456 5147 1619 5205 Gallandins
1639 5145 1715 5200 Bihl.
1735 5147 1756 5196 t.
1772 5157 1802 5208 n,

252 5265 365 5316 nxxxrx,
385 5246 439 5302 col.
458 5247 522 5314 860,
543 5266 570 5302 n.
590 5248 636 5302 33.
1053 5264 1082 5318 p.
1103 5243 1236 5300 alt-317.

1980 773 1982 856 l

1980 857 1982 914 t
