3976 6078
914 517 1065 590 XXXVI

207 668 465 749 aemulationem,
498 671 643 751 quamvis
677 669 846 734 discrimen
881 673 967 737 inter
987 677 1154 756 utrumque
1187 697 1217 756 p.
1249 677 1320 746 205,
1352 677 1423 752 206,
1457 675 1536 741 eatis
1576 675 1766 740 notaverim.

207 785 289 849 Sane
309 789 456 852 Philonis
477 789 640 870 theologia
659 792 729 852 tota
758 787 827 851 ruit
847 789 880 850 in
913 788 1078 870 protanam
1110 791 1358 872 philosophiam,
1379 789 1473 852 Trias
1505 791 1574 870 eius
1605 793 1655 850 est
1685 804 1770 848 mere

208 895 383 974 platonica,
407 891 496 988 λόγος
517 901 573 962 rix
594 917 746 981 personae
768 917 881 981 capax,
903 905 1044 980 systema
1065 905 1243 981 gnosticum
1266 910 1300 966 et
1320 901 1526 984 allegoricum
1550 922 1606 964 nee
1637 905 1770 962 naturae

211 1024 267 1068 neo
288 1008 424 1072 rationis
446 1011 599 1073 humanae
612 1009 690 1070 tinae
707 1009 957 1088 transgreditur3
973 1011 1044 1071 dum
1060 1012 1215 1093 Origenes
1236 1013 1274 1074 de
1289 1012 1449 1075 Trinitate
1473 1013 1668 1074 orthodoxus
1689 1011 1771 1092 apud

210 1135 267 1181 noe
287 1127 347 1192 est,
363 1121 400 1181 de
413 1122 517 1182 Verbo
539 1137 612 1181 vere
633 1118 813 1197 theologus,
836 1119 932 1180 etiam
956 1120 994 1180 de
1015 1120 1165 1184 affectata
1185 1121 1276 1202 gnosi
1298 1120 1429 1202 gravior
1450 1137 1542 1202 quam
1560 1122 1717 1187 Clemens.
1739 1124 1772 1183 et

209 1231 243 1293 in
261 1232 427 1314 allegoriis
442 1235 565 1314 priscos
580 1230 681 1312 magis
702 1230 803 1296 refert
823 1226 1050 1313 (quantumvis
1072 1231 1169 1294 aliter
1189 1228 1440 1310 pronuntietur)
1462 1247 1553 1309 quam
1577 1229 1709 1310 proprio
1723 1229 1772 1290 in·

212 1342 323 1422 dulget
343 1343 482 1422 ingenio.

289 1458 460 1518 Praeterea
483 1453 567 1515 illud
588 1449 830 1512 admirationem
852 1454 968 1526 moret,
984 1452 1076 1529 quod,
1102 1469 1196 1528 quum
1218 1451 1376 1531 Hexapln,
1401 1449 1538 1510 maxime
1559 1450 1639 1529 apud
1661 1449 1770 1526 Syros,

212 1566 314 1626 multa
334 1564 521 1626 celebritate
541 1565 575 1623 et
596 1578 653 1622 usu
678 1561 829 1640 perpetuo
848 1557 969 1620 fuerint
989 1558 1207 1623 Orientalibus
1228 1558 1454 1631 commendata,
1478 1559 1517 1617 ab
1538 1557 1648 1618 iisdem
1669 1561 1771 1617 caete-

213 1689 251 1733 ra
264 1672 413 1752 origenis
435 1689 531 1752 opera
546 1672 621 1731 aunt
641 1671 793 1748 perpetuo
817 1666 949 1729 silentio
969 1667 1113 1750 sepulta.¹
1129 1665 1194 1728 Nee
1222 1682 1334 1727 causae
1356 1666 1435 1727 satia
1455 1669 1506 1727 est
1529 1665 1650 1726 erroris
1671 1663 1776 1742 suspi-

211 1786 272 1860 cio,
296 1803 390 1863 quum
411 1783 644 1844 haereticorum
666 1777 795 1856 scriptia
827 1776 945 1856 passim
977 1775 1090 1836 Oriens
1112 1775 1230 1837 faveat.
1253 1775 1317 1836 Vix
1354 1792 1464 1835 rumor
1484 1773 1619 1852 irrepsit
1650 1769 1773 1835 servari

217 1893 297 1970 apud
319 1891 476 1952 Armenes
497 1883 756 1948 commentarium
778 1882 811 1944 in
835 1882 967 1946 Cantica
996 1883 1206 1958 cantieorum,
1228 1901 1305 1962 opus
1331 1899 1407 1944 sane
1430 1882 1612 1943 Adamantii
1634 1881 1771 1959 insigne,

213 1999 276 2059 nisi
297 1997 342 2060 sit
362 1993 549 2072 Hieronymi
573 1997 629 2056 aut
649 1989 757 2052 Rufini
788 1989 1006 2069 compendium
1032 1991 1188 2052 armeniae
1215 2007 1351 2053 versum.
1381 1989 1510 2053 Utinam
1533 1989 1642 2068 aliqua
1662 1987 1773 2071 Orige-

214 2105 264 2168 nis
286 2104 345 2166 lux
370 2104 408 2164 ab
429 2102 559 2164 Oriente
581 2101 751 2180 erumpat!

280 2257 433 2308 SANCTUS
457 2255 652 2306 annaoams
674 2253 961 2304 THAUMATURGUS.

294 2387 331 2448 ln
352 2385 422 2460 Job,
444 2386 471 2445 t.
493 2381 553 2459 Ill,
575 2401 606 2460 p.
629 2381 699 2442 580.
1020 2380 1250 2462 armeniae(uti
1272 2385 1390 2463 septem
1412 2385 1565 2445 anecdota
1585 2381 1774 2464 sequentia),

294 2495 330 2555 In
352 2490 523 2554 Jeremiam
544 2509 575 2567 p.
598 2489 668 2550 501.
1016 2509 1047 2568 p.
1069 2491 1137 2566 127,
1161 2488 1230 2551 386.

297 2600 478 2680 Symbolum
504 2595 726 2676 Ι1111111016
754 2595 910 2658 1111111111
932 2615 979 2658 se·
1099 2599 1136 2661 111
1157 2598 1362 2660 Nativitatem
1387 2599 1515 2675 Christi,
1538 2619 1568 2679 p.
1594 2599 1663 2673 134,
1686 2600 1756 2660 386.

183 2707 185 2712 ’
215 2702 379 2785 quentia),
401 2709 426 2766 t.
449 2705 503 2774 IV,
527 2724 558 2783 p.
580 2703 631 2780 81,
652 2703 722 2764 345.
1099 2707 1143 2767 111
1159 2705 1376 2766 incarnacione
1390 2706 1528 2782 Domini,
1544 2727 1574 2786 p.
1592 2706 1659 2781 144,
1674 2705 1743 2768 386.

295 2813 389 2873 Fides
401 2810 567 2871 secandum
583 2816 701 2888 partes,
717 2829 747 2890 p.
763 2809 803 2870 82
815 2841 829 2855 ·
842 2809 912 2870 346.
1099 2813 1137 2872 ln
1158 2813 1438 2874 Annanciationem
1463 2813 1627 2894 Deiparae,
1650 2833 1680 2894 p.
1706 2813 1774 2890 145,

295 2916 885 2999 Offlmfflmfflpfflffi.
1014 2921 1084 2982 m

299 3027 347 3088 Ad
367 3025 568 3104 Philagrium
592 3026 629 3086 111
650 3025 923 3103 Cereatatantiali,
946 3046 976 3105 p.
1100 3032 1327 3091 massanellus
1348 3029 1513 3110 Deiparae,
1532 3048 1561 3108 p.
1587 3029 1656 3098 156,
1675 3027 1743 3090 400.

220 3134 288 3213 100,
307 3134 388 3195 360·
1100 3139 1137 3199 In
1161 3139 1195 3199 S.
1221 3137 1276 3198 Dei
1296 3138 1490 3213 genitricem,
1513 3156 1544 3215 p.
1569 3136 1638 3209 159,
1662 3135 1732 3213 406,

298 3244 344 3306 ad
365 3242 599 3322 Theopompum
633 3241 672 3304 de
703 3242 845 3325 passibili
866 3248 894 3304 11
919 3242 977 3303 im·
1099 3247 1135 3306 ln
1157 3245 1303 3306 horrorem
1320 3246 1354 3305 S.
1373 3242 1533 3320 Stephani,
1558 3261 1588 3320 p.
1611 3242 1680 3318 162,
1705 3242 1775 3302 408.

212 3351 368 3429 passibili,
395 3369 425 3429 p.
450 3351 519 3426 103,
541 3351 612 3412 363.
1097 3352 1264 3414 Sententia
1287 3352 1325 3412 111
1346 3353 1431 3410 calcu
1451 3349 1517 3409 ocri
1539 3349 1604 3409 Dei.

151 3477 154 3483 ’
299 3463 344 3522 lle
358 3460 518 3539 paschate,
541 3479 570 3538 p.
600 3458 667 3536 120,
689 3460 761 3523 376.
1092 3459 1229 3521 Accedat
1250 3457 1280 3517 in
1303 3457 1475 3534 cumulum,
1499 3456 1614 3518 ultimo
1645 3457 1678 3518 in
1708 3456 1778 3518 loco

297 3567 336 3628 ln
356 3568 626 3628 annuntiationem
655 3567 821 3646 Deiparae,
848 3587 878 3646 p.
898 3568 966 3642 122,
1009 3567 1116 3629 breuis
1138 3567 1199 3627 illa
1220 3565 1393 3640 sententia,
1415 3565 1653 3645 'Phaumaturgo
1676 3567 1773 3644 digna

217 3675 289 3736 377.
1020 3680 1053 3737 et
1074 3692 1163 3753 quas,
1180 3674 1206 3735 si
1227 3689 1310 3734 nova
1330 3691 1393 3734 non
1407 3679 1472 3750 eat,
1489 3672 1635 3734 innovari
1656 3691 1693 3734 ao
1714 3689 1779 3732 ma-

259 3827 262 3834 .
299 3784 344 3848 Da
368 3785 519 3862 baptismo
547 3786 677 3862 Christi,
701 3803 732 3865 p.
760 3787 827 3864 127,
859 3785 929 3850 386.
1017 3785 1066 3863 gia
1091 3787 1241 3857 meretur,
1264 3781 1344 3861 quod
1369 3779 1505 3841 fortasse
1527 3779 1671 3859 ignotum
1700 3781 1778 3840 Gre-

297 3894 365 3954 Duo
391 3892 581 3972 fragmenta,
608 3895 726 3973 partim
758 3913 799 3956 ex
833 3899 974 3958 tractatu
1015 3892 1098 3974 gorii
1113 3899 1146 3956 11
1159 3889 1393 3972 apologeticum
1415 3896 1523 3951 contra
1546 3888 1696 3950 Ethnicoe
1724 3906 1778 3948 no·

220 4001 258 4064 ad
279 4001 425 4079 (lainam,
448 4001 529 4064 alias
550 4003 589 4062 ad
609 4003 789 4080 Tatianum,
804 4004 842 4065 de
857 4004 976 4078 anima,
1019 4002 1069 4063 bis
1093 4018 1170 4080 opus
1191 4000 1323 4081 detegit.

645 4190 699 4252 Ἐκ
721 4192 774 4253 τοῦ
795 4197 835 4264 εὶς
857 4183 901 4254 ro'·
928 4183 1014 4256 οὐδὲν
1036 4183 1160 4256 εἴδωλον
1182 4193 1211 4254 ἐν
1236 4178 1356 4277 κὲσμῳ.

562 4309 620 4369 Em
639 4327 785 4388 sermone,
808 4309 892 4388 qnod
912 4313 1033 4372 1111111111
1053 4317 1095 4372 111
1115 4311 1149 4371 in
1169 4309 1286 4372 mundo
1308 4309 1437 4374 idolum.

300 4470 335 4534 'li
358 4466 413 4556 pir
435 4477 475 4549 εἰς
495 4463 571 4534 Θεὸν
596 4466 646 4533 τᾶν
671 4461 762 4547 ὅντως
793 4461 866 4533 ὄντα
898 4466 973 4554 apd
1094 4471 1207 4535 Cultus
1239 4488 1317 4550 erga
1352 4473 1449 4532 Deum
1482 4489 1556 4534 rere
1587 4473 1778 4536 existentem

220 4569 341 4659 πάντως
360 4603 418 4646 που
439 4576 497 4644 neri
528 4579 623 4644 αὐτοῦ
644 4583 696 4643 mii
717 4571 863 4662 τιμῶντός
894 4581 974 4643 ἐστιν
1016 4599 1087 4642 eum
1103 4580 1203 4660 ipsum
1219 4581 1355 4644 honorat
1369 4581 1423 4658 qul
1438 4580 1559 4643 cultum
1575 4587 1783 4661 praestatroo-

222 4682 308 4775 rapi·
331 4688 353 4757 ri
373 4683 406 4754 δὲ
431 4695 473 4762 εἰς
498 4683 547 4752 rin
573 4679 723 4751 ariniara
749 4682 823 4751 Scin
849 4683 924 4770 apd
945 4679 977 4761 ἐξ
1019 4689 1084 4748 1111
1105 4693 1209 4751 autem
1231 4689 1327 4749 Deum
1349 4689 1403 4766 qui
1426 4709 1486 4749 non
1507 4695 1567 4768 est,
1585 4689 1645 4768 ipsi
1661 4689 1780 4751 colenti

221 4791 363 4873 ἐναντίας
384 4797 479 4860 circi
499 4781 646 4888 τιμῷντές
668 4797 749 4858 ἐστιν
771 4790 896 4879 ἀτιμία.
1019 4795 1209 4877 vituperium
1231 4799 1289 4856 eat.
1315 4796 1738 4862 01110101112101154.

289 4927 440 4976 SANCTUS
464 4925 643 4974 nlonrsrus
667 4925 946 4976 ALEXANORINUS·
1379 4969 1381 4976 .

304 5024 342 5085 ln
358 5022 491 5082 Cantica
506 5022 710 5099 canticorum,
726 5027 753 5085 t.
772 5021 831 5103 111,
845 5041 875 5103 p.
889 5023 959 5084 507.
1101 5024 1247 5105 Epistola
1262 5023 1305 5081 ad
1316 5022 1501 5104 Dionysiam
1521 5031 1549 5085 11
1576 5025 1779 5105 Stephanum,

305 5129 567 5207 Interropntionea
587 5135 615 5188 et
634 5147 791 5211 responsa,
807 5151 837 5210 p.
859 5130 928 5192 508.
1021 5151 1051 5211 p.
1078 5130 1145 5206 170,
1169 5130 1240 5192 413.

303 5235 448 5314 Epistola
468 5235 511 5297 ad
531 5233 689 5297 Nouatum
715 5237 838 5318 syriace
861 5238 906 5301 uti
929 5257 974 5300 se·
1095 5240 1239 5318 Epistola
1260 5241 1303 5302 ad
1325 5241 1359 5302 S.
1377 5239 1569 5320 Stephanum
1584 5240 1652 5313 PP,
1668 5239 1783 5310 Romae

223 5343 364 5424 quentia,
387 5347 412 5407 t.
437 5343 492 5423 111,
514 5363 545 5427 p.
569 5343 639 5422 160,
660 5343 730 5409 413.
1022 5365 1109 5423 nam,
1131 5365 1162 5433 p.
1188 5346 1256 5424 171,
1280 5347 1348 5416 416.
