4064 6108
831 447 993 520 content
1015 447 1195 522 Vd'ilcllll

240 611 298 670 um
309 599 490 687 proiectura
500 598 559 666 dici
575 609 712 683 possunt;
728 607 759 666 et
771 598 898 666 mxime
911 597 989 666 circa

237 705 454 774 Alexandriam.
471 705 529 787 Qui
540 714 719 772 suutuutem
729 705 924 790 undequaque
936 722 989 789 op·

238 813 314 894 timi,
329 822 476 896 tamquam
489 810 519 876 in
531 810 645 895 piorum
655 809 769 895 Ileique
781 811 925 877 cultorum
939 829 990 892 pa·

238 919 340 1000 triam,
362 918 394 985 in
414 917 557 986 muniam
578 918 813 1002 proficiscantur,
835 917 874 983 ad
894 917 989 982 locum

240 1025 566 1104 conuenientissimum,
582 1026 632 1110 qui
653 1045 742 1112 supra
756 1025 850 1092 lacum
870 1023 989 1109 quidem

238 1132 364 1198 llariem
386 1133 461 1198 sitne
472 1141 528 1214 eet,
544 1132 577 1199 in
591 1132 737 1198 humiliori
758 1148 793 1198 ac
813 1130 989 1217 depressiori

239 1240 320 1317 colle,
342 1242 432 1311 ualde
452 1250 550 1308 autern
570 1248 748 1325 opportuno,
769 1248 800 1305 ct
819 1239 859 1306 ad
880 1237 990 1304 securi·

240 1357 329 1414 tatem
350 1358 381 1414 et
400 1348 509 1414 bonam
530 1347 607 1414 aeris
626 1345 877 1430 temperationem.
893 1348 936 1410 dc
955 1353 990 1410 ut

238 1457 332 1522 securi
351 1456 469 1540 quidem
482 1465 514 1522 et
528 1455 583 1521 tuti
595 1455 666 1532 sint,
677 1454 752 1535 uici,
769 1463 800 1520 ct
811 1453 905 1534 uilla,
921 1469 990 1536 qun

237 1569 306 1626 sunt
324 1561 524 1641 circumcirca,
540 1567 691 1645 preeunt.
706 1559 791 1626 deris
804 1569 902 1626 autem
915 1569 990 1624 tem·

238 1667 427 1749 perationem,
444 1685 511 1750 quae
523 1671 555 1732 et
567 1683 605 1732 ex
625 1666 703 1743 laou,
717 1665 769 1748 qui
792 1664 823 1730 in
843 1682 926 1730 mare
938 1682 989 1729 us

238 1791 294 1858 que
314 1781 406 1857 patet,
427 1781 459 1839 ct
477 1792 514 1838 ex
529 1772 614 1853 mari,
631 1773 708 1856 quod
730 1782 849 1856 propter
869 1783 926 1848 est,
941 1789 988 1836 as·

237 1881 330 1946 sidae
339 1881 515 1946 emittuntur
525 1898 616 1959 uurae,
628 1879 770 1963 prebent.
784 1880 914 1945 Subtilm
923 1878 989 1963 qui-

237 1987 304 2052 dem
324 1995 404 2065 suut,
418 2004 485 2068 quae
505 2004 542 2051 ex
554 1986 638 2064 mari,
652 2004 760 2052 crassas
772 2003 845 2052 uero
864 2002 933 2068 quae
952 2004 988 2050 ex

237 2092 302 2157 lucu
328 2092 458 2178 spirant:
486 2111 611 2176 quarum
639 2093 741 2157 mixtio
765 2091 988 2159 saluberrimam

237 2201 476 2266 constitutionem
496 2199 594 2266 elficit.
616 2200 727 2266 Eorum
740 2209 837 2266 autem
854 2201 906 2282 qui
919 2217 989 2264 oon-

236 2318 394 2389 uenemnt,
410 2307 489 2374 mdes
502 2317 572 2374 suut
585 2308 674 2374 ualde
687 2308 804 2392 quidem
823 2307 939 2389 exiguae
959 2315 989 2372 et

237 2416 372 2500 humiles,
388 2420 426 2486 ed
441 2420 499 2485 duo
513 2420 638 2485 maxime
656 2419 820 2486 neccssaria
836 2428 989 2501 tegumen-

240 2535 301 2590 tum
322 2526 490 2608 prebentes,
505 2527 544 2593 ad
564 2526 637 2593 solis
650 2535 757 2594 esrum
770 2527 941 2604 arcendum,
957 2533 988 2590 et

237 2633 329 2715 lrigue
348 2635 425 2702 aeris
445 2636 685 2720 propulsandum.
708 2636 810 2719 Neque
830 2652 904 2702 uero
917 2642 987 2701 suut

236 2743 420 2829 propinque,
433 2745 508 2810 utin
520 2745 656 2810 urbibus.
672 2745 713 2809 lis
726 2745 805 2810 enim
819 2743 870 2828 qui
880 2743 985 2809 solitu-

235 2850 333 2918 dinem
344 2851 487 2933 emulari,
503 2869 569 2918 eam
583 2862 809 2936 persequuntur,
825 2852 945 2918 uiciniae
955 2862 987 2918 et

234 2957 501 3043 approximationes
521 2959 637 3024 turbam
661 2975 696 3023 ac
722 2957 884 3025 molestiam
910 2959 986 3025 alie·

235 3190 365 3245 Abundst
383 3195 475 3246 autem
495 3191 522 3244 iu
537 3191 651 3263 Egypto
668 3207 719 3263 per
731 3189 794 3245 loca
807 3207 870 3263 quee
890 3191 986 3262 legum

235 3278 352 3335 castella
370 3283 516 3348 vocantur,
536 3285 565 3334 et
582 3280 741 3350 presertim
767 3279 843 3334 cirea
863 3279 985 3335 Alexan-

236 3369 335 3437 driam,
348 3368 420 3422 unde
435 3368 457 3433 ι)
471 3369 569 3423 obtimi
582 3368 635 3422 riri
649 3368 812 3440 aptissimos
824 3367 915 3425 saltos
926 3369 985 3424 ele·

237 3462 349 3530 gerunt,
368 3463 400 3514 ut
417 3458 517 3531 patriae
536 3457 599 3514 ioco
616 3456 742 3514 melioria
760 3462 947 3533 competentis
959 3460 985 3528 2)

237 3551 409 3604 inmorentur
428 3548 585 3619 religionis.
606 3548 658 3604 Est
675 3549 780 3605 obtima
799 3551 878 3621 regio
897 3550 986 3606 eltera

235 3653 321 3708 super
338 3642 480 3709 stagnum,
500 3637 572 3709 quod
591 3639 662 3692 mari
684 3637 811 3707 habetur,
829 3638 912 3696 collis
929 3640 984 3697 hu·

235 3723 355 3782 milioris
366 3727 532 3798 spaciositas
541 3727 633 3782 vicina
645 3725 670 3793 3)
683 3745 734 3800 pro
744 3727 854 3786 cautela
867 3731 892 3796 ⁴)
903 3731 984 3787 habi·

236 3817 366 3887 tantiurn3
387 3819 414 3869 et
431 3814 506 3869 aeris
524 3818 710 3888 temperantia
727 3820 866 3890 provisus.
887 3822 984 3877 Muni-

235 3907 340 3962 tiouem
358 3909 434 3962 enim
445 3905 563 3963 castella
574 3910 666 3964 vicina
677 3907 796 3966 faciunt.
810 3911 983 3984 Temperiem

234 4013 300 4052 vero
317 4011 394 4051 auree
409 3995 436 4069 ⁵)
457 3999 562 4068 stagni,
580 3999 720 4054 maritimo
742 3999 798 4055 situ
813 4000 983 4075 adhaerente,

235 4099 264 4142 et
283 4087 374 4143 ricino
393 4103 495 4160 equore
513 4089 684 4159 partiuntur.
697 4089 798 4160 Stagni
816 4093 891 4145 euim
909 4094 985 4164 spis·

235 4178 325 4232 siorea
339 4179 363 4242 e)
379 4181 408 4232 et
419 4177 513 4250 pelagi
525 4176 645 4233 leviores
654 4179 751 4233 mixtae
760 4180 912 4236 sanabilem
922 4188 983 4238 eta-

235 4271 293 4322 tum
303 4271 467 4339 operantur.
478 4264 594 4322 cellulae
604 4271 697 4322 nmen
708 4269 846 4323 universis
854 4269 981 4324 humilis·

233 4353 312 4408 simm
331 4371 383 4426 pro
401 4355 471 4410 eolis
489 4354 583 4411 calore
608 4361 637 4411 et
660 4355 765 4412 etheris
789 4359 982 4416 absconsione.

233 4443 290 4498 Nec
308 4445 435 4515 proxime
454 4445 517 4512 sibi,
537 4448 568 4499 ut
584 4460 645 4500 mos
664 4449 708 4499 eat
725 4447 754 4499 iu
774 4446 902 4517 oppidis:
922 4463 982 4502 mo·

234 4529 336 4587 lestum
348 4533 423 4587 enim
437 4540 466 4589 et
479 4532 656 4590 fastidiosum
667 4541 805 4590 amatores
818 4537 905 4592 eciam
921 4553 983 4592 me-

233 4621 316 4676 ximae
330 4620 493 4678 solitudinis
511 4624 612 4679 denses
630 4624 732 4680 habere
745 4627 913 4685 vicinitates.
924 4628 983 4683 Nec

233 4710 449 4784 tamenlongius
463 4713 487 4779 7)
501 4715 555 4769 sibi
563 4731 615 4787 pro
624 4720 689 4772 roto
699 4731 758 4772 suae
769 4719 983 4789 communionis,

268 4941 606 5017 purpurascentem
628 4946 653 5004 l.
674 4977 707 4992 -
728 4947 756 5027 2)
776 4952 903 5009 melioris
923 4953 982 5011 loco

230 5040 422 5105 cmnponentis
430 5033 458 5093 2.
471 5042 528 5092 turn
538 5043 641 5110 optimu
652 5041 764 5114 reliquo.
780 5039 840 5109 t‚2.
851 5072 885 5083 -
899 5041 924 5108 8)
934 5047 981 5099 ers·-

230 5131 289 5183 mr'a
303 5123 326 5181 l.
343 5155 376 5170 -
390 5127 414 5193 ⁴)
426 5145 480 5200 pro
496 5133 583 5187 tutela
600 5129 628 5187 2.
642 5161 677 5174 -
691 5135 714 5206 ⁵)
726 5139 795 5192 oure·
806 5141 910 5207 stagni.
924 5135 981 5190 Tn-

231 5221 278 5272 eet
295 5217 321 5273 is
332 5219 473 5295 interpres
491 5219 524 5276 de
543 5222 654 5276 nomine
673 5224 778 5297 stagni.
795 5225 928 5296 Superior
946 5224 980 5280 ad

1041 608 1122 668 runt.
1145 599 1207 666 Nec
1227 617 1328 668 mrsus
1353 598 1442 666 nimie
1462 610 1600 678 remote,
1620 610 1652 668 ct
1677 612 1796 686 propter

1041 721 1108 770 earn
1128 723 1217 787 quam
1236 707 1453 789 amplectuutur
1473 705 1643 773 societatem
1662 724 1698 772 ac
1717 725 1795 775 coru·

1042 811 1226 890 munionem,
1249 820 1279 880 et
1299 821 1333 878 ut
1357 810 1382 878 si
1404 811 1479 878 lorte
1504 810 1650 880 lenonum
1677 813 1797 880 maniat

1042 915 1181 997 incursio,
1196 917 1253 984 sibi
1270 917 1399 984 inuicem
1418 917 1560 984 auxilium
1576 919 1649 985 terre
1670 922 1792 1003 possint.

1082 1024 1137 1090 list
1156 1035 1254 1092 autem
1280 1025 1437 1108 uuicuique
1463 1041 1546 1092 seem
1564 1026 1663 1107 edes,
1685 1045 1752 1110 quei
1775 1044 1795 1090 e

1041 1151 1140 1198 rerum
1151 1143 1320 1200 muctarum
1329 1133 1547 1216 magnificentia
1560 1133 1794 1202 etreneratioue

1043 1253 1196 1334 espectet,
1208 1249 1239 1307 et
1256 1259 1273 1307 a
1294 1240 1453 1307 solitudine
1465 1241 1676 1308 monasterium
1693 1243 1794 1328 appel-

1041 1348 1138 1415 latur:
1164 1350 1195 1415 in
1215 1366 1274 1433 qua
1288 1367 1353 1414 cum
1370 1345 1425 1414 soli
1439 1349 1511 1427 sint,
1533 1349 1563 1414 in
1584 1348 1748 1433 splendide
1760 1369 1795 1416 au

1042 1457 1225 1524 venenate
1250 1457 1323 1524 rite
1351 1455 1497 1540 mysteriis
1524 1454 1699 1534 initiantur,
1719 1454 1794 1520 nibil

1042 1565 1242 1648 importantee,
1265 1581 1324 1629 non
1345 1572 1457 1647 potum,
1481 1580 1541 1628 non
1567 1562 1675 1641 cibum,
1695 1579 1793 1645 neque

1041 1674 1112 1758 quid
1133 1673 1268 1750 aliorum,
1289 1690 1356 1757 quae
1375 1680 1445 1737 sunt
1464 1669 1631 1736 necessaria
1649 1669 1687 1735 ad
1707 1687 1794 1734 usum

1041 1779 1182 1863 eorporis.
1205 1779 1263 1844 Sed
1284 1778 1374 1861 leges,
1397 1786 1429 1842 et
1448 1776 1535 1842 allata
1556 1793 1610 1859 per
1636 1771 1795 1858 prophetas

1041 1903 1124 1951 soora
1146 1904 1296 1969 respousa,
1312 1893 1342 1950 et
1363 1883 1497 1967 hymnos,
1514 1892 1545 1949 ct
1565 1881 1624 1947 alia
1643 1879 1752 1964 quibus
1764 1887 1795 1944 ct

1041 1993 1166 2060 scientia
1186 2003 1217 2060 et
1236 1992 1341 2076 religio
1361 2001 1509 2074 augentur
1529 2007 1565 2054 ac
1585 1987 1790 2072 perficiuntur.

1041 2101 1158 2166 liabent
1176 2109 1275 2167 autern
1303 2106 1472 2183 perpetuam
1496 2105 1528 2163 et
1554 2095 1635 2160 nulla
1662 2113 1793 2178 uuquam

1040 2207 1192 2275 obliuione
1205 2206 1385 2273 obruendam
1396 2203 1449 2270 Dei
1464 2202 1644 2285 memoriam,
1657 2211 1691 2268 ut
1701 2202 1793 2268 etiam

1042 2319 1074 2382 in
1094 2317 1205 2384 somnis
1218 2315 1293 2381 nihil
1306 2315 1387 2380 aliud
1402 2330 1490 2398 quam
1510 2311 1678 2379 diuinarum
1697 2311 1793 2376 uirtu-

1043 2437 1103 2493 tum
1126 2435 1156 2492 et
1177 2425 1348 2490 facultatum
1368 2419 1602 2506 pulchritudines
1616 2419 1730 2484 animos
1743 2437 1793 2484 eo·

1040 2552 1106 2599 rum
1126 2531 1291 2599 visionibus
1319 2528 1447 2613 pulsent.
1470 2527 1557 2594 Multi
1579 2527 1679 2610 itaque
1703 2525 1793 2590 etiam

1041 2640 1204 2706 insomnis
1223 2643 1410 2723 eloquuntur,
1425 2634 1566 2722 praeclara
1586 2649 1679 2700 sacre
1698 2633 1792 2716 philo

1039 2749 1153 2833 sophie
1177 2748 1293 2814 decreta
1322 2746 1512 2812 somniantes.
1539 2741 1669 2825 Singulis
1694 2749 1818 2807 autem·

1039 2856 1142 2922 diebus
1163 2855 1210 2920 bis
1230 2854 1344 2938 precari
1364 2853 1471 2932 solent,
1493 2868 1579 2916 mane
1598 2858 1629 2915 et
1647 2864 1788 2932 uespere:

1038 2962 1101 3030 sole
1111 2961 1357 3046 quidemorieute,
1366 2960 1474 3026 bouum
1483 2975 1519 3022 ac
1530 2974 1701 3041 prosperum
1711 2954 1791 3021 diem

1039 3202 1070 3253 ut
1089 3196 1211 3252 etiamsi
1231 3195 1370 3250 latronum
1390 3194 1510 3265 impetus
1528 3189 1684 3261 contingat,
1705 3187 1790 3245 alter·

1040 3289 1103 3340 utro
1123 3283 1306 3339 auxilientur.

1074 3371 1202 3444 Singulis
1221 3389 1288 3444 ergo
1304 3371 1329 3444 8)
1348 3367 1538 3440 habitaculum
1556 3371 1599 3424 eat
1611 3365 1787 3440 religiosum,

1039 3462 1112 3534 quod
1121 3465 1264 3518 semestrem
1276 3464 1384 3529 vocant,
1394 3459 1452 3513 sire
1464 3459 1679 3526 monasteriaco,
1694 3457 1722 3509 in
1732 3472 1789 3527 quo

1038 3549 1155 3606 desolati
1175 3549 1389 3617 modestissime,
1403 3548 1468 3602 vitae
1487 3546 1687 3601 secretissimae
1701 3560 1788 3600 occu-

1038 3645 1150 3712 pantur.
1164 3642 1226 3696 Nou
1243 3648 1327 3712 potua
1338 3637 1410 3705 illic,
1421 3653 1471 3691 nee
1483 3636 1563 3692 cibus
1575 3634 1726 3704 inducitur,
1739 3638 1788 3690 aut

1039 3731 1183 3804 quodlibet
1201 3747 1253 3803 pro
1265 3731 1392 3801 corporis
1404 3724 1619 3782 necessitudine:
1634 3723 1682 3778 sed
1693 3723 1790 3796 legere

1038 3827 1147 3877 tentum
1167 3824 1196 3875 et
1214 3818 1308 3892 eloqui
1320 3817 1423 3884 solent,
1435 3815 1530 3871 dirius
1541 3831 1593 3887 per
1603 3813 1704 3870 choros
1722 3829 1789 3885 pro·

1037 3912 1183 3984 phetarum
1201 3909 1295 3981 dignis
1314 3908 1453 3962 destinata
1468 3905 1619 3976 praesagia,
1633 3904 1733 3975 quibus
1751 3901 1785 3956 ad

1037 4005 1187 4076 puritatem
1212 3997 1369 4071 disciplinae
1394 4000 1424 4050 et
1451 3995 1644 4064 integritatem
1672 3993 1786 4064 pietatis

1038 4093 1122 4148 animi
1142 4090 1300 4161 eriguntur,
1318 4091 1401 4158 atque
1419 4083 1646 4156 magnificantur,
1660 4084 1786 4136 incessa-

1036 4179 1121 4236 bilem
1140 4179 1170 4233 i'n
1188 4195 1218 4232 ee
1237 4177 1369 4231 habentes
1388 4175 1437 4229 Dei
1453 4171 1743 4228 commemorationem
1757 4173 1786 4224 et

1037 4273 1124 4327 eciam
1138 4269 1162 4336 ⁹)
1182 4269 1253 4342 ipsis
1277 4267 1430 4322 visionibus
1454 4279 1510 4318 non
1534 4261 1610 4316 aliud
1637 4261 1785 4331 quicquam

1037 4364 1090 4417 nial
1101 4359 1264 4434 splendores
1273 4355 1428 4410 divinarum
1437 4354 1572 4408 uirtutum
1586 4349 1786 4421 celestiumque

1037 4451 1175 4520 imagines
1184 4445 1372 4519 speculantur.
1385 4443 1504 4499 Plurimi
1513 4443 1601 4497 eciam
1613 4438 1702 4493 adhuc
1712 4454 1785 4493 sorn-

1036 4557 1072 4594 no
1090 4539 1206 4602 detenti,
1223 4538 1306 4592 verba
1323 4534 1472 4609 proferunt
1486 4531 1620 4603 religiose
1631 4533 1715 4602 atque
1733 4545 1783 4582 aa·

1036 4628 1188 4684 luberrima
1196 4627 1342 4700 sapientie
1351 4624 1471 4680 decreta.
1480 4619 1608 4692 Singulis
1616 4621 1708 4674 sutem
1721 4617 1784 4673 die·

1036 4719 1087 4775 bus
1110 4718 1155 4773 bis
1179 4733 1260 4774 orare
1283 4713 1426 4782 consueti,
1444 4727 1526 4767 mane
1550 4715 1633 4782 atque
1657 4725 1783 4781 vespere,

1034 4953 1188 5023 marginem
1201 4949 1321 5005 uomvit:
1337 4967 1350 5000 e
1362 4947 1433 5005 Vide
1452 4963 1487 5001 an
1499 4946 1572 5000 idem
1584 4946 1623 4999 eit
1634 4943 1705 5015 quod
1719 4943 1784 4997 Mo-

1034 5051 1134 5097 reotee.
1156 5059 1169 5093 s
1189 5069 1224 5082 -
1242 5041 1265 5104 ll
1285 5042 1441 5110 spurciores
1466 5035 1489 5092 Ι.
1515 5039 1675 5106 operciores
1698 5031 1726 5090 2.
1747 5061 1781 5076 -

1035 5135 1058 5198 7)
1073 5135 1127 5189 luere
1141 5149 1230 5204 quaem
1244 5133 1357 5203 longiae
1373 5129 1402 5185 2.
1421 5156 1457 5171 -
1470 5128 1494 5194 8)
1514 5133 1590 5185 mim
1612 5123 1636 5182 l.
1658 5155 1691 5169 -
1705 5125 1729 5193 ⁹)
1749 5139 1781 5185 ret

1037 5226 1120 5280 etiam
1142 5219 1167 5276 l.
