3976 6078
687 447 814 556 cona‘x
836 485 1172 555 uutaortoumuus
1681 483 1698 546 r

195 649 224 710 5.
248 645 394 711 odoratus
410 644 540 724 Domini,
556 643 709 710 delectatio
723 645 786 727 ejtrs
802 643 831 707 in
843 640 1036 720 orationibus,
1053 640 1119 704 sive
1133 638 1164 704 in
1178 636 1316 722 operibus
1329 645 1505 704 sanctorum.
1522 635 1556 702 ln
1577 635 1697 704 Genesi:

152 764 358 847 Ddoratosque
378 773 424 829 est
443 762 587 829 Dominus
608 765 726 828 odorem
747 761 915 826 suavitatis.

194 880 223 943 6.
246 880 287 946 0s
308 880 437 971 Domini,
459 880 552 946 lilius
574 881 647 963 ejus,
672 879 721 944 vel
741 895 836 943 sermo
856 877 894 942 ad
915 873 1057 942 homines.
1074 874 1110 939 ln
1124 871 1283 960 propbeta:
1301 874 1342 939 Ds
1355 871 1474 938 Domini
1495 871 1624 938 locutum
1643 882 1698 940 cst.

152 997 192 1062 lit
212 997 300 1063 alibi:
323 1000 364 1065 0s
384 999 448 1084 ejus
469 998 507 1063 ad
528 998 708 1064 iracundiam
729 1001 976 1081 provocaverunt.

194 1116 222 1179 t.
246 1116 361 1199 Lingua
383 1115 511 1196 Domini,
535 1115 664 1199 Spiritus
684 1115 747 1198 ejus
766 1125 895 1180 sanctus.
918 1111 953 1177 ln
974 1111 1104 1196 psalmo:
1127 1109 1240 1192 Lingua
1261 1127 1337 1187 mea,
1357 1109 1498 1175 calamus.

194 1234 224 1296 8.
247 1232 350 1298 Facies
372 1231 501 1311 Domini,
524 1231 653 1298 ostensio
674 1232 738 1316 ejus
759 1249 811 1313 per
825 1229 933 1294 Filium
946 1227 985 1292 ad
999 1227 1142 1293 homines.
1159 1226 1194 1292 ln
1207 1226 1324 1292 llxodo:
1348 1225 1448 1291 Facies
1468 1243 1534 1292 mea
1554 1225 1701 1310 pracedat

153 1357 191 1413 tc.
217 1349 256 1414 tlt
276 1349 307 1414 in
328 1348 490 1433 propbeta:
517 1351 558 1433 [p.
582 1352 611 1430 t]
634 1348 734 1415 Facies
754 1347 871 1414 Domini
893 1345 998 1412 divisit
1018 1363 1079 1411 eos.

194 1467 223 1530 9.
247 1466 374 1534 Verbum
397 1465 525 1546 Domini,
548 1467 651 1532 Filius.
674 1466 708 1531 ln
730 1466 858 1549 psalmo:
882 1467 1039 1532 Eructavit
1059 1481 1109 1528 cor
1131 1479 1229 1528 meum
1250 1460 1373 1526 verbum
1392 1460 1514 1526 bonnm.

194 1583 244 1647 tu.
266 1582 422 1650 Brachium
443 1584 572 1666 Domini,
594 1583 697 1665 Filius,
719 1602 773 1668 per
793 1601 881 1668 quern
901 1581 1000 1648 omnia
1020 1589 1158 1666 operatus
1172 1589 1226 1646 est.
1244 1578 1278 1644 ln
1293 1579 1438 1665 propheta
1452 1577 1557 1643 Esaia:
1580 1575 1618 1642 lit
1631 1576 1699 1642 bra·

151 1699 251 1766 obium
272 1701 388 1766 Domini
410 1703 456 1766 oui
479 1701 642 1768 revelatum
664 1701 732 1766 est?

193 1818 242 1881 tt.
264 1818 390 1883 Dextera
405 1817 538 1898 Domini,
553 1818 583 1883 id
598 1826 643 1884 cst
656 1817 760 1896 Filius,
775 1818 824 1902 qui
840 1827 870 1884 et
883 1835 982 1901 supra.
999 1815 1034 1883 ln
1050 1814 1178 1900 psalmo:
1194 1814 1320 1880 Dextera
1334 1811 1451 1881 Domini
1466 1811 1535 1878 lucit
1549 1811 1697 1878 virtutem.

192 1933 240 1997 ta.
264 1934 389 1999 Dextera
402 1934 533 2014 Domini,
550 1934 654 2017 gloria,
671 1934 736 2000 sive
751 1935 902 2000 beatitudo
915 1943 1069 2020 perpetua,
1085 1933 1162 1999 sieut
1184 1933 1214 1997 in
1234 1930 1398 2015 Evangelio
1419 1930 1456 1997 de
1476 1929 1550 1995 Filio
1570 1928 1696 1995 dicitur:

150 2048 196 2113 tta
217 2049 369 2115 dexteram
391 2049 455 2116 Dei.

191 2168 240 2231 13.
264 2167 390 2234 Dextera
412 2167 542 2251 Domini,
564 2170 648 2236 electi
670 2187 780 2236 omnes.
804 2169 838 2234 ln
859 2169 1102 2236 Deuteronomio:
1125 2169 1161 2235 ln
1182 2167 1303 2233 dextera
1324 2167 1387 2249 ejus
1407 2167 1495 2246 ignea
1515 2163 1575 2228 lex.

192 2283 242 2346 11.
263 2281 328 2348 Alte
348 2283 479 2363 Domini,
501 2285 646 2367 protectio
667 2284 782 2350 divina.
806 2284 840 2348 ln
862 2284 992 2367 psalmo:
1016 2285 1050 2349 ln
1072 2285 1174 2350 umbra
1195 2284 1309 2351 alarum
1330 2291 1446 2348 tuarum
1466 2280 1600 2364 sperabo.

191 2399 239 2462 lb.
264 2399 399 2484 Scapula
419 2400 548 2480 Domini,
570 2401 672 2466 divina
695 2401 849 2485 patientia,
862 2419 929 2484 quae
943 2409 1059 2483 portare
1079 2401 1221 2482 dignatur
1235 2401 1378 2466 inlirmos.
1393 2399 1429 2464 ln
1449 2395 1694 2466 Deuteronomio:

148 2515 285 2599 Suscepit
304 2533 355 2582 eos
375 2525 405 2582 et
425 2517 613 2600 superposuit
633 2517 761 2600 scapulis
780 2517 851 2582 suls.

191 2633 240 2696 tt.
263 2633 369 2700 Manus
382 2634 507 2711 Domini,
522 2634 623 2700 divina
637 2636 780 2716 operatio.
798 2635 831 2700 lu
847 2633 1005 2719 propbeta:
1023 2635 1127 2702 Nonne
1149 2653 1254 2700 manus
1269 2651 1340 2700 mea
1354 2633 1485 2698 lecerunt
1499 2630 1562 2696 bae
1581 2628 1696 2695 omnie‘t

190 2747 240 2812 tt.
263 2746 384 2831 Digitus
404 2749 538 2828 Domini,
560 2749 687 2832 Spiritus
708 2760 845 2828 sanetus,
866 2751 950 2834 cujus
971 2751 1142 2832 operatione
1163 2750 1273 2816 tabulae
1293 2751 1381 2832 Legis
1403 2749 1434 2814 in
1453 2747 1555 2814 ondo
1576 2747 1697 2832 scripta

147 2861 324 2929 reseruntur.
348 2865 386 2929 llt
407 2865 437 2930 in
458 2865 638 2947 llvangelio:
662 2867 692 2932 Si
714 2885 770 2947 ego
792 2870 822 2931 in
843 2867 937 2950 digito
961 2871 1001 2951 [p.
1025 2870 1054 2951 3]
1078 2868 1131 2934 Dei
1153 2867 1237 2950 ejicio
1257 2866 1412 2932 damonia.

183 2996 212 3052 5.
234 2999 303 3055 Gen.
322 3013 383 3066 vrrs,
402 2998 448 3057 21.

184 3087 212 3142 6.
232 3087 267 3143 ls.
281 3104 302 3156 r,
315 3087 362 3158 20,
376 3090 479 3146 Thron.
493 3107 512 3160 r,
528 3089 572 3156 18,
586 3091 632 3144 ubi
644 3098 795 3161 provocans·
807 3091 892 3163 vulg.

146 3193 204 3232 axx
224 3177 296 3249 apud
323 3179 513 3233 Holmesium:
533 3182 735 3251 superimpressi,
756 3186 826 3235 teste
850 3184 895 3236 in-

146 3265 255 3336 scripto
274 3265 334 3322 cod.
358 3265 417 3321 106.
431 3296 466 3308 -
485 3267 553 3323 lbid.
574 3269 708 3324 stabolios
727 3272 768 3322 sic
789 3271 818 3338 C,
839 3287 894 3324 uno

146 3355 248 3421 verbo,
267 3371 329 3428 qum
348 3357 466 3412 monstri
493 3357 642 3413 insolentia
666 3375 770 3412 cacum
789 3361 895 3430 praebet

146 3443 292 3502 librarium
312 3452 342 3501 et
358 3464 391 3502 eo
416 3446 588 3518 fideliorem,
608 3449 679 3521 quod
704 3449 811 3520 scripta
829 3465 844 3502 a
864 3467 894 3504 se

145 3535 258 3590 videtur
275 3552 332 3593 nou
355 3536 440 3591 semel
467 3554 520 3591 non
548 3536 735 3606 intellexisse,
756 3540 894 3594 recentior

144 3624 251 3697 aliquis
271 3643 356 3697 supra
373 3630 497 3683 correxit
515 3628 595 3684 atilli.

182 3717 210 3772 7.
233 3717 278 3771 Pe.
298 3733 375 3786 xurv,
394 3716 422 3774 2.

182 3804 210 3858 8.
223 3805 395 3863 PerFitium
405 3809 444 3863 ad
453 3811 579 3865 homines
589 3810 701 3864 omuino
711 3811 848 3882 expunxit
860 3811 892 3881 0,

144 3897 179 3948 ut
196 3893 254 3948 alia
271 3895 370 3965 multa;
384 3915 438 3969 quo
450 3897 562 3969 quidem
575 3898 705 3968 consilio,
719 3903 826 3955 nescio.
842 3901 894 3955 Cu·

140 3987 192 4055 jus
211 3999 276 4038 vero
296 3984 423 4040 formulae
442 3987 564 4040 brevitas
582 3988 675 4059 potius
695 4005 788 4058 graece
812 4003 895 4060 quam

143 4073 232 4129 latine
253 4079 349 4128 sonat:
371 4076 506 4146 llps'orurrss
520 4078 618 4146 Κυρίου,
636 4079 741 4138 δήλωσις
760 4079 835 4130 αὐτοῦ
853 4082 895 4130 διὰ

146 4164 207 4216 ates
226 4165 286 4232 πρὸς
307 4166 361 4223 τοὺς
388 4163 536 4234 ἀνθρώπους.
556 4176 636 4220 -et
656 4183 708 4237 per
728 4171 893 4238 prophetam

145 4255 181 4308 tt.
205 4281 237 4294 -
259 4251 303 4306 Cf.
323 4253 411 4309 Exod.
431 4269 509 4321 xxrrr,
531 4251 573 4322 tt,
594 4254 697 4309 Thren.
717 4269 756 4323 av,
778 4253 819 4311 16.

201 4338 229 4393 9.
251 4340 298 4394 Ρο.
320 4357 396 4410 xntv,
410 4341 439 4398 2.
458 4373 495 4384 -
513 4345 683 4400 Eructuosit
702 4345 732 4400 C.

185 4427 228 4483 tu.
241 4430 277 4485 ls.
288 4446 348 4500 uttr,
364 4428 386 4484 1.
401 4461 435 4472 -
451 4432 485 4488 Ut
497 4437 527 4488 ira
538 4435 675 4503 propbeta
685 4434 715 4503 0,
727 4438 791 4506 post
800 4451 892 4489 emen-

143 4521 296 4588 dationem,
310 4525 339 4574 et
357 4522 397 4576 sic
411 4523 436 4576 A
449 4524 496 4594 qui
509 4525 616 4594 recepit
628 4523 678 4577 has
694 4526 892 4580 correctiones.

143 4610 292 4682 Siquidem
312 4611 386 4680 inde,
407 4627 457 4666 nec
477 4612 531 4666 nisi
547 4614 716 4684 importune,
730 4616 831 4686 incipit
848 4631 893 4668 se·

143 4699 235 4755 cunda
254 4716 355 4754 manus
375 4704 445 4755 satis
469 4707 547 4757 vetus
566 4701 667 4757 addere
685 4706 790 4774 passim
809 4722 894 4777 supra

142 4788 235 4844 lineas
255 4801 305 4859 ut,
324 4790 358 4843 ad
378 4789 492 4862 singula
511 4791 570 4845 iere
588 4791 651 4847 loca
669 4793 893 4866 Scripturarum;

144 4877 174 4931 id
193 4895 259 4934 vero
279 4879 461 4949 repetundum
480 4896 580 4935 censeo
599 4899 616 4934 a
635 4881 764 4936 formulis
782 4882 893 4937 Euche-

143 4967 246 5035 rianis,
267 4969 314 5024 ubi
333 4985 410 5024 more
423 4968 511 5024 latino
525 4973 610 5026 attica
623 4973 743 5027 brevitas
759 4976 893 5042 perpetuo

144 5055 346 5128 interpoletur,
361 5076 423 5130 quae
436 5059 632 5132 importunitas
644 5060 727 5133 pleno
746 5079 825 5116 arnna
845 5064 894 5117 llu-

144 5150 191 5205 xit
208 5152 238 5204 in
257 5150 292 5220 A,
313 5155 343 5204 et
360 5153 443 5206 etiam
463 5150 492 5203 in
511 5151 553 5218 0,
572 5153 682 5205 nemine
701 5153 816 5208 monito.
837 5153 893 5207 Nec

140 5247 204 5316 jam
223 5259 267 5297 me
286 5243 406 5315 poenitet
423 5241 572 5299 sustulisse
590 5243 642 5299 luas
666 5242 894 5316 interpolationes

949 3005 978 3057 in
991 3008 1049 3060 tota
1068 3002 1188 3059 editione
1200 3019 1261 3057 mea
1273 3003 1377 3075 priore,
1393 3018 1477 3074 quum
1490 3001 1573 3056 etiam
1585 3001 1615 3054 ln
1633 2997 1693 3056 ctu·

949 3099 1111 3150 romontano
1125 3095 1209 3148 tertia
1221 3107 1318 3148 manua
1331 3109 1411 3164 taque
1423 3096 1513 3175 vetus,
1524 3091 1572 3146 aed
1585 3091 1697 3162 Argen·

948 3183 1007 3236 tino
1025 3183 1185 3250 recentior,
1204 3197 1301 3236 omnes
1320 3179 1384 3234 illas
1403 3177 1518 3251 copulas
1538 3184 1696 3234 transverso

948 3273 1055 3329 calamo
1073 3273 1252 3344 expunxerit.

987 3359 1029 3416 11.
1051 3361 1098 3416 Pa.
1119 3377 1207 3431 cxvrr,
1229 3358 1270 3415 ld.
1293 3390 1326 3400 -
1344 3371 1377 3416 ut
1395 3365 1427 3416 irs
1442 3361 1552 3430 psalmo
1571 3367 1605 3414 tt.
1707 3405 1710 3411 .

988 3449 1028 3505 12.
1052 3449 1141 3504 Marc.
1161 3465 1220 3518 xva,
1244 3446 1287 3505 19.
1308 3447 1428 3505 Ultimos
1441 3463 1511 3519 ergo
1530 3447 1619 3503 Marci
1633 3464 1697 3502 ver·

948 3557 996 3596 sus
1017 3542 1111 3597 Clanis
1130 3540 1287 3608 confirmat,
1301 3539 1326 3592 si
1345 3536 1402 3592 alio
1416 3555 1471 3592 non
1485 3538 1612 3610 respicit.
1626 3538 1697 3594 For·

948 3630 1052 3685 mulam
1070 3630 1168 3684 omisit
1186 3629 1220 3696 O,
1240 3626 1355 3681 fallacis
1374 3624 1519 3681 similium.
1540 3656 1575 3667 -
1593 3626 1623 3680 In
1641 3627 1697 3683 fine

948 3736 1046 3774 manus
1063 3735 1161 3773 reeens
1179 3717 1284 3772 addidit
1301 3718 1374 3773 sedit
1391 3733 1424 3770 ex
1444 3715 1609 3772 Mesmiano.
1630 3717 1696 3772 cte-

947 3807 1118 3863 rosellenses
1141 3807 1220 3862 codd.
1247 3808 1312 3863 sede
1337 3807 1375 3861 od
1400 3806 1612 3861 dotatarum-
1634 3807 1696 3862 lam

948 3897 1047 3952 addere
1072 3896 1149 3954 lubet
1175 3897 1333 3969 elegantem
1358 3896 1474 3952 Adriani
1499 3895 1695 3968 paraphrasin,

949 3986 1066 4041 fortasse
1084 4003 1101 4039 a
1121 3987 1280 4058 graecanica
1299 3985 1375 4041 Clavi
1395 3985 1566 4057 primigenis
1584 3986 1695 4041 deriva-

949 4080 1021 4130 tam:
1044 4077 1095 4134 Τὴυ
1116 4077 1197 4147 poturos
1217 4076 1296 4138 δεξιὰν
1315 4077 1356 4130 ἐπὶ
1374 4077 1454 4146 pso'vou
1474 4079 1523 4128 τῶν
1543 4077 1643 4143 αἰσίου-ι,
1663 4079 1695 4136 ὡς

950 4171 999 4220 ὰπὸ
1019 4167 1164 4238 τιμιυτίρου
1179 4169 1221 4220 τοῦ
1238 4165 1560 4237 ρι’ρους,1κορυυοῖυὶοικεν.
1575 4166 1618 4220 Cf.
1632 4182 1694 4237 sqq.

948 4261 976 4311 et
993 4271 1024 4325 11,
1046 4255 1089 4327 14,
1110 4253 1153 4310 15.

987 4345 1028 4400 13.
1049 4348 1198 4402 Deuteron.
1218 4361 1307 4416 xxttt,
1327 4343 1362 4411 2,
1383 4361 1445 4417 quaa
1464 4344 1575 4418 quidem
1594 4345 1697 4401 desunt

947 4434 1079 4506 vulgatis
1092 4451 1157 4502 nxx,
1166 4439 1276 4489 veteres
1286 4439 1379 4488 amen
1392 4432 1468 4489 Slavi
1482 4432 1554 4504 apud
1570 4431 1693 4491 Holmex.

948 4539 982 4576 ex
1000 4523 1061 4578 cod.
1083 4523 1197 4593 Ostrog.
1217 4538 1280 4577 cum
1298 4518 1387 4592 Vulg.
1401 4518 1452 4574 lat.
1466 4519 1494 4573 id
1514 4521 1648 4588 retinent,
1668 4522 1697 4573 et

947 4630 1010 4668 cum
1028 4613 1131 4668 Nostro
1150 4631 1165 4666 e
1185 4629 1278 4684 graeco
1297 4615 1472 4683 receperunt.
1494 4639 1527 4651 -
1547 4611 1653 4666 Electio
1675 4610 1696 4664 C

946 4720 1031 4760 manu
1049 4705 1154 4777 prima,
1174 4721 1237 4778 quta
1261 4704 1359 4758 statim
1386 4702 1408 4756 Ο
1434 4700 1557 4756 sustulit.
1579 4699 1646 4754 Mox
1664 4709 1696 4755 ut

947 4794 1009 4847 add.
1030 4795 1059 4847 io
1080 4794 1110 4862 C,
1129 4795 1164 4863 Α,
1185 4799 1331 4864 utsupra.
1352 4819 1387 4832 —
1408 4787 1450 4845 la.
1473 4791 1519 4844 Pe.
1538 4805 1594 4856 nur,
1612 4787 1640 4844 2.

985 4883 1027 4940 15.
1040 4885 1152 4938 Deuter.
1167 4899 1256 4951 xxxrr,
1272 4881 1314 4953 ll,
1330 4899 1364 4936 ex
1379 4897 1481 4953 graeco:
1496 4879 1595 4941 testare
1608 4879 1695 4939 αὐτοὺς

953 4979 996 5026 καὶ
1017 4973 1136 5038 &astabat
1157 4975 1243 5034 αὐτοὺς
1263 4975 1303 5028 ἰπὶ
1322 4976 1371 5025 ro'iu
1391 4971 1548 5043 μεταφρένου
1569 4971 1650 5023 αὑτοῦ.

991 5063 1034 5121 16.
1055 5065 1091 5120 la.
1108 5080 1184 5132 nxvt,
1197 5063 1225 5118 2.
1239 5064 1280 5117 lta
1298 5065 1381 5135 pauci
1401 5069 1467 5120 vett.
1481 5062 1554 5135 apud
1570 5063 1695 5120 Sabater.

947 5149 974 5207 in
994 5153 1073 5207 Itala.

988 5242 1031 5297 tt.
1055 5245 1144 5300 Exod.
1165 5261 1266 5313 xxxxv,
1289 5245 1316 5314 l;
1337 5244 1467 5312 Lucas,
1491 5240 1536 5298 20.
1557 5241 1599 5298 Ad
1622 5240 1694 5296 buno
