3976 6078
940 559 1020 641 XLI

200 699 373 800 quaenam
400 713 515 782 aetate
537 715 659 783 nostra
693 713 827 782 foedius
862 712 967 794 olent,
1000 731 1105 800 quam
1130 714 1412 803 Areopagitica?
1444 715 1575 784 Verum
1607 714 1756 786 eximius

200 821 363 929 συνεργδς
386 830 567 910 Paulinus,
592 850 698 918 quum
725 831 814 899 sorte
838 831 990 912 fortuna,
1017 831 1225 913 sedeamus,
1252 832 1434 901 incidisset
1457 832 1492 900 in
1518 833 1755 903 testimonium

159 935 162 942 ’
198 947 311 1015 veluti
336 947 491 1033 Dionysii
516 948 750 1017 Alexandrini
775 949 817 1016 de
841 947 1059 1036 Areopagita
1085 948 1144 1035 (cl.
1170 953 1197 1018 t.
1225 951 1286 1030 IV,
1312 948 1462 1038 xxm),
1487 949 1676 1017 uehemens
1702 950 1756 1018 illi

199 1063 344 1132 incessit
366 1064 579 1132 desiderium
607 1065 745 1134 lubrica
768 1065 927 1133 tentandi
959 1064 1176 1150 Dyonisiaca.
1197 1065 1356 1135 concessi
1380 1065 1622 1154 appendicem,
1648 1067 1756 1135 immo
1802 1141 1806 1146 ,

199 1179 294 1248 suasi
328 1199 518 1269 recoquere
541 1185 737 1252 treuodiam
763 1183 807 1250 ad
841 1183 1061 1251 Timotheum
1086 1183 1128 1250 de
1152 1183 1249 1251 obitu
1280 1185 1377 1253 Petri
1413 1189 1449 1252 et
1475 1184 1591 1265 Pauli,
1623 1187 1756 1272 passim

198 1301 234 1370 iu
259 1301 421 1369 omnihus
444 1303 620 1388 quondam
644 1303 792 1388 linguis,
818 1303 877 1370 sed
902 1321 923 1370 a
946 1301 1106 1388 pluribus
1130 1302 1280 1370 saeculis
1304 1301 1432 1369 nullibi
1451 1300 1474 1392 ¹)
1495 1303 1752 1371 circumlatam.

198 1419 244 1487 Et
259 1437 340 1506 quae
363 1421 407 1488 ad
430 1419 562 1490 calcem
582 1441 750 1508 gazarum
771 1419 998 1489 orientalium
1025 1422 1128 1487 caute
1158 1418 1362 1506 reliquerat,
1382 1419 1511 1499 audax,
1537 1419 1659 1505 quidni
1688 1421 1757 1488 im·

196 1539 361 1626 prudens,
390 1543 429 1608 ut
451 1539 618 1609 hederam
642 1541 677 1608 iu
702 1540 871 1626 postibus,
903 1537 1011 1606 fronti
1046 1555 1188 1602 suorum
1224 1535 1413 1603 latinorum
1440 1539 1475 1602 et
1496 1538 1755 1622 prooemiorum

196 1656 389 1743 suspendit.
411 1658 439 1724 A
460 1676 530 1746 quo
549 1657 610 1725 ille
634 1677 777 1726 exorsus
802 1659 866 1737 est,
894 1656 931 1723 in
952 1673 998 1724 eo
1022 1657 1126 1722 linem
1151 1654 1343 1741 imponam,
1371 1655 1408 1719 et
1435 1671 1475 1718 eo
1494 1653 1636 1722 brevius
1661 1655 1755 1740 quod

196 1773 234 1842 iu
258 1777 351 1841 tomo
375 1775 418 1855 V,
444 1775 473 1841 si
498 1777 586 1842 Deus
610 1775 758 1855 dederit,
786 1775 877 1841 idem
901 1791 1025 1841 saxum
1050 1770 1247 1840 revolvam.

263 1890 408 1958 Interim
433 1891 476 1958 de
499 1893 636 1960 naeniis
659 1893 704 1961 ad
723 1891 945 1960 Timotheum
969 1892 1021 1957 uti
1039 1895 1082 1978 ¹et
1104 1888 1145 1955 de
1166 1887 1314 1956 caeteris
1339 1869 1574 1975 Areopagitae
1598 1887 1755 1975 epistolis

196 2012 320 2080 silebo:
347 2029 428 2079 nam
454 2011 598 2079 memini
623 2031 678 2080 me
702 2031 809 2096 aegre
834 2011 924 2077 serre
949 2007 1136 2095 epistolam
1160 2025 1266 2092 quam
1286 2005 1404 2072 detexi
1424 2005 1581 2090 Dionysii
1602 2006 1755 2073 Alexan-

195 2128 289 2197 drini
313 2128 359 2197 ad
383 2129 570 2211 Cononem,
600 2133 656 2198 sat
678 2130 796 2216 inepte
831 2127 938 2196 luisse
969 2125 1208 2214 areopagitico
1243 2124 1403 2212 epistolio
1435 2125 1480 2194 ad
1510 2124 1755 2216 demophilum

155 2253 158 2260 '
196 2247 379 2327 insertam3
405 2248 466 2315 sed
489 2247 660 2334 grauiora
694 2249 730 2315 et
752 2244 961 2314 sublimiora
982 2263 1090 2332 opera
1113 2243 1266 2312 maxime
1304 2243 1350 2312 de
1381 2240 1520 2312 diuinis
1553 2243 1756 2311 uerisimilius

194 2362 357 2450 suspicio.

282 2481 471 2551 Multorum
495 2483 596 2553 mitto
614 2481 767 2552 ridicula
790 2484 997 2560 commenta,
1015 2483 1143 2550 cuncta
1165 2497 1272 2567 opera
1288 2497 1413 2565 nempe
1436 2480 1515 2546 orta
1534 2475 1639 2544 luisse
1672 2495 1753 2546 cum

193 2599 431 2669 Hilduinouel
444 2601 552 2688 paulo
576 2605 669 2670 ante.
690 2600 941 2690 Areopagitam
956 2600 993 2669 in
1005 2600 1177 2686 Gregorio
1195 2601 1241 2667 M.
1257 2599 1455 2668 Dodwellus
1475 2599 1620 2681 detexit3
1636 2599 1672 2668 in
1687 2601 1753 2666 Pe-

192 2723 247 2786 tro
271 2719 434 2806 cnapneo
470 2718 619 2787 Michael
644 2719 868 2806 Lequieuius,·
894 2719 930 2786 iu
954 2718 1109 2804 Synesio‚
1134 2719 1337 2798 Lacrozeus;
1363 2718 1400 2786 in
1424 2717 1664 2805 Appollinari,
1690 2717 1752 2785 Ca·

193 2857 292 2919 veus3
314 2838 351 2906 in
367 2837 551 2906 Timotheo
574 2838 834 2926 apollinarista,
860 2835 1147 2934 Stillingdectus3
1166 2836 1376 2917 Brucherus,
1403 2836 1440 2903 in
1456 2835 1647 2922 Theophilo
1666 2834 1750 2903 Ale·

191 2957 381 3039 xandrino;
408 2958 445 3025 iu
468 2958 615 3044 Didymo
639 2961 675 3026 et
693 2955 775 3026 aliis
793 2955 870 3024 alii.
889 2955 936 3021 De
955 2954 1080 3041 quibus
1105 2953 1256 3039 siugulis
1280 2956 1376 3022 recte
1399 2952 1533 3020 dictum
1557 2955 1621 3021 est:
1648 2953 1751 3020 nutat

191 3095 473 3164 quaquaversum
498 3078 533 3144 et
555 3075 664 3144 rimas
688 3075 766 3160 agit
789 3072 944 3142 insoleus
968 3073 1054 3140 haec
1079 3070 1251 3158 opinatio,
1270 3071 1330 3140 sed
1353 3074 1448 3139 retro
1472 3067 1575 3156 pulsa
1594 3068 1749 3154 inglorio

189 3214 313 3280 gressu
336 3193 591 3286 controuersia,
617 3193 711 3261 haud
734 3191 859 3279 procul
883 3209 906 3260 a
928 3190 1067 3259 saeculo
1093 3191 1140 3256 IV
1164 3209 1199 3255 se
1223 3191 1300 3257 tuto
1324 3189 1447 3256 sistere
1471 3187 1665 3256 contendit.
1687 3187 1751 3254 Et-

190 3315 286 3384 enim
322 3313 379 3384 hic
414 3315 514 3404 quasi
547 3313 583 3391 in
618 3316 733 3382 castro
769 3312 926 3380 omnium
962 3309 1222 3377 haereticorum
1257 3305 1541 3385 circumvallata,
1578 3305 1640 3372 uix
1679 3322 1749 3372 non

187 3433 347 3521 patibulo
383 3431 636 3520 Areopagitam
672 3431 798 3510 affixit,
825 3429 909 3495 dum
945 3429 981 3495 in
1019 3428 1092 3512 ejus
1128 3425 1228 3493 libris
1263 3423 1414 3492 rimatur
1448 3423 1540 3502 Arii,
1578 3421 1742 3500 Nestorii,

188 3551 405 3636 Eutychetis,
431 3549 663 3637 Apollinaris,
690 3547 841 3616 aliorum
877 3545 1065 3613 manifesta
1088 3543 1223 3610 semina
1261 3543 1297 3608 et
1318 3543 1460 3627 apertas
1495 3538 1747 3624 blasphemias.

188 3667 340 3736 Ultimus
363 3671 480 3736 autem
505 3668 565 3754 qui
590 3687 669 3734 euru
694 3664 895 3750 theologico
926 3667 1101 3750 apparatu
1126 3660 1364 3748 Areopagitae
1387 3659 1562 3729 vindicias
1586 3679 1751 3745 suscepe-

187 3788 247 3868 rit,
279 3787 477 3856 Bernardus
504 3786 546 3854 de
576 3785 715 3864 ltuheis,
728 3789 807 3852 tam
838 3782 981 3850 invictis
997 3781 1218 3867 argumentis
1236 3779 1356 3848 omnia
1373 3778 1524 3847 crimina
1541 3777 1750 3864 profligavit

187 3909 227 3972 ut
249 3905 366 3986 Bieus,
392 3903 612 3973 Bollandista
646 3901 819 3988 prolixus,
845 3900 905 3967 sed
921 3899 1085 3986 prudens,
1109 3897 1338 3984 Areopagitae
1362 3895 1445 3964 licet
1473 3894 1613 3982 scriptis
1633 3894 1750 3961 insen-

187 4041 256 4100 sus,
291 4023 333 4090 de
357 4040 575 4108 quocumque
610 4039 729 4089 errore
764 4019 917 4088 siluerit.
944 4018 1033 4095 Quid
1067 4015 1206 4094 mirum,
1232 4035 1339 4102 quum
1375 4033 1397 4083 a
1426 4020 1547 4084 sancto
1585 4014 1747 4092 Maximo,

187 4138 343 4207 omnium
367 4157 528 4207 errorum
568 4139 670 4206 hoste
694 4137 878 4222 acerrimo,
902 4154 1011 4222 usque
1035 4134 1080 4202 ad
1115 4132 1332 4218 Angelicum
1355 4130 1543 4219 Aquinatis
1567 4129 1746 4214 intuitum,

187 4255 267 4323 inde
290 4255 543 4342 Areopagitica
564 4274 644 4324 cum
668 4255 795 4342 plausu
818 4253 996 4322 Ecclesiae
1020 4253 1189 4338 perpetuo
1212 4253 1354 4336 recepta
1371 4250 1455 4317 siut.

273 4373 460 4459 Superesse
484 4375 603 4442 tamen
637 4371 778 4440 ridetur
802 4369 981 4468 accusatio
1016 4367 1229 4456 pantheismi
1254 4385 1360 4453 quam
1395 4367 1552 4434 recentes
1587 4363 1747 4450 theologi

185 4489 431 4574 neglexerunt
457 4491 517 4558 sed
541 4491 621 4578 post
643 4491 859 4558 Brucherum
884 4486 986 4555 multi
1011 4485 1288 4574 philosophastri
1303 4485 1423 4573 plenis
1447 4483 1564 4552 buccis
1587 4481 1748 4570 platoni-

185 4627 299 4675 smum
323 4607 372 4674 ibi
396 4606 520 4675 laetere
543 4611 789 4693 oggesseruut.
823 4607 969 4673 Veteres
992 4623 1078 4672 vero
1102 4607 1396 4672 commentatores
1420 4602 1550 4688 graeci,
1575 4603 1657 4668 dum
1682 4599 1749 4668 ad-

184 4725 253 4794 huc
275 4724 510 4795 alexandrina
533 4725 713 4794 academia
736 4725 889 4804 floreret,
916 4723 1046 4791 illum
1038 4735 1152 4809 ipsum
1176 4721 1335 4806 aggressi
1361 4738 1536 4808 campum,
1560 4717 1749 4786 victoriam

184 4843 273 4910 mihi
294 4843 463 4912 uidentur
486 4843 681 4931 palmarem
704 4842 878 4911 retulisse.
905 4841 1041 4910 Suadeo
1065 4841 1138 4908 ut
1128 4858 1164 4908 ru
1189 4841 1313 4927 primis
1337 4839 1482 4918 soho!ia,
1507 4858 1589 4907 vere
1611 4835 1750 4904 ilicinis

183 4960 383 5030 nominihus
406 4960 527 5047 digua,
551 4961 643 5030 serio
677 4960 958 5031 considerentur.
984 4961 1060 5038 Qua
1082 4960 1124 5027 de
1149 4979 1187 5025 re
1210 4959 1329 5027 hercle
1363 4957 1623 5028 conclamatum
1647 4958 1747 5041 esset,

237 5309 261 5376 l)
280 5303 444 5365 llemorutur
461 5313 538 5365 tunica
565 5311 649 5365 editio
666 5309 755 5378 latinu,
775 5312 868 5365 Coton.
889 5309 948 5364 llis
974 5313 997 5363 l.
1028 5311 1139 5365 Exstant
1158 5314 1269 5366 ueteres
1288 5309 1339 5364 cod
1363 5311 1476 5376 armeni,
1505 5308 1613 5376 syr-inci,
1634 5304 1738 5377 stertei,

135 5417 136 5420 =
184 5389 292 5458 arabici,
311 5391 390 5446 italici
408 5397 462 5445 etc.
481 5391 575 5446 raucis
596 5405 664 5459 queo
683 5405 753 5446 nune
770 5393 805 5446 de
822 5393 987 5458 areopagita
1003 5392 1157 5460 pramuhor,
1176 5393 1246 5446 adde
1263 5406 1332 5459 quae
1351 5393 1418 5445 infru
1435 5405 1463 5458 p.
1480 5395 1536 5444 ela.
