4044 6098
231 575 233 579 Ι
279 485 336 551 lid
797 480 995 550 vuutouutt
1020 479 1301 546 PROLEGOMENA

278 637 314 698 οὐ
337 633 430 720 μόνον
454 623 488 698 δὲ
511 642 615 708 τοῦτο,
643 630 725 697 ἀλλὰ
747 631 801 696 καὶ
818 623 978 699 dedendae
995 636 1026 698 ἐν
1081 633 1137 695 λοο
1157 630 1283 712 psalmo:
1307 629 1500 712 «Memento,
1524 628 1666 710 Domine,
1691 629 1797 712 Dauid,
1815 653 1835 690 ιν

278 749 324 823 τῷ
338 729 588 827 τρισκαιδεκάτῳ
614 736 735 827 βαθμῷ,
752 737 836 830 λέγω
860 730 898 811 δὴ
922 743 963 814 εἰς
978 738 1027 803 τό·
1082 736 1196 803 loculus
1217 746 1263 803 etl
1283 735 1321 802 de
1341 735 1387 800 hit
1408 735 1457 820 qui
1477 736 1587 802 mundo
1607 735 1742 802 nuntium
1763 735 1840 801 mit-

279 843 452 921 Μνήσθητι,
468 843 570 932 Κύριε,
587 853 644 908 τοῦ
661 835 757 908 ueste
772 843 810 931 ¹),
829 845 934 933 εἴρηκε
957 846 1028 935 περὶ
1082 851 1165 923 trrnt,
1189 851 1223 908 ut
1242 841 1390 924 significet
1413 833 1579 924 hujusmodi
1601 841 1699 907 virum
1725 841 1838 925 majori

278 960 341 1016 τῶν
359 951 621 1039 ἀποτασσομένων
637 959 683 1033 τῷ
700 950 818 1038 κόσμῳ,
832 951 881 1014 ἵνα
900 949 1025 1039 σημάνῃ
1082 949 1192 1014 lumine
1212 949 1366 1032 insigniri3
1389 949 1417 1015 is
1436 950 1516 1016 enim
1537 950 1734 1016 transmeavit
1753 948 1838 1014 duu-

280 1059 387 1150 ὅτιπερ
410 1059 550 1134 πλείονος
573 1057 674 1147 φωτὸς
696 1050 829 1134 ἠξίωται
846 1061 861 1120 ὁ
878 1066 1028 1133 τοιοῦτος·
1081 1056 1227 1122 decimum
1238 1056 1380 1138 Grudum,
1396 1066 1427 1122 et
1437 1057 1571 1122 aseendit
1583 1057 1620 1122 ad
1634 1056 1835 1124 sublimiorem

279 1158 413 1256 ὑπερέθη
439 1165 498 1256 γὰρ
522 1165 577 1230 τὸν
609 1155 787 1228 δωδέκατον
813 1160 950 1251 βαθμὸν,
975 1160 1029 1225 καὶ
1082 1161 1239 1228 scientium
1260 1161 1380 1227 luminis
1400 1161 1519 1229 Christi.
1539 1162 1673 1228 Nam'ab
1694 1163 1754 1228 illie
1774 1182 1835 1228 uu·

281 1269 476 1361 ὑψηλοτέραν
501 1281 613 1362 γνῶσιν
638 1263 833 1344 ἀναθέθηιιεν
856 1278 911 1334 τοῦ
928 1268 1028 1358 φωτὸς
1083 1270 1159 1352 lugll
1179 1288 1237 1336 nox
1258 1270 1390 1353 pauculi,
1412 1280 1443 1336 et
1471 1270 1536 1354 ipse
1555 1271 1635 1336 enim
1664 1270 1724 1335 illis
1751 1270 1834 1335 dedit

281 1390 336 1444 τοῦ
360 1386 502 1469 Χριστοῦ.
526 1370 667 1454 Ἐξέλιπε
691 1375 752 1467 γὰρ
782 1374 853 1465 παρ’
879 1377 984 1450 αὐτοῖς
1006 1379 1026 1447 l
1084 1377 1244 1443 ascendere
1259 1377 1288 1441 in
1303 1377 1403 1442 lumen
1417 1377 1488 1458 diei,
1505 1377 1583 1442 sieut
1601 1386 1632 1444 et
1645 1375 1765 1458 Christi,
1780 1395 1835 1461 per

282 1480 335 1562 νὺξ
358 1497 416 1561 τῆς
441 1486 605 1575 ἁμαρτίας,
631 1483 685 1547 καὶ
700 1482 793 1558 αὐτὸς
816 1481 876 1573 γὰρ
896 1472 1028 1546 lidum
1083 1484 1253 1568 quindecim
1266 1485 1375 1569 gradus
1389 1485 1579 1566 ascensionis3
1595 1494 1629 1550 ut
1648 1494 1749 1568 pateat
1769 1502 1834 1549 om-

283 1585 458 1657 ἀναθιιίνειν
482 1589 594 1666 αὐτοὺς
617 1593 648 1654 ἐν
664 1599 711 1672 τῷ
727 1589 807 1679 φωτὶ
821 1600 879 1665 τῆς
903 1587 1030 1678 ἡμέρας,
1084 1592 1182 1673 nibus,
1198 1597 1275 1676 quud
1297 1593 1327 1656 in
1348 1593 1397 1658 illu
1412 1593 1540 1677 perleetu
1555 1593 1664 1658 lumine
1686 1611 1742 1657 ner
1763 1609 1835 1657 eva-

282 1697 396 1763 drseevel
417 1707 475 1761 τοῦ
500 1703 642 1786 Χριστοῦ,
667 1694 718 1760 ἐπὶ
739 1694 811 1770 τοὺς
837 1697 870 1760 ιε’
896 1688 1032 1759 ἀναθαθ-
1085 1699 1160 1780 nuit,
1175 1708 1207 1765 el
1227 1699 1344 1766 viribus
1364 1701 1539 1766 exhaustum
1553 1701 1608 1765 tuit
1621 1709 1784 1784 peecuwm,
1800 1709 1835 1764 ul

283 1803 369 1892 μοὺε,
387 1805 436 1868 ἵνα
461 1793 555 1876 δῆλον
572 1798 592 1887 ᾗ
609 1810 713 1880 πᾶσιν,
730 1801 779 1865 ὅτι
795 1799 866 1889 παρ’
883 1804 969 1883 αὐτῷ
984 1809 1031 1882 τῷ
1084 1826 1172 1890 supra
1194 1807 1266 1872 dixi.
1290 1807 1410 1872 Cantica
1431 1809 1575 1890 graduum
1600 1807 1692 1891 igitur
1711 1807 1834 1872 assimi-

282 1911 394 1993 τελείῳ
418 1903 556 1987 ἐξέλιπεν
577 1913 597 1982 νλ
615 1901 678 1985 νὺξ,
695 1907 750 1972 καὶ
765 1908 926 1997 ὰνίσχυρνς
942 1905 1033 1997 ueti-
1085 1915 1184 1979 lentur
1205 1912 1284 1980 horis
1305 1914 1443 1996 perfeetae
1462 1913 1533 1994 diei,
1548 1924 1582 1979 ut
1600 1913 1655 1996 qui
1672 1914 1834 1978 recitantur

284 2022 412 2091 νοταιθ
432 2017 579 2107 ἁμαρτία,
603 2013 705 2091 καθὼς
721 2025 875 2105 προεῖπον
893 2019 932 2079 Ol
955 2015 1031 2076 ἀνα·
1086 2019 1117 2084 in
1137 2035 1263 2103 persona
1276 2019 1340 2085 seri
1355 2019 1475 2084 luminis
1495 2030 1526 2085 et
1545 2019 1670 2085 liliorum
1684 2018 1771 2102 hujus
1792 2018 1832 2082 lu·

284 2115 399 2211 daupei
422 2117 474 2187 οὖν
498 2133 567 2198 ταῖς
584 2127 676 2211 ὡραῒς
691 2133 749 2198 τῆς
769 2119 892 2196 τελείας
915 2119 1031 2208 ἡμέρας
1086 2126 1185 2190 minie.

284 2227 516 2318 ἀφομοιώριινοί
539 2234 614 2294 εἰσιν
628 2227 661 2313 ²),
686 2220 886 2320 διηγούμενοι
901 2232 936 2291 ἑκ
958 2247 1033 2316 προ·

284 2337 389 2402 adanu
405 2346 462 2401 τοῦ
477 2335 626 2410 ἀληθινοῦ
642 2337 744 2427 φωτὸς
760 2336 813 2401 καὶ
831 2345 894 2400 τῶν
917 2332 1031 2398 τούτου

284 2450 365 2509 υἱῶν.

322 2605 344 2668 1)
362 2603 404 2661 Pe.
417 2619 513 2671 cxxxi,
530 2601 553 2658 l.
565 2634 599 2644 -
613 2603 637 2669 2)
648 2606 692 2659 An
703 2605 845 2658 eritextre
855 2621 912 2658 rem
924 2608 1031 2672 notare,
1087 2607 1233 2678 graduum,
1245 2607 1272 2662 in
1283 2623 1333 2660 sex
1342 2606 1439 2660 diebus
1459 2607 1653 2675 Hebdomadis,
1666 2606 1720 2662 suli
1733 2606 1832 2661 diurno

283 2693 367 2747 etiam
386 2708 459 2746 nune
483 2693 512 2744 in
531 2694 720 2748 vetustissimo
739 2695 862 2748 omnium
881 2693 1030 2764 breviario,
1086 2695 1408 2763 officioinhoriatertia,
1422 2698 1539 2749 sextust
1552 2711 1624 2749 noue
1636 2695 1787 2766 assignari,
1803 2711 1836 2749 ee

283 2783 355 2856 quod
373 2785 403 2840 S.
415 2783 557 2838 Benedicti
571 2785 669 2856 regula
687 2785 848 2855 descripsit,
862 2797 899 2836 xv
918 2783 1033 2840 Cantiee
1087 2787 1110 2840 ai
1124 2788 1202 2840 velus
1214 2801 1280 2840 sete.
1294 2785 1320 2838 V
1331 2783 1501 2839 consuetudo
1510 2783 1594 2838 allius
1613 2783 1761 2855 repetenda
1776 2783 1836 2838 siti

1023 2979 1101 3052 VII.
1616 3001 1637 3046 ε
1731 3073 1736 3082 ¹

490 3153 663 3246 Ὠριγένους
686 3155 757 3247 περὶ
779 3165 842 3220 τῶν
869 3159 909 3246 ρν’
934 3154 1075 3248 ψαλμῶν.
1098 3193 1137 3202 -
1158 3154 1208 3220 Ea
1231 3155 1349 3234 Oripeae
1369 3154 1403 3220 de
1426 3153 1475 3218 CL
1492 3153 1626 3238 psalmia.

327 3310 389 3376 Kal
410 3309 490 3384 αὑτὴ
517 3308 572 3399 μὲν
591 3301 655 3388 ’τῆς
672 3305 781 3397 tillitus
798 3313 934 3389 ὁσιότης·
951 3317 971 3386 ἡ
999 3304 1032 3378 tt
1127 3316 1223 3398 Atque
1238 3311 1301 3377 hare
1314 3331 1385 3378 eane
1400 3312 1486 3378 luerit
1500 3312 1586 3396 huius
1601 3311 1668 3377 libri
1681 3312 1833 3379 sanctitas.

283 3420 370 3484 αἰτία
385 3429 443 3494 τῆς
459 3421 631 3509 ἐπιγραφῆς
654 3418 747 3490 αὕτη·
764 3408 870 3492 ἐπειδὴ
889 3423 1033 3484 πλεῖστοι
1085 3416 1290 3501 Ιιιεοιίρῑὶοιιὶε
1304 3425 1402 3484 aulem
1422 3419 1551 3503 ejusdem
1566 3418 1641 3483 ratio
1663 3417 1726 3484 haeu
1745 3419 1837 3485 vide·

283 3535 346 3591 τῶν
373 3516 515 3613 ἀδελφῶν
541 3527 582 3598 εἰς
614 3523 744 3614 Χριστὸν
775 3523 1032 3589 πεπιστευκότων
1088 3536 1136 3592 tur
1156 3527 1256 3592 luisse:
1279 3525 1397 3608 quando
1417 3525 1535 3610 quidem
1552 3526 1685 3610 plerique
1700 3526 1835 3606 fratrum,

285 3630 478 3703 οἴονταιτὴν
496 3624 604 3716 βίθλον
620 3629 741 3705 ταύτην
757 3641 813 3697 τοῦ
831 3623 927 3696 Δαυλδ
939 3629 1035 3720 ὑπάρ-
1087 3632 1136 3715 qui
1158 3633 1188 3697 in
1210 3633 1327 3699 Christo
1342 3632 1539 3712 erediderunt,
1555 3631 1635 3698 hune
1654 3632 1762 3698 librum
1783 3652 1837 3716 pu·

285 3763 372 3829 χιιν,
397 3737 606 3829 ἐπιγράφουσί
627 3760 665 3802 τε
688 3737 788 3813 αὐτὴν
820 3737 954 3828 malpel
976 3747 1033 3822 τοῦ
1087 3739 1380 3821 premebamus,
1397 3739 1838 3824 eumqueinseribuanaalmt'

286 3837 393 3923 dauid,
411 3844 539 3910 λεκτέον
555 3843 598 3909 τὰ
613 3835 657 3921 εἰς
672 3849 754 3934 ἡμᾶς
771 3845 951 3920 ἐληλυθότα
962 3845 1034 3937 περὶ
1088 3846 1222 3928 Desidia,
1242 3846 1313 3931 quid
1338 3846 1376 3912 ad
1397 3865 1451 3912 not
1472 3849 1526 3913 huc
1545 3848 1584 3913 de
1603 3865 1635 3914 re
1656 3849 1835 3931 pervenerit,

286 3957 394 4030 αὐτῆς.
424 3954 562 4042 Ἑβραῖοι
592 3951 800 4045 περιέγραψαν
831 3953 892 4029 τὴν
925 3947 1033 4040 βίθλον
1087 3953 1244 4020 dicendum
1263 3964 1320 4020 eet.
1343 3954 1459 4018 Hebraei
1481 3954 1598 4020 titulum
1617 3954 1762 4020 volumini
1783 3955 1839 4019 cir·

287 4058 391 4150 Σεφρὰ
415 4061 534 4149 Θελείμ
549 4059 584 4148 ¹).
601 4059 652 4124 Ἐν
678 4050 712 4124 δὲ
727 4071 797 4138 ταῖς
813 4055 946 4151 Πράξεσι
970 4072 1034 4126 τῶν
1087 4062 1289 4128 eumserihunt
1303 4051 1436 4145 Sepdera
1458 4060 1589 4127 Tiseleim.
1606 4064 1646 4127 ut
1659 4062 1691 4126 in
1711 4062 1835 4127 lctibus
1863 4093 1865 4099 ·

287 4167 471 4235 ἀποστόλων
492 4160 599 4251 {lidiae
613 4167 636 4251 2)
654 4166 785 4258 ψαλμῶν
803 4163 880 4234 εἶναι
895 4169 1033 4260 λέγεται.
1089 4169 1287 4252 apostolerum
1297 4171 1405 4236 dieitur
1413 4169 1501 4234 'Liber
1510 4171 1701 4254 psalmarum.
1714 4170 1761 4236 lta
1771 4188 1838 4236 rer·

282 4275 372 4365 Ἔχει
395 4265 429 4338 δὲ
451 4280 472 4347 ἡ
497 4267 578 4352 λέξις
602 4275 707 4352 οὕτως·
732 4278 783 4351 Ὡς
803 4276 981 4370 γέγραπται
1004 4280 1034 4341 ἐν
1089 4275 1127 4340 bu
1147 4285 1233 4343 lenus
1252 4285 1314 4343 esi:
1341 4275 1452 4342 «Sicut
1471 4277 1611 4360 scriplum
1631 4286 1677 4342 esi
1697 4277 1729 4340 in
1750 4274 1839 4339 Libro

288 4376 386 4468 βίθλῳ
410 4378 555 4471 ψαλμῶν.
566 4383 690 4470 ’Ὀνομα
713 4374 748 4447 δὲ
763 4387 794 4448 ἐν
811 4395 852 4470 τῇ
878 4387 1033 4477 ἐπιγραφῇ
1088 4384 1296 4466 psalmorum.»
1314 4383 1370 4449 Sed
1387 4383 1417 4447 in
1432 4383 1516 4449 tilulo
1529 4382 1609 4463 libri,
1622 4399 1727 4447 nomen
1739 4391 1840 4446 tuolo-

286 4502 341 4559 τοῦ
366 4485 487 4578 βιθλίου
503 4495 539 4556 οὺ
555 4503 658 4558 κεῖται
673 4491 854 4568 ἐνταῦθαή
881 4484 914 4558 δὲ
937 4495 1036 4581 αἰτία,
1089 4493 1129 4555 ris
1149 4491 1188 4557 ibi
1210 4510 1268 4557 uon
1289 4500 1388 4558 exstat
1408 4495 1471 4574 (α).
1493 4492 1585 4574 quue
1605 4507 1640 4556 eu
1665 4489 1704 4558 de
1732 4507 1835 4570 cauea,

348 4694 401 4774 (a)
416 4692 565 4758 linuatus.
585 4691 667 4757 Psoi.
683 4711 713 4755 a.
730 4693 759 4758 1.
777 4692 922 4758 illinere
938 4693 1037 4759 italu-
1090 4695 1274 4778 davidque
1295 4695 1379 4760 titulo
1399 4694 1525 4776 intelligi
1542 4694 1647 4761 volunt
1662 4709 1714 4759 ees
1739 4709 1841 4757 omnes

288 4781 460 4849 scribendos
487 4782 616 4866 psalmos
640 4782 901 4848 existimaverunt:
928 4780 1041 4847 Psalmi
1091 4784 1220 4852 allavid
1232 4785 1522 4869 luisseeunseriptos.
1538 4786 1596 4851 Sed
1610 4803 1664 4848 nus
1678 4781 1839 4848 secumdum

326 4943 385 5000 Vll.
407 4944 471 5000 Vnt.
494 4942 537 5013 13,
556 4945 684 5000 Ouenat.
704 4944 850 4999 Barberin.
871 4958 913 5012 ιιι,
930 4943 978 4998 59.
998 4945 1037 4999 et.
1092 4947 1199 5004 cedenti
1218 4947 1356 5017 scriptore
1375 4945 1408 4999 de
1421 4947 1505 5002 variis
1523 4943 1695 5018 psalmorum
1706 4941 1836 4997 condito·

290 5037 329 5090 De
349 5035 497 5106 Magistris
521 5039 591 5092 Aeta
616 5037 688 5090 Mld.
713 5039 769 5092 Ost.
789 5035 908 5108 append.
927 5053 956 5106 p.
974 5031 1037 5089 439.
1093 5037 1172 5092 ribue
1190 5035 1363 5105 conspirant.

290 5127 354 5183 lnit.
374 5129 548 5184 desideratur
566 5131 596 5184 in
614 5131 677 5188 vae
690 5147 778 5202 neque
797 5129 831 5184 ed
848 5133 963 5186 verbum
977 5134 1038 5183 απσ-
1132 5128 1155 5192 1)
1167 5125 1219 5180 Hie
1229 5142 1309 5180 nemo
1319 5141 1374 5180 non
1383 5129 1517 5196 agnoscat
1527 5125 1687 5195 Origenem.
1699 5151 1733 5162 -
1746 5123 1769 5184 θ)
1781 5120 1842 5176 λοι.

290 5219 392 5270 στόλων.
412 5219 451 5276 Ut
469 5215 604 5291 Hilarius,
624 5219 665 5274 ita
677 5224 705 5276 et
723 5221 861 5295 Origenes
879 5237 943 5276 eum
962 5237 1038 5295 prae-
1093 5237 1113 5288 r,
1137 5218 1176 5276 lll.
1194 5217 1248 5274 Sed
1267 5233 1293 5270 ν.
1322 5214 1354 5270 16
1372 5215 1466 5272 Dauid
1484 5213 1588 5269 diserte
1613 5209 1786 5285 appelletur.
