4064 6108
784 505 835 571 DE
855 503 980 570 CAUSA
1002 501 1179 573 UNIVERSI

949 761 1014 836 IX.

388 955 443 1020 Ἐκ
458 965 514 1021 τοῦ
538 955 612 1046 πρός
631 954 789 1030 Ἕλληνας
811 954 907 1046 λόγου
931 965 987 1020 τοὺ
1010 954 1278 1048 ἐπιγεγραμμένου
1298 955 1390 1021 Κατά
1412 955 1578 1032 Πλάτωνος

730 1059 802 1151 περί
823 1071 882 1138 τῆς
904 1071 959 1126 τοῦ
983 1062 1100 1137 παντὸς
1123 1064 1234 1139 αἰτίας.

249 1203 309 1276 En
332 1203 422 1275 libro
446 1201 494 1273 od
523 1202 680 1282 Graecos,
705 1201 879 1296 inscripto
905 1201 1085 1276 Adversus
1106 1202 1305 1294 Platonem,
1331 1201 1382 1275 De
1410 1201 1530 1275 Οαιιοο
1554 1203 1723 1277 universi.

259 1404 284 1471 Ι.
302 1400 363 1465 Καί
380 1396 469 1476 οὗτος
486 1399 540 1490 μὲν
565 1399 668 1490 ὑπερί
683 1390 837 1489 δαιμόνων
860 1399 962 1491 λόγος.
978 1398 1052 1490 Περί
1068 1389 1102 1463 δὲ
1125 1388 1211 1482 ᾅδου,
1236 1401 1267 1462 ἑν
1292 1391 1316 1481 ᾧ
1340 1397 1523 1487 συνέχονται
1546 1404 1578 1462 αί
1600 1397 1698 1490 ψυχαί
1719 1390 1763 1464 δι-

211 1511 306 1574 καίων
331 1512 408 1597 ὁμοῦ
432 1507 486 1572 καί
510 1498 623 1572 ἀδίκων
647 1509 817 1596 ἀναγκαῖον
841 1511 946 1572 είπεῒν.
964 1506 999 1571 ‘0
1023 1498 1100 1590 ᾅδης
1123 1504 1219 1580 τόπος
1235 1503 1318 1568 ἐστίν
1334 1507 1365 1568 ἑν
1381 1515 1422 1591 τῇ
1440 1507 1540 1570 κτίσει
1563 1506 1759 1571 ἀκατασκεύ-

210 1640 322 1702 αστος,
346 1617 458 1706 χωρίον
482 1614 639 1706 ὑπόγειον,
663 1617 694 1678 έν
719 1619 743 1697 ᾡ
766 1623 828 1703 ῳῶς
852 1613 970 1703 κόσμου
995 1617 1050 1678 οὑκ
1073 1611 1251 1700 ἐπιλάμπει·
1275 1612 1376 1701 φωτός
1405 1613 1509 1677 τοίνυν
1532 1616 1562 1677 ἐν
1586 1613 1690 1699 τοότῳ
1713 1623 1758 1697 τῷ

208 1724 311 1813 χωρίῳ
336 1721 378 1811 μὴ
404 1721 678 1811 καταλάμποντος,
702 1719 823 1810 ἀνάγκη
850 1721 960 1797 σκότος
984 1711 1121 1794 διηνεκὲς
1145 1721 1246 1784 ἐκεῖσε
1269 1717 1447 1810 τυγχάνειν.

257 1834 298 1898 ΙΙ.
316 1837 417 1895 Τοῦτο
440 1829 478 1895 τό
502 1831 627 1919 χωρίον,
651 1829 754 1919 ὥσπερ
770 1852 802 1892 τι
817 1826 957 1919 ῳροόριον
978 1823 1158 1916 ἀπενεμήθη
1184 1822 1306 1915 ψυχαῖς·
1330 1825 1380 1890 ἐπί
1394 1825 1498 1911 τούτῳ
1520 1826 1761 1901 κατεστάθησαν

210 1936 264 2002 καί
287 1940 315 2000 ot
338 1935 468 2029 ἄγγελοι
492 1935 615 2026 φρουροί
637 1933 722 2026 παρά
744 1933 801 2012 τάς
823 1932 957 1999 ἑκάστου
981 1925 1105 2024 πράξεις
1129 1922 1326 2020 διανέμοντες
1348 1929 1405 2008 τάς
1428 1941 1491 1997 τῶν
1514 1932 1637 2024 τρόπων
1661 1958 1758 2027 προσ-

210 2045 332 2134 καίρους
355 2041 507 2120 κολάσεις.
533 2041 583 2107 Ἐν
607 2041 710 2128 τούτῳ
734 2033 769 2108 δὲ
791 2050 838 2126 τῷ
861 2039 965 2132 χωρίῳ
989 2038 1162 2130 ἀρώρισταί
1183 2062 1230 2113 τις
1253 2037 1363 2117 τόπος,
1388 2039 1482 2128 λίμνη
1508 2037 1562 2103 καί
1584 2040 1677 2130 πυρός
1703 2044 1760 2106 ἀσ-

210 2145 333 2237 θέστου,
357 2154 387 2215 ἐν
412 2145 437 2234 ᾧ
460 2147 595 2241 έρρίῳθαι
620 2148 673 2238 μέν
700 2139 819 2214 οὐδέπω
841 2146 912 2214 τινά
935 2147 1160 2236 ὑπειλήφαμεν·
1184 2144 1369 2210 ἑσκεόασθαι
1393 2136 1427 2210 δέ
1451 2150 1492 2221 εἰς
1523 2145 1583 2220 τὴν
1607 2170 1760 2238 προωριο-
1796 2169 1804 2180 ·

213 2257 308 2346 μένην
331 2255 449 2346 ἡμέραν
473 2255 533 2321 ὑπό
556 2261 637 2321 Θεοὺ
660 2252 923 2344 πεπιστεόκαμεν·
940 2257 970 2318 ἐν
988 2249 1007 2340 ᾗ
1026 2245 1147 2330 δικαίας
1163 2255 1288 2345 κρίσεως
1305 2251 1457 2343 ἀπόφασις
1475 2254 1531 2343 μία
1553 2263 1645 2319 πᾶσιν
1670 2249 1760 2334 ἀξίως

212 2361 336 2439 πάντως
352 2360 645 2453 προσενεχθήσεταα
662 2361 724 2425 Καί
739 2366 768 2426 ot
784 2361 838 2451 μὲν
855 2353 957 2426 ἀδικοι
973 2366 1043 2445 Θεῷ
1060 2359 1294 2439 ἀπειθήσαντες,
1310 2360 1353 2424 τά
1367 2384 1405 2425 τε
1422 2359 1543 2448 μάταια
1557 2360 1634 2453 ἔργα
1651 2371 1762 2453 χειρῶν

212 2468 382 2561 ἀνθρώπων
406 2467 682 2558 κατεσκευασμένα
698 2460 813 2534 εἴδωλα
829 2474 868 2545 ὡς
885 2470 964 2535 Θεὸν
981 2467 1181 2558 τιμήσαντες,
1197 2466 1317 2544 ταότης
1336 2478 1394 2544 τῆς
1418 2458 1516 2532 ἀϊδίου
1540 2467 1707 2546 κολάσεως,
1724 2475 1763 2546 ὡς

212 2579 309 2642 αἴτιοι
334 2573 519 2666 μιασμάτων
543 2575 713 2666 γενόμενοι,
737 2573 969 2666 προσκριθῶσιν·
993 2563 1079 2640 otte
1102 2565 1214 2639 δίκαιον
1236 2584 1294 2650 τῆς
1315 2572 1471 2664 ἀφθάρτου
1488 2571 1542 2637 καί
1558 2573 1763 2639 ἀνεκλείπτου

215 2685 376 2770 βασιλείας
399 2681 547 2773 τόχωσιν,
563 2683 674 2759 οἵτινες
697 2686 728 2748 ἐν
747 2691 794 2768 τῷ
811 2674 870 2772 ᾅδῃ
896 2691 947 2747 νὺν
972 2679 1026 2771 μέν
1051 2677 1243 2771 σινέχονται,
1262 2680 1333 2746 ἀλλ’
1356 2685 1412 2745 οὑκ
1435 2685 1466 2745 ἐν
1484 2689 1530 2764 τῷ
1554 2685 1639 2766 αὑτῷ
1662 2681 1762 2770 τόπῳ,

212 2795 243 2856 ἐν
268 2787 292 2876 ᾧ
316 2781 440 2866 δηλαδὴ
466 2790 520 2856 καί
543 2795 571 2856 ot
595 2782 705 2856 ἄδικοι.

256 2902 314 2967 ΙΙΙ.
325 2899 392 2968 ,Μία
415 2894 476 2990 γάρ
499 2903 519 2971 η
546 2901 587 2974 εἰς
610 2907 705 2963 τοῦτο
728 2897 767 2963 τό
790 2899 902 2988 χωρίον
918 2885 1060 2982 κάθοδος,
1077 2890 1113 2972 ἦς
1129 2906 1170 2983 τῇ
1188 2894 1271 2969 πόλη
1290 2898 1453 2986 ἐφεστῶτα
1475 2895 1612 2987 ἄγγελον
1636 2893 1703 2984 ἀμα
1718 2904 1759 2981 τῇ

211 3009 323 3070 ἑαυτοῦ
348 3013 481 3095 στρατιᾷ
504 3004 765 3093 πεπιστεύκαμεν.
784 3002 839 3068 Ἢν
863 2992 965 3077 πόλην
992 2991 1165 3078 διελθόντες
1189 3007 1217 3066 οἱ
1240 2999 1450 3092 καταγόμενοι
1466 3001 1525 3066 ὑπό
1541 3009 1603 3065 τῶν
1628 2999 1678 3066 ἐπί
1700 2998 1757 3077 τάς

209 3110 308 3204 ψυχὰς
330 3111 532 3205 τεταγμένων
557 3112 709 3205 ἀγγέλων,
734 3115 768 3176 οὑ
794 3121 849 3200 μιᾷ
873 3101 935 3194 ὁδῷ
958 3108 1152 3200 πορεὺονται·
1169 3107 1240 3173 ἀλλ’
1257 3106 1356 3197 οἱμὲν
1374 3098 1497 3185 δίκαιοι,
1517 3111 1558 3184 εἰς
1582 3099 1668 3186 δεξιά
1692 3131 1757 3198 ῳω-

209 3219 455 3313 ταγωγοόμενοι,
479 3219 533 3284 καί
555 3218 616 3284 ὑπό
639 3227 701 3285 τῶν
725 3217 909 3309 ἐφεστώτων
933 3215 1016 3283 κατά
1044 3217 1141 3283 τόπον
1172 3213 1314 3308 ἀγγέλων
1344 3213 1539 3304 ὑμνούμενοι,
1563 3213 1694 3308 ἄγονται
1718 3221 1760 3293 εἰς

211 3329 322 3418 χωρίον
347 3324 495 3417 φωτεινόν
498 3375 544 3390 .....

251 3521 313 3596 [Χ.
334 3538 362 3592 Id
381 3554 467 3594 renum
483 3536 576 3591 studui
591 3536 667 3590 hisee
687 3539 795 3607 pennis,
809 3540 841 3590 ut
859 3551 956 3590 novam
1011 3537 1047 3592 de
1063 3536 1262 3602 daemonibus,
1282 3551 1343 3606 quae
1365 3532 1621 3590 tormentatio
1642 3533 1760 3590 PseItin-

208 3629 407 3700 Vetioanorum
426 3624 505 3681 codd.
525 3624 693 3695 scripturam
717 3623 885 3692 exhiberem,
906 3641 956 3678 neo
1013 3625 1057 3677 uis
1070 3628 1119 3677 eut
1129 3624 1277 3694 anonymis
1297 3621 1424 3692 pluribus
1443 3623 1568 3694 ejusdem
1587 3625 1757 3693 argumenti.

207 3719 263 3773 mei
283 3733 344 3770 esse
363 3713 487 3771 instituti
504 3712 570 3768 duxi
590 3716 707 3768 oeeteras
722 3715 782 3784 jam
802 3714 890 3767 editae
910 3729 958 3766 vn·
1011 3743 1046 3755 -
1065 3711 1167 3765 δικαίων
1186 3717 1229 3764 καὶ
1249 3715 1405 3782 ἁμαρτωλῶν
1426 3709 1452 3766 3.
1472 3742 1508 3755 -
1526 3714 1642 3773 διηνεκῶς
1661 3716 1762 3786 τυγχά.

208 3810 322 3863 rietates
332 3805 477 3878 colligere.
490 3803 580 3858 Hebes
591 3805 681 3875 igitur
690 3804 783 3860 Vatio.
792 3801 847 3860 7?ss
859 3803 879 3857 ί.
890 3801 957 3870 239,
1011 3821 1058 3855 νιιν
1078 3803 1101 3855 ἐν
1120 3801 1199 3873 τούτῳ
1219 3803 1255 3872 τῷ
1276 3801 1369 3872 χωρίῳ,
1390 3801 1402 3854 ὑ
1424 3803 1455 3862 ὑς
1475 3801 1586 3872 φρούριον
1606 3801 1644 3854 ἰό.

203 3895 257 3952 973
272 3895 358 3962 tw,
378 3894 490 3949 omnino
509 3892 627 3962 similes,
643 3891 762 3948 collatos
781 3911 843 3948 eum
863 3893 957 3949 Vntic.
1049 3889 1083 3948 II.
1106 3892 1135 3962 ίῳ
1157 3888 1176 3961 ᾧ
1196 3909 1297 3943 κατεστ.
1316 3888 1344 3944 3.
1365 3918 1399 3932 -·
1420 3894 1480 3962 πρός
1498 3895 1543 3952 τὰς
1563 3892 1668 3944 ίκάστου
1683 3889 1709 3949 3.
1727 3921 1763 3935 -

209 3985 273 4055 728,
288 3985 309 4040 f.
325 3981 388 4053 291,
409 3982 456 4037 sed
475 3986 582 4036 uotum
602 3981 636 4036 ab
656 3981 748 4050 initio,
758 3981 830 4054 quod
849 3985 894 4035 sat
904 3981 960 4034 erit
1012 3983 1057 4041 τάς
1077 4000 1104 4032 τι
1123 3983 1172 4032 τῶν
1192 3981 1290 4050 τρόπων
1308 3977 1336 4032 3.
1355 4009 1391 4021 -
1409 3981 1445 4049 τῷ
1470 3980 1538 4050 τόπῳ
1566 3977 1706 4051 ὰρόριοταί
1725 4001 1761 4042 τις

211 4074 241 4125 ui
259 4075 363 4142 quanta
381 4069 438 4124 sini
462 4069 625 4123 discrimina
643 4069 672 4123 in
691 4067 827 4139 librariis,
846 4067 958 4123 intelli·
1011 4069 1090 4138 λίμνη
1107 4071 1198 4146 Ιπυρός,
1218 4068 1241 4120 όν
1262 4063 1281 4137 ᾧ
1300 4069 1344 4136 μίν
1370 4065 1465 4118 οὐδέπω
1489 4072 1545 4118 τινὰ
1563 4067 1757 4141 καταρριρίῳθαι

213 4165 305 4230 gutur.
320 4161 415 4231 Neque
429 4157 579 4212 addendam
591 4159 686 4212 curari
700 4158 958 4230 interpretationem
1016 4159 1162 4227 ιίλῆφαμιν.
1175 4154 1233 4210 Alii
1252 4153 1421 4226 κατιῤῥὶρὺαι.
1436 4153 1528 4209 Locus
1546 4159 1673 4224 vexatur,
1687 4156 1708 4211 t.
1724 4172 1757 4210 ex

213 4248 338 4315 latinam,
368 4263 449 4318 quam
479 4251 746 4317 preoccupaverunt
773 4247 883 4318 egregii
904 4246 959 4300 viri
1012 4245 1129 4318 quedam
1143 4241 1358 4316 interpolatione
1378 4244 1545 4314 groeonniee.
1559 4243 1660 4298 Totum
1673 4259 1759 4316 argu-

213 4335 351 4403 Lemoiue,
369 4336 527 4402 Fabricius,
548 4335 693 4402 Quienius‚
709 4333 882 4402 Gallendius,
897 4334 960 4388 nbi·
1013 4336 1136 4386 mentum
1150 4329 1212 4386 fuse
1225 4330 1280 4385 Leo
1290 4328 1411 4384 Ailetius
1422 4333 1550 4403 exposuit
1562 4332 1591 4385 in
1606 4331 1758 4403 uerusque

212 4426 254 4481 rie
273 4425 381 4481 obviem
395 4425 424 4477 in
438 4423 545 4479 Parroz.
558 4439 603 4495 pr.
618 4437 648 4491 x,
660 4419 725 4476 795.
740 4423 806 4488 Quae
821 4438 885 4478 vero
898 4423 959 4494 pri-
1015 4420 1156 4476 Ecclesiae
1171 4419 1207 4476 ete
1219 4419 1391 4492 Purpatore'o
1410 4423 1603 4476 consensione.
1617 4449 1651 4461 -—
1664 4420 1757 4491 ὑρίραν

213 4531 286 4570 mum
311 4517 463 4568 statuerem
487 4528 522 4566 ex
545 4513 656 4582 integro
681 4510 808 4581 referre,
831 4515 896 4582 poet
919 4515 962 4566 tot
1013 4513 1056 4562 τοῦ
1075 4505 1503 4581 tenuiori&-mmouteepre
1526 4507 1593 4578 1‚2,
1612 4509 1661 4564 sed
1680 4509 1760 4564 raldo

212 4604 349 4660 editiones
362 4619 451 4675 pnuoe
468 4600 538 4656 mihi
557 4605 716 4672 opportuna
728 4601 788 4656 risa
799 4604 874 4669 sunt,
888 4605 916 4655 et
928 4618 960 4655 en
1013 4597 1138 4654 dubium:
1160 4617 1214 4654 uns
1230 4599 1339 4654 videtur·
1361 4599 1446 4670 longe
1464 4599 1594 4672 periodus
1619 4615 1706 4671 usque
1724 4599 1757 4652 nd

3 4663 6 4716 ί,
97 4747 100 4755 A
212 4693 331 4747 maxime
344 4707 407 4764 quae
421 4706 556 4745 summam
569 4691 691 4746 motoris
704 4690 898 4762 antiquitatem
912 4705 960 4742 re·
1014 4685 1761 4761 μίαγάρ.-ὑιὶίυςπριοινιχὺνίη3.-γινόρινιικληρινο-

214 4781 317 4838 terunt.
338 4779 501 4850 Ambigitnr
519 4778 630 4852 quidem
649 4779 683 4834 de
705 4779 827 4846 nomine,
846 4781 961 4835 minime
1014 4779 1196 4850 μήσιυσιλίει.
1210 4775 1367 4846 l‚2simnt,
1381 4792 1461 4830 εοεαε
1473 4779 1501 4832 in
1515 4777 1608 4848 priore
1620 4777 1761 4845 scriptura

216 4889 282 4927 vero
300 4870 335 4925 de
356 4869 478 4924 auctoris
497 4872 588 4938 {etate
608 4885 693 4940 quum
711 4869 745 4923 de
763 4873 853 4922 etente
873 4869 962 4923 adhue
1014 4869 1116 4940 prime,
1129 4883 1163 4921 ex
1180 4882 1267 4938 prere
1285 4881 1359 4920 corr.
1372 4881 1435 4935 quae
1450 4882 1500 4919 neo
1514 4863 1702 4936 grammaticae
1715 4877 1763 4915 se-

216 4965 310 5014 retere
322 4958 522 5030 superstitione
535 4971 570 5011 ex
586 4955 630 5011 his
643 4973 705 5028 quae
719 4959 879 5025 retinemus,
893 4957 962 5010 satis
1014 4957 1084 5010 riem
1094 4956 1267 5011 servarit-
1276 4955 1436 5026 προκριὺὑοιν
1445 4951 1517 5007 3.-
1526 4953 1657 5012 Βασιλείας
1667 4948 1764 5012 τιὺξον·

217 5063 357 5122 superque
377 5049 496 5101 constet.
1016 5041 1158 5114 ται1,2.οί
1169 5045 1192 5097 ἐν
1203 5045 1238 5114 τῷ
1250 5047 1297 5116 top
1309 5047 1353 5115 μίν
1364 5040 1448 5097 ουν.3.
1458 5042 1567 5114 -τόπῳ
1576 5039 1646 5114 ᾧκαι
1657 5043 1679 5093 ot
1690 5041 1729 5092 tt.
1738 5037 1764 5094 3.

251 5137 272 5192 Ι.
292 5135 350 5194 Tit.
364 5137 392 5190 in
405 5137 470 5192 Vnt.
483 5131 510 5188 3:
523 5133 669 5193 Ὶυοήππου
688 5143 755 5189 κατὰ
773 5139 914 5197 Πλάτωνος.
928 5165 963 5179 -·
1052 5134 1098 5189 111.
1113 5134 1167 5186 Μία
1176 5139 1225 5206 γὰρ
1238 5149 1325 5204 usque
1335 5132 1369 5186 nd
1379 5132 1522 5201 πορεύονται
1532 5149 1588 5186 om.
1597 5128 1626 5186 3.
1635 5161 1671 5174 -
1685 5130 1717 5189 rie
1728 5131 1767 5180 δι·

218 5225 230 5279 ὑ
244 5231 299 5299 erpi
318 5225 441 5296 δαιμόνων
454 5223 537 5296 λόγος.
548 5224 629 5282 Prior·
640 5243 710 5299 ergo
721 5223 810 5281 libelli
824 5242 890 5298 pers
903 5229 964 5280 erat
1016 5221 1072 5286 ξιάν
1083 5222 1110 5279 3.
1118 5229 1201 5276 -καί
1212 5225 1272 5294 ὑπέρ
1283 5225 1334 5276 ene
1344 5223 1384 5295 tp.
1392 5221 1506 5296 ὑιγγιλων
1517 5241 1541 5276 κ.
1549 5241 1569 5276 τ.
1581 5220 1725 5294 ὑμνούμενοι
1736 5217 1763 5274 3.
