4038 6088
224 482 281 547 l88
345 538 347 542 .
826 477 960 546 sancti
982 478 1162 546 edentuli

222 634 318 699 otiose
339 641 371 698 et
391 631 529 700 mendose
550 631 691 719 hymnum
720 631 750 696 in
777 630 971 697 Nativitatem
991 631 1121 710 Domini,
1142 631 1182 697 ad
1208 648 1360 715 vesperas,
1381 648 1468 715 quem
1497 631 1614 713 legesis,
1637 650 1676 698 ne
1696 634 1767 716 qnid

224 739 358 806 omittas:
378 737 534 818 «Christe,
550 738 728 821 Redemptor
742 737 884 816 omnium,
895 754 931 802 en
946 735 1034 803 Patre
1047 736 1153 819 [Patris
1168 741 1191 816 ¹)
1203 739 1296 814 onice,
1308 736 1397 818 solus]
1412 745 1481 803 anm
1490 737 1667 822 principium
1678 734 1767 805 nnt'no

227 845 459 912 »ineffabiliterz
478 856 511 911 tu
530 845 641 926 lumen,
664 854 696 910 tn
717 844 853 928 splendor
873 843 978 925 Patris,
994 853 1026 910 tu
1043 862 1112 928 spes
1132 846 1269 928 perennis
1292 843 1444 924 [omnium
1466 844 1596 924 intendo]
1616 846 1770 929 qnaslun-

227 952 328 1018 odunt
340 971 444 1037 preces
460 953 501 1018 tui
518 954 581 1036 [per
602 951 702 1018 orbem
723 950 849 1032 lamuli].
872 950 1030 1030 Memento,
1053 947 1156 1014 salutis
1177 959 1291 1030 auctor,
1314 948 1391 1033 qnod
1410 950 1503 1016 nostri
1519 952 1688 1034 [quondam]
1705 970 1768 1017 cor·

226 1081 241 1115 ι
253 1058 334 1140 poris
354 1077 390 1124 ex
413 1057 524 1123 illibata
544 1058 666 1140 Virgine
687 1056 845 1135 nascendo,
867 1055 987 1118 formam
1011 1054 1181 1136 sumpseris.
1207 1055 1267 1136 [Sic
1287 1059 1427 1139 presens]
1451 1064 1574 1123 meatur
1594 1057 1675 1138 dies,
1698 1077 1769 1122 our-

227 1184 322 1230 »rens
337 1185 388 1250 per
402 1167 472 1231 anni
494 1165 645 1244 circulum,
667 1165 745 1249 quod
765 1164 846 1228 solus
866 1180 884 1226 a
905 1163 974 1228 sede
998 1163 1114 1266 [Patris
1135 1164 1247 1247 mundi]
1270 1165 1350 1230 salus
1362 1163 1532 1231 adveneris.
1548 1165 1633 1231 lluno
1651 1165 1767 1246 coelum,

194 1313 196 1320 ,
227 1282 343 1351 eterra,
363 1272 442 1338 hunc
461 1291 551 1351 mare,
573 1272 652 1336 hunc
672 1290 758 1336 omne
779 1271 857 1354 quud
879 1270 910 1336 in
931 1271 976 1336 eis
990 1278 1046 1350 est,
1061 1280 1206 1337 auctorem
1227 1274 1372 1339 adrentus
1394 1273 1460 1352 itui,
1481 1272 1617 1354 laudans]
1641 1274 1768 1340 exsultat

226 1381 410 1445 scantiae.»
432 1379 507 1445 Tum
529 1380 607 1446 idern
629 1380 769 1458 tortasse,
790 1378 842 1445 sed
863 1396 928 1444 cunr
952 1379 1037 1444 rubro
1057 1390 1224 1447 atramento
1244 1381 1393 1465 rescripsit
1417 1380 1497 1464 quod
1524 1401 1613 1464 snpra
1635 1380 1766 1464 legerat:

225 1511 239 1547 a
254 1487 311 1552 Hic
332 1488 418 1553 coclea
439 1487 598 1571 odquioituc
629 1495 671 1551 ast
699 1507 750 1570 per
770 1486 858 1550 [lom.
882 1486 1047 1551 desolutum
1067 1487 1195 1552 sibeton
1216 1494 1243 1552 ct
1261 1496 1304 1552 cet
1330 1489 1365 1554 de
1390 1489 1484 1572 primo
1513 1487 1687 1553 muodo.»
1710 1488 1771 1554 Nec

224 1595 319 1681 plura,
340 1596 418 1662 haud
440 1596 545 1664 leviter
565 1596 737 1675 colluctans,
756 1595 869 1662 antudi.
893 1595 1121 1678 Qualiscumque
1142 1595 1260 1660 demum
1281 1596 1322 1659 sit
1342 1594 1391 1660 ille
1412 1595 1502 1661 abhas
1522 1596 1686 1674 anselmus,
1701 1596 1769 1660 iude

226 1701 439 1787 clironomian
460 1721 527 1768 saeo.
550 1703 590 1768 xl
611 1702 740 1768 codicem
760 1701 839 1768 haud
862 1700 942 1783 plura
964 1718 1052 1783 quarn
1073 1719 1152 1764 nunc
1172 1700 1338 1766 retinuisse.

270 1816 297 1873 Α
318 1819 402 1894 tergo
416 1820 514 1876 autem
531 1809 663 1893 ejusdem
686 1809 745 1873 tulit
762 1807 866 1890 incipit
884 1804 1046 1891 epigraphe
1067 1806 1220 1888 insignior,
1235 1826 1287 1891 per
1303 1807 1357 1872 tria
1376 1806 1450 1882 lolia
1465 1827 1630 1887 excurrens,
1643 1827 1710 1874 oum
1724 1807 1771 1874 lit-

231 1918 300 1984 teris
321 1936 388 1984 saec.
411 1918 448 1986 Vl
470 1917 660 2000 capitalibus,
683 1936 756 2001 quas
776 1915 930 1998 sigillatim
950 1914 1072 1979 scrumri
1093 1923 1217 1998 oportet.

837 2092 920 2179 rio}
960 2127 1048 2177 opvs
1084 2126 1169 2178 cvra

838 2246 1059 2298 consonamus
1097 2247 1170 2298 nrvr

835 2367 962 2418 unnvn
982 2366 1169 2418 sonnonem

266 2545 363 2609 Donec
375 2543 493 2609 meliora
507 2541 643 2621 edocear,
659 2540 703 2605 sic
716 2540 869 2605 librarium
888 2558 905 2605 a
923 2541 1050 2606 tenebris
1064 2543 1235 2624 proiectum,
1247 2543 1367 2627 jamque
1382 2547 1411 2608 in
1427 2544 1520 2628 primo
1535 2527 1630 2629 gradu
1644 2545 1770 2630 lapsum,

227 2652 351 2718 eruendo
371 2661 403 2717 et
422 2652 504 2731 lego:

266 2757 374 2840 incipit
392 2776 476 2841 opus,
497 2758 527 2822 iu
546 2775 602 2839 puo
622 2759 782 2839 oooompto
803 2754 968 2820 diuinorum
991 2759 1117 2838 [rerum]
1139 2757 1266 2822 acuatu.

603 2946 825 3000 nvcnnnrr
848 2928 908 3019 (iffi
924 2962 1010 3020 supra
1028 2946 1143 3011 tineam)
1167 2947 1291 2998 aanor
1322 2946 1388 3000 1115

266 3108 341 3186 Quae
360 3126 427 3172 mox
449 3107 512 3173 luse
532 3105 771 3190 explicabuntur:
794 3115 901 3172 catera
922 3125 988 3191 qum
1007 3115 1170 3191 sequuntur
1191 3106 1230 3170 ab
1251 3114 1317 3173 octo
1328 3107 1389 3190 jam
1410 3107 1524 3173 seculis
1545 3127 1563 3173 e
1582 3109 1683 3179 codice
1697 3110 1774 3177 enci·

230 3216 310 3284 disse
330 3217 504 3300 dolendum;
528 3218 607 3283 unde
626 3216 790 3300 antiquitus
811 3216 891 3283 luere
912 3215 1058 3308 continuis
1078 3226 1109 3281 et
1129 3215 1300 3283 cancellatis
1320 3215 1480 3283 uanslossa
1501 3216 1597 3282 lineis.

783 3423 892 3473 Ltssmtt
938 3383 990 3473 SE!
1034 3423 1218 3474 AVGVSTlNl

785 3542 852 3599 QVI
887 3542 1023 3592 onmem
1057 3541 1221 3594 INGHIRI

784 3663 889 3714 DION
918 3662 1221 3714 APPELLATVR

267 3824 304 3890 D.
320 3822 475 3906 Augustini
490 3821 673 3886 Eociiridiou
696 3820 738 3885 llo
752 3820 817 3902 fide,
833 3839 884 3904 ope
903 3825 931 3885 et
951 3821 1090 3886 claritate
1111 3823 1209 3888 tritum
1223 3831 1279 3903 est,
1291 3833 1381 3907 atque
1401 3825 1501 3892 ubiuis
1514 3824 1679 3908 vulgatum,
1693 3826 1771 3908 opud

227 3929 379 3999 maurinos
400 3940 422 3997 t.
446 3930 487 3996 lll
509 3950 538 4013 p.
562 3928 632 3994 231.

782 4073 1055 4126 nrsevnnnro
1086 4075 1221 4126 enarr

784 4208 940 4261 coenent
980 4174 1040 4260 ιιίἷι
1079 4209 1220 4263 conano
1317 4160 1319 4164 ⁵

782 4303 1221 4398 nanturra-nemone

785 4477 926 4527 urnam

265 4641 407 4720 Cerealis,
422 4649 578 4726 episcopus
593 4643 785 4710 castellensis
807 4645 835 4710 in
857 4645 1048 4727 Mauritania,
1071 4647 1188 4730 scripsit
1207 4655 1259 4711 ant
1274 4665 1310 4712 ex
1327 4655 1456 4729 tempore
1470 4643 1609 4722 dictavit,
1625 4643 1703 4708 circa
1724 4661 1777 4707 an-

230 4765 300 4812 num
328 4747 396 4826 l'ld,
421 4746 552 4813 libellum
574 4749 604 4814 in
625 4751 838 4817 concertatione
863 4751 1042 4835 Carthagine
1062 4751 1173 4830 habita,
1192 4753 1230 4818 ad
1251 4752 1488 4838 respondendum
1503 4749 1693 4833 interroganti
1714 4749 1779 4815 Ma·

230 4854 349 4934 nimine,
364 4855 501 4939 episcopo
518 4856 638 4936 Ariane,
653 4858 718 4924 sire
739 4858 948 4939 driomdot'toc,
972 4869 1006 4924 ut
1021 4869 1099 4925 reete
1113 4858 1160 4924 hic
1180 4867 1298 4925 notatur
1312 4863 1347 4936 ²).
1371 4857 1452 4922 ldem
1466 4856 1586 4922 videtur
1600 4853 1727 4924 Gereatis
1742 4872 1777 4918 ac

268 5049 289 5107 ¹)
309 5042 420 5098 lnclura
438 5043 617 5116 supplentur,
636 5046 683 5101 ubl
700 5045 782 5116 plura
800 5048 888 5102 aciem
907 5064 974 5102 ocu·
1028 5063 1152 5118 scopum,
1166 5051 1194 5101 el
1210 5062 1272 5118 cap.
1287 5063 1339 5102 xx:
1356 5047 1533 5102 Macima'nua
1550 5046 1694 5110 Artemita,
1705 5041 1778 5097 unde

229 5131 319 5188 lorum
334 5133 455 5204 lugiunt.
469 5161 503 5175 -
518 5139 540 5200 ⁹)
556 5135 680 5190 Emende
693 5153 760 5206 ergo
773 5136 803 5190 in
815 5136 867 5190 hoc
879 5135 976 5192 libello
1030 5137 1096 5191 alrbi
1115 5142 1208 5209 pejus,
1221 5136 1265 5192 rel
1278 5135 1351 5208 apud
1363 5137 1531 5192 Fabricium:
1548 5137 1778 5192 Ammonitarem

229 5220 344 5293 vulgato
355 5225 440 5294 capul
450 5239 470 5289 r,
483 5223 554 5294 qnod
568 5223 651 5278 habet
662 5225 909 5281 Artemantrarum
920 5228 976 5298 epi-
1031 5229 1186 5296 episcopos.
