4038 6088
848 505 888 574 tn
909 505 1079 574 Psannos
1681 511 1737 579 173

193 663 309 754 λόγοις,
335 655 375 725 ὧν
400 665 455 726 ούκ
472 659 638 724 ἀκούονται
661 659 775 750 φωναί,
800 659 869 724 ἀλλ’
895 665 936 736 εἰς
991 675 1049 722 που
1065 658 1232 738 audiuntur,
1247 657 1298 724 reri
1310 659 1338 724 ιἰι
1353 675 1462 723 omnam
1476 665 1583 724 tenum
1596 660 1738 726 euicitco·

191 777 294 834 πᾶσαν
318 766 377 840 τὴν
401 777 462 858 γῆν
479 758 606 843 ἐξῆλθεν
630 761 717 854 ἦχος.
728 764 766 830 Ἢ
782 765 867 831 κατὰ
882 766 936 830 τὸν
991 780 1055 825 out.
1072 759 1125 828 Vel
1134 763 1219 845 Juxta
1230 761 1382 844 Aquilam:
1397 760 1678 847 Ilcpalocotatmeti‚
1691 785 1739 830 tte·

201 871 335 937 Ακίλαν·
354 874 392 936 ‘0
415 869 516 936 κανὼν
540 875 653 947 αὐτῶν,
677 863 748 936 οῦδὲ
763 869 823 963 γάρ
842 871 936 963 λύγον
992 887 1044 952 poc
1057 872 1304 951 arimannorum,
1317 890 1507 954 σεφιιουσοαιι
1517 873 1626 935 emitto.
1643 873 1740 956 Regu·

191 969 262 1043 οῦδὲ
284 977 387 1067 φωνὴν
420 981 565 1067 αφιεῖται·
590 977 650 1042 Tor
674 977 791 1043 κανόνα
820 969 854 1042 tt
883 977 938 1041 καὶ
992 973 1049 1039 lam
1063 984 1159 1042 autem
1173 985 1204 1042 et
1217 977 1366 1061 proprium
1376 977 1511 1042 ordinem
1523 979 1734 1060 expandentes,

192 1084 251 1158 τὴν
275 1085 391 1149 οἰκείαν
408 1077 497 1162 τάξιν
513 1074 742 1163 ύποδεικνῦσαι,
758 1095 860 1150 πᾶσαν
876 1096 937 1176 γῆν
991 1088 1155 1145 convocant
1172 1082 1342 1146 universam
1361 1090 1468 1148 terram
1479 1090 1509 1147 et
1520 1099 1600 1149 mare
1610 1083 1648 1150 ad
1663 1085 1739 1150 diri-

192 1190 246 1256 καί
259 1189 421 1255 θάλατταν
435 1193 476 1266 είς
489 1188 548 1262 τὴν
562 1187 645 1254 θείαν
658 1181 812 1278 ὑμνῳδίαν
825 1195 939 1255 καλοῦ·
991 1201 1061 1248 nam
1081 1184 1280 1272 hymnodiam.
1298 1223 1336 1234 -
1350 1187 1426 1250 Dice
1439 1195 1539 1253 aulem
1553 1189 1738 1254 resurrectio·

192 1320 248 1361 σιν.
265 1335 303 1346 -
323 1287 483 1386 Ἡμίραδέ
495 1307 553 1370 τῆς
567 1296 765 1373 ἀναστάσεως
781 1307 822 1382 τῇ
836 1297 938 1386 ἡμέρᾳ
991 1292 1039 1355 nis
1059 1291 1116 1357 diei
1133 1295 1229 1360 crucis
1249 1299 1358 1359 crocini
1375 1294 1425 1359 ltoc
1445 1294 1569 1374 calum,
1592 1298 1738 1378 quomodo

192 1409 247 1465 τοῦ
264 1409 396 1491 σταυροῦ
412 1400 572 1492 ἐρεύγεται
590 1404 683 1491 ρημα,
699 1411 764 1478 πῶς
780 1406 796 1465 d
814 1405 844 1466 ἐν
862 1403 939 1467 έκεί-
992 1415 1097 1480 nempe
1110 1399 1140 1465 in
1153 1401 1210 1466 hoo
1228 1400 1276 1466 die
1289 1402 1314 1465 is
1328 1401 1377 1484 qui
1392 1401 1471 1466 cruci
1485 1400 1590 1468 affixus
1605 1412 1663 1482 est,
1678 1405 1741 1470 ibi-

192 1530 229 1594 νῃ
255 1505 457 1597 οταυρωθείς,
481 1505 615 1571 ἐνταῦθα
645 1513 685 1584 ὡς
708 1509 785 1585 Θεὸς
809 1509 936 1586 ἀνέστη,
991 1502 1106 1570 demut
1124 1506 1203 1571 Deus
1222 1506 1390 1586 surrexerit,
1412 1507 1741 1592 excitareritquemor-

1 1611 2 1658 ἶ
98 1699 102 1706 η
192 1614 333 1691 καὶτοὺς
349 1613 471 1705 νεκρούς
496 1613 674 1687 ἀνέστησεν.
692 1616 753 1680 Καί
772 1610 826 1694 νύξ
841 1622 861 1691 ἡ
879 1617 937 1705 πρὸ
992 1619 1068 1676 tuos.
1081 1612 1123 1676 m
1134 1633 1194 1678 αοιι
1206 1632 1274 1697 (μιαν
1286 1623 1356 1680 ante
1375 1632 1491 1680 crucem
1505 1615 1580 1681 iactu
1596 1627 1653 1697 est,
1665 1620 1744 1683 nocti

193 1732 249 1787 τοῦ
273 1730 406 1810 σταυροῦ
434 1721 585 1813 γενομένη
618 1733 659 1808 τῇ
689 1723 778 1788 νυκτί
800 1734 857 1800 τῆς
882 1733 938 1788 τοῦ
992 1717 1025 1783 in
1051 1738 1110 1802 qua
1137 1720 1271 1787 Christus
1298 1722 1424 1788 cuditur
1451 1733 1513 1804 esi,
1536 1724 1643 1789 odeat
1666 1726 1742 1790 hane

195 1835 329 1920 Χριστοῦ
352 1819 553 1918 παραδόσεως
576 1828 727 1901 τοιαύτην
751 1831 940 1922 ἀναγγέλλει
991 1827 1159 1906 tedenderit,
1182 1827 1327 1910 quomodo
1356 1827 1386 1894 in
1415 1829 1469 1894 hac
1496 1828 1560 1914 ipsa
1593 1832 1742 1898 tremuerit

195 1943 318 2026 γνῶσιν,
331 1944 395 2012 πῶς
411 1939 442 2000 ὲν
466 1938 566 2022 ἐκείνῃ
591 1927 712 2000 δειλιῶν
736 1938 789 2002 καί
811 1961 942 2028 προσευ-
993 1933 1177 2014 etorurerit,
1200 1945 1302 2018 postca
1323 1953 1395 2000 vero
1416 1955 1506 2018 quum
1528 1938 1653 2005 traditus
1674 1939 1739 2021 fuit,

194 2041 335 2130 χύμενος,
352 2043 480 2132 ὕστερον
499 2034 532 2107 δέ
548 2041 600 2106 καί
615 2034 809 2132 παραδοθείς,
821 2047 853 2109 ὲν
866 2043 942 2108 ταύ-
993 2040 1202 2107 elementomm
1215 2043 1380 2109 dominator
1394 2045 1532 2127 patuerit,
1549 2064 1692 2129 eousque
1708 2055 1742 2113 ut

196 2169 237 2232 τῃ
252 2155 315 2210 τῶν
328 2147 491 2236 στοιχείων
505 2139 672 2223 δεσπότης,
682 2149 765 2213 ὥστε
777 2147 832 2212 καί
843 2148 941 2213 νύκτα
995 2158 1110 2215 noctem
1130 2149 1162 2214 in
1182 2150 1409 2218 modiamdiem
1430 2151 1590 2218 induceret.

196 2251 335 2318 κατὰτὸ
352 2251 446 2341 μίσον
462 2257 590 2345 έπαγεϊν
610 2264 669 2331 τῆς
685 2253 812 2344 ἡμέρας,
830 2246 943 2319 ἀποδέ-

202 2348 333 2423 δεικται.

239 2482 269 2529 v.
293 2465 322 2527 6.
345 2465 396 2530 Ἐν
412 2475 459 2548 τῷ
474 2468 554 2551 ἡλίῳ
571 2465 660 2533 ίύετο
672 2468 709 2532 τὸ
724 2467 875 2554 σκήνωμα
888 2470 943 2530 αύ-
1036 2488 1068 2533 v.
1093 2469 1122 2534 o.
1144 2469 1182 2533 In
1195 2469 1255 2534 cole
1266 2472 1363 2554 potuit
1379 2470 1590 2536 ίαύαηαοιιίιιαι
1608 2490 1702 2550 coum,
1718 2479 1746 2534 ct

194 2581 269 2649 τοῦ,
294 2571 348 2637 καί
370 2573 463 2650 αύτδς
485 2579 526 2650 ὡς
548 2575 675 2664 νυμφίος
703 2573 942 2662 ἐκπορευόμενος
996 2575 1057 2657 t'pco
1078 2580 1215 2658 tanquam
1241 2594 1364 2657 sponsos
1387 2576 1539 2658 procedens
1559 2575 1593 2640 dc
1617 2575 1744 2642 tlalamo

196 2681 231 2744 ἐκ
256 2689 379 2745 παστοῦ
404 2685 510 2758 αὑτοῦ,
536 2681 767 2773 ἀγαλλιάσεται
790 2687 830 2758 ὡς
853 2683 944 2773 γίγας
996 2699 1066 2759 otto,
1089 2682 1245 2745 occultavit
1263 2688 1297 2744 ιιί
1313 2682 1397 2764 pipoc
1416 2679 1457 2745 od
1480 2681 1650 2746 comendam
1670 2683 1745 2746 cioca

196 2776 325 2876 δραμεῖν
350 2777 420 2853 ὁδὸν
442 2791 544 2852 αὐτοῦ.
996 2801 1090 2849 auom.

240 2891 434 2959 Ἀθανασίου.
457 2893 582 2958 Παοτὸν
605 2893 665 2967 τὴν
692 2893 847 2986 Παρθένον
870 2893 945 2959 ἑκά·
1039 2895 1207 2956 Αεινιαιειι.
1222 2893 1394 2957 Thalamum
1411 2893 1562 2976 Virginem
1575 2896 1746 2960 vocaritex

195 3003 295 3076 λεσεν,
312 2993 345 3077 ἐξ
365 2995 401 3076 ἧς
424 3004 440 3064 ὁ
464 3001 592 3089 νυμφίος
617 3001 745 3091 Χριστὸς
769 2999 942 3089 ἐπορεύετο,
998 3015 1057 3082 qua
1083 3017 1208 3081 sponsus
1229 2999 1364 3065 Christus
1385 3000 1540 3083 processit,
1564 3018 1747 3085 quacumque

195 3104 311 3182 παντὸς
329 3105 423 3195 ῥύπου
439 3104 581 3196 καθαρὸς,
599 3107 660 3171 ἀπὸ
675 3105 812 3195 καθαρᾶς
823 3103 946 3170 παστά-
998 3101 1066 3169 labe
1076 3123 1176 3186 purus,
1189 3123 1224 3170 ex
1239 3123 1313 3188 puro
1325 3105 1453 3171 thalamo
1463 3107 1574 3172 exiens.
1587 3105 1747 3172 Thalamus

196 3201 247 3286 δος
270 3212 506 3303 προερχόμενος.
529 3211 656 3287 Παστάς
681 3203 715 3276 δέ
734 3221 789 3275 τοῦ
813 3218 945 3300 Χριστοῦ
999 3220 1098 3275 autem
1119 3210 1225 3276 christi
1247 3228 1330 3276 sacra
1351 3213 1439 3295 Virgo
1454 3222 1511 3292 est,
1526 3211 1665 3296 quoniam
1684 3213 1747 3278 slno

196 3323 215 3390 ἡ
242 3319 317 3410 ἁγία
339 3317 501 3408 Παρθένος,
522 3310 628 3391 ἐπειδὴ
655 3317 748 3408 χωρίς
765 3308 872 3407 ἀνδρὸς
894 3341 946 3382 τε·

199 3432 307 3500 κοῦσα,
325 3425 454 3514 νυμφίον
471 3425 561 3514 ἔσχεν
579 3425 706 3501 είκύτως
722 3425 776 3489 τὸν
800 3423 947 3511 τικτόμε-

198 3555 249 3597 νον
274 3533 378 3611 αύτδν,
397 3533 519 3624 ἀοράτῳ
536 3526 665 3622 δυνάμει
681 3533 736 3598 τὸν
752 3532 846 3597 τόκον
862 3537 946 3621 ἐνερ-

197 3639 353 3731 γήσαντα.
370 3643 521 3734 -Γίγας
538 3641 742 3732 ἑρμηνεύεται
761 3642 945 3719 ἐπιπίπτων,

196 3741 394 3837 λαμύάνεται
418 3741 452 3815 δέ
476 3755 518 3826 εἰς
541 3750 596 3816 σύν
620 3749 740 3840 Κύριον·
771 3749 863 3825 αὐτὸς
886 3749 946 3841 γάρ

197 3855 418 3946 ἠγαλλιάσατο
441 3857 526 3922 κατά
547 3859 602 3923 τδν
626 3859 730 3948 καιρὸν
747 3868 806 3932 τῆς
831 3862 947 3922 οἰκονο-

199 3961 281 4048 μίας,
298 3961 357 4034 τὴν
373 3963 530 4053 ἡμετέραν
554 3965 710 4054 σωτηρίαν
727 3963 947 4054 πραγματευό-

198 4073 306 4155 μενος,
331 4068 386 4132 καί
412 4068 544 4133 ἐπέπεσε
570 4078 639 4144 ταῖς
667 4060 858 4157 δαιμονικαῒς
886 4069 946 4160 φοί-

197 4167 301 4266 λαγξι,
324 4176 529 4267 καταργήσας
553 4179 655 4239 αὐτῶν
686 4174 754 4239 καθ’
779 4182 868 4264 ἡμῶν
893 4169 947 4242 δυ-

197 4281 355 4344 ναστείαν.
370 4272 459 4346 ‘oliv
477 4273 510 4346 δὲ
522 4281 581 4355 τὴν
599 4291 656 4346 τοῦ
672 4283 783 4372 Κυρίου
799 4281 948 4372 ἑνανθφώ-

200 4411 297 4461 πησιν
314 4387 437 4464 νύησον,
455 4392 485 4453 ἐν
502 4397 521 4475 ᾐ
539 4388 680 4479 καθάπερ
704 4389 794 4481 γίγας
819 4380 871 4454 διὰ
886 4388 945 4462 τὴν

206 4494 294 4584 ίσχύν
306 4494 366 4567 τὴν
383 4499 414 4559 έν
430 4504 475 4578 τῷ
494 4506 616 4584 σταυρῷ
628 4496 682 4560 καί
693 4506 738 4579 τῷ
755 4495 879 4579 θανάτῳ
894 4520 949 4561 πε-

203 4601 386 4693 πραγμένην
406 4601 642 4692 ἀγαλλιώμενοι
666 4604 803 4693 ἔτρεχεν.
820 4603 948 4694 Ἀρτίως

200 4706 422 4798 ἠγαλλιάσατο
446 4709 477 4773 ἒν
492 4717 538 4790 τῷ
556 4711 729 4801 εὐαγγελίῳ
747 4701 798 4776 διὰ
821 4709 880 4783 τὴν
898 4711 949 4774 εύ-

202 4837 281 4903 ρεσιν
305 4825 360 4880 τοῦ
384 4816 449 4892 ἑνὸς
463 4810 633 4905 προύάτου.
650 4819 744 4882 Είοισε
760 4816 820 4909 γάρ
843 4816 885 4882 τὰ
899 4821 948 4882 έν-

235 5063 262 5099 v.
282 5044 310 5101 6.
330 5047 394 5102 Vnt.
418 5044 459 5102 ld.
480 5045 558 5100 Haud
573 5045 657 5101 semel
677 5048 705 5101 in
726 5045 839 5119 vulgato
859 5048 948 5103 Atha·

201 5135 280 5188 nasio
292 5133 446 5205 allegorica
459 5135 486 5188 id
500 5152 589 5206 genua
602 5142 761 5192 occurrunt.
776 5137 867 5191 Etiam
885 5142 948 5208 ety-

999 3316 1065 3380 niro
1085 3325 1348 3399 mater‚,congrue
1368 3335 1507 3399 sponsum
1527 3318 1632 3384 habuit
1652 3320 1747 3403 ipsum

1000 3422 1142 3504 genitum,
1158 3423 1210 3506 qui
1226 3424 1335 3488 virtute
1353 3422 1495 3488 invisibili
1510 3433 1626 3507 partum
1640 3425 1745 3492 effecit.

1000 3564 1040 3575 -
1061 3527 1211 3610 Gipcutem
1230 3528 1460 3610 interpretantur
1473 3511 1524 3613 φυιΙ
1535 3531 1629 3594 irruit.
1652 3531 1749 3596 lutei-

1000 3635 1102 3718 ligitur
1122 3645 1220 3701 autem
1240 3635 1277 3701 de
1297 3635 1437 3701 Domino:
1462 3636 1524 3720 ipse
1544 3637 1624 3702 enim
1644 3638 1748 3703 exsui-

1002 3744 1080 3809 tarit
1094 3742 1268 3828 intempore
1282 3744 1504 3827 redemptionis,
1519 3764 1609 3828 quum
1623 3746 1747 3812 salutem

1000 3863 1131 3919 nostram
1152 3861 1300 3934 operatus,
1320 3852 1404 3918 irruit
1426 3854 1457 3918 in
1478 3852 1638 3918 diabolicas
1653 3863 1749 3919 euter-

1000 3975 1066 4037 van,
1094 3958 1270 4024 subvertens
1295 3977 1396 4024 earum
1417 3979 1506 4043 super
1532 3980 1585 4025 nos
1610 3963 1749 4043 tyranni-

1001 4064 1077 4129 dem.
1099 4064 1182 4131 Viam
1194 4065 1326 4148 intellige
1346 4066 1383 4131 de
1397 4067 1512 4132 Domini
1532 4067 1745 4148 internetione,

1002 4169 1032 4232 in
1052 4187 1110 4252 qua
1131 4169 1207 4233 siout
1221 4168 1315 4252 gigas,
1330 4188 1381 4251 per
1397 4171 1595 4236 fortitudinem
1608 4189 1696 4254 quam
1717 4172 1748 4236 in

1001 4293 1086 4341 cruce
1106 4284 1137 4342 et
1152 4275 1425 4358 innormarunt,
1441 4276 1592 4342 exsultans
1606 4277 1746 4342 cucurrit.

1001 4380 1094 4448 Plane
1114 4382 1277 4448 exsultarit
1293 4382 1323 4447 in
1336 4382 1493 4462 euangelio
1506 4383 1543 4448 ob
1558 4400 1646 4448 unam
1663 4402 1749 4450 ovem

1002 4502 1158 4575 repertam.
1188 4491 1320 4574 Reliquit
1346 4492 1424 4557 enim
1451 4493 1613 4574 nonaginta
1640 4509 1748 4556 novem

1002 4599 1068 4663 iiius
1079 4617 1146 4683 quae
1159 4616 1217 4664 nun
1232 4607 1414 4679 erraverant,
1432 4598 1461 4663 id
1474 4608 1521 4663 est
1531 4597 1682 4680 angelicas
1697 4615 1750 4680 po-

1003 4713 1134 4785 testaten,
1158 4705 1189 4769 in
1209 4705 1376 4783 montibus,
1396 4704 1534 4769 nimirum
1553 4703 1585 4768 in
1606 4703 1698 4782 coelin,
1719 4712 1750 4769 et

1002 4809 1059 4876 init
1077 4811 1117 4876 ad
1140 4828 1293 4877 erroneam
1320 4830 1426 4894 ovem,
1447 4828 1573 4895 eumque
1594 4811 1751 4877 inveniens

1004 5064 1067 5102 mon
1086 5048 1230 5118 singulare
1249 5050 1291 5100 τοῦ
1309 5048 1426 5119 γίγαντος
1440 5045 1546 5118 legitur
1557 5047 1631 5100 inter
1651 5043 1749 5100 Philo·

1003 5138 1087 5191 niano
1104 5137 1285 5193 onomnatiea.
