3976 6078
501 701 919 848 SANCTUS
976 715 1330 852 mantuo

690 1025 1140 1135 onuunusrs

864 1317 962 1330 ...ι-ο

184 1788 265 1852 Alius
286 1797 316 1852 et
334 1785 488 1870 multiplex
511 1786 590 1852 locus
611 1787 679 1869 erit,
701 1788 767 1853 siue
788 1788 818 1852 iu
840 1787 926 1871 hujus
948 1786 1017 1851 tomi
1040 1785 1254 1868 prolegomenis
1275 1797 1305 1854 et
1326 1789 1549 1871 appendicibus,
1569 1789 1635 1855 sive
1656 1790 1688 1854 in

144 1887 286 1970 prooemiu
308 1887 537 1968 fragmentorum
559 1885 755 1966 orientalium,
773 1887 835 1951 luse
848 1895 877 1951 et
892 1885 1004 1949 allatim
1018 1884 1182 1951 disserendi
1199 1887 1235 1952 de
1250 1887 1343 1951 sancti
1367 1888 1515 1953 llclitouis
1535 1888 1685 1970 operibus,

143 2005 268 2068 quorum
290 1985 429 2050 nonnulla
451 1986 581 2050 nondum
601 1983 726 2068 primam
747 1984 776 2048 iu
798 1985 891 2049 lucem
906 1994 1062 2048 uenerunt.
1079 1987 1122 2048 dc
1136 1983 1261 2066 primum
1282 2004 1364 2067 spcm
1387 1986 1508 2050 lortasse
1529 2005 1644 2051 onlnem
1658 1995 1689 2051 et

146 2083 377 2167 expectationem
392 2091 520 2166 superat,
534 2101 652 2148 manere
665 2081 703 2147 ad
718 2081 796 2147 hunc
810 2101 903 2164 usque
917 2081 993 2146 diem
1008 2101 1215 2165 norum'opus,
1231 2093 1332 2168 aperto
1347 2083 1535 2150 Sardensium
1556 2085 1687 2168 episcopi

146 2181 268 2245 nomine
290 2199 306 2245 a
329 2180 425 2246 iroule
446 2180 636 2263 insculptum,
660 2189 690 2245 et
711 2198 748 2244 ex
769 2181 805 2244 iis
826 2200 893 2264 quae
907 2181 1070 2246 certissima
1086 2192 1172 2262 suut;
1197 2182 1339 2249 recensita
1355 2183 1491 2247 nimiruur
1516 2185 1544 2247 iu
1567 2185 1688 2249 classico

144 2279 196 2344 illo
220 2278 337 2344 Eusebii
359 2277 505 2360 catalogo,
528 2297 614 2361 quem
636 2276 747 2343 dudum
761 2297 814 2343 uos
829 2297 935 2360 graece,
951 2279 1068 2362 syriace
1081 2289 1112 2343 et
1125 2279 1217 2345 latine
1229 2280 1375 2346 edendum
1391 2281 1577 2362 curarimus;
1602 2283 1689 2366 idque

142 2395 218 2460 opus
237 2397 295 2441 uon
315 2377 406 2442 latere
430 2376 460 2442 in
480 2376 605 2442 obscuro
626 2377 746 2458 angulo,
767 2376 818 2442 sed
839 2376 960 2442 obuium
981 2395 1045 2442 csse
1066 2377 1217 2459 omnibus,
1242 2379 1273 2441 iu
1296 2378 1402 2460 pluteis
1424 2378 1584 2459 Vaticanis,
1612 2380 1689 2444 inter

142 2477 353 2544 Columuenses
373 2476 484 2554 libros,
497 2493 571 2557 quos
591 2484 659 2558 post
681 2483 724 2539 tot
743 2475 818 2538 alios
839 2475 1044 2540 anecdotorum
1064 2469 1232 2557 venatores,
1249 2476 1429 2559 diligentiori
1444 2497 1513 2542 cura
1535 2477 1684 2556 lustravit,

142 2585 174 2641 et
194 2575 246 2639 diu
266 2583 412 2657 noctuque
431 2573 566 2639 uersauit
586 2571 745 2637 acerrimus
763 2571 870 2650 llaius,
886 2574 957 2657 quin
973 2584 1082 2653 tamen,
1098 2575 1148 2642 vel
1170 2575 1201 2640 iu
1221 2575 1346 2658 copiosis
1359 2577 1422 2660 ejus
1443 2575 1559 2642 schedis
1579 2595 1689 2662 super-

142 2674 274 2748 stitibus,
295 2673 409 2738 nullum
431 2672 508 2754 quod
529 2671 632 2752 sciam,
654 2672 818 2752 uestigium
838 2671 1026 2737 subodoratae
1045 2692 1142 2755 operae
1162 2673 1292 2756 liquerit.

183 2774 262 2839 Saue
278 2773 340 2856 jam
360 2772 468 2853 uiginti
490 2770 560 2834 anui
582 2778 659 2844 suut,
681 2789 771 2853 quum
793 2790 894 2837 roccus
913 2773 944 2835 iu
965 2773 1068 2837 urbem
1090 2770 1245 2851 advectus,
1268 2771 1337 2836 licet
1350 2770 1388 2835 ad
1409 2771 1466 2836 alia
1481 2781 1575 2852 totus,
1593 2774 1687 2838 mira-

142 2871 260 2938 bundus
280 2871 388 2938 offendi
411 2872 442 2935 iu
463 2869 528 2935 cod.
551 2868 684 2936 Vaticau.
702 2870 791 2948 ilbi,
810 2869 829 2932 l.
851 2869 922 2947 a38,
944 2871 995 2935 ubi
1011 2868 1120 2934 diserte
1138 2868 1290 2950 legebam:
1314 2870 1492 2947 Μελήτονος
1516 2873 1685 2938 ἐπισκόπου

143 2965 286 3064 Στιρδέων
310 2973 380 3066 περὶ
402 2979 544 3064 λουτροῦ.
570 2969 655 3050 Quod
677 2981 768 3036 totum
791 2989 850 3034 uuo
871 2968 975 3033 calami
998 2976 1095 3034 tractu
1110 2965 1262 3048 descripsi,
1283 2968 1399 3030 conscio
1423 2977 1536 3031 tautum
1557 2968 1686 3051 ejusdem

142 3082 215 3137 tuuc
235 3071 323 3136 studii
346 3073 436 3152 socio,
460 3073 597 3138 dnselmo
617 3069 726 3136 Niclres
747 3069 782 3134 0.
807 3069 837 3132 S.
860 3067 894 3131 ll.
918 3085 1004 3150 quem
1031 3065 1124 3131 dulcis
1147 3067 1293 3131 memoria
1314 3068 1410 3150 gratia
1435 3069 1560 3151 appello.
1585 3067 1688 3134 Nullus
1810 3055 1816 3070 ’

141 3168 249 3233 exinde
269 3168 426 3248 dubitari,
449 3171 520 3250 quin
541 3169 657 3235 schedis
678 3167 751 3233 meis
778 3176 908 3232 tenerem
929 3166 1025 3249 ipsum
1045 3165 1187 3244 libellum,
1208 3185 1294 3250 quem
1316 3166 1428 3231 decimo
1452 3167 1484 3231 iu
1507 3167 1571 3232 loco
1592 3170 1690 3251 posuit

141 3266 303 3332 Eusebius:
329 3270 390 3334 Kal
413 3275 429 3333 ὁ
453 3271 523 3361 rrcpl
545 3275 688 3362 λουτροῦ,
712 3266 907 3350 Hieronymus
928 3275 1027 3331 autem
1048 3284 1115 3328 curn
1137 3266 1220 3348 Syris
1242 3266 1272 3330 iu
1293 3265 1355 3331 loco
1376 3264 1433 3329 tlt:
1456 3265 1500 3330 Dc
1521 3267 1689 3351 baptismate

142 3365 245 3429 liborum
265 3385 363 3430 ouum.

183 3465 262 3530 Saue
284 3464 586 3532 Cluuibleliloniauae
607 3481 715 3530 nouam
736 3462 881 3528 inlunem
908 3462 1029 3527 edendae
1057 3463 1230 3545 prooemium
1256 3464 1309 3531 uix
1337 3467 1497 3550 potuissem
1523 3467 1690 3550 excogitare

140 3567 241 3647 aptius
261 3573 291 3630 et
311 3563 473 3630 honestius.
496 3565 554 3630 Cur
574 3574 672 3629 autem
691 3563 812 3646 jubear,
834 3562 883 3628 uel
904 3562 980 3627 inter
1000 3563 1142 3628 Analecta
1164 3565 1267 3630 iterum
1290 3567 1384 3632 lacere
1411 3567 1502 3634 locum
1523 3568 1618 3651 spisso
1646 3567 1688 3631 illi

139 3664 237 3747 operi,
259 3665 338 3747 quod
356 3665 416 3748 jam
439 3665 498 3730 lere
518 3665 592 3729 duos
615 3663 762 3748 Spicilapir'
783 3662 840 3727 mel
862 3672 955 3726 tomos
976 3661 1122 3745 implerit,
1145 3662 1218 3726 satis
1239 3662 1308 3726 alibi
1327 3673 1359 3729 et
1373 3665 1508 3747 superius
1529 3665 1601 3729 dixi.
1625 3665 1689 3729 Uno

140 3764 236 3828 uerbo
256 3765 375 3830 nouerit
402 3765 549 3845 benignus
569 3764 677 3840 lector,
698 3762 955 3826 Claromoutauum
976 3760 1077 3826 Clanis
1102 3761 1250 3842 codicem,
1273 3782 1358 3846 quem
1387 3783 1440 3846 per
1467 3764 1574 3846 viginti
1596 3782 1688 3828 anuos

142 3862 251 3927 trustra
266 3861 298 3926 iu
312 3861 502 3926 bibliothecis
517 3861 690 3941 Galliarum,
706 3859 831 3941 dugllac,
844 3859 996 3942 utriusque
1010 3859 1101 3941 belgii
1116 3870 1146 3925 et
1160 3861 1217 3924 alio
1232 3861 1441 3945 persequebar,
1455 3863 1555 3926 ltomae
1569 3863 1688 3928 tandem

140 3962 293 4028 iuvenisse
314 3978 370 4040 me,
392 3960 556 4042 collatoque
577 3978 642 4023 cum
664 3957 776 4023 cacteris
797 3967 915 4024 uetusto
937 3957 988 4023 illo
1009 3959 1184 4042 exemplari,
1208 3961 1239 4024 in
1260 3961 1310 4025 illo
1331 3961 1473 4044 reperisse
1494 3980 1541 4026 me
1561 3959 1689 4044 effigiem

141 4057 314 4145 primigenii
336 4056 502 4139 archetypi,
519 4056 598 4140 quod
618 4054 707 4120 dubio
722 4055 821 4139 procul
836 4073 853 4119 a
869 4057 948 4122 sonte
962 4073 1058 4138 graeco
1073 4056 1238 4122 derivabat.
1255 4057 1403 4123 Hactenus
1418 4059 1500 4124 baec.
1523 4059 1688 4125 llelitouem

142 4161 239 4244 ipsum
261 4167 292 4224 et
311 4175 440 4240 graecum
458 4156 519 4238 jam
540 4156 629 4222 lector
649 4155 787 4239 excipiat.

460 4438 753 4505 ΜΕΑΙΤΩΝΟΣ
775 4438 796 4527 ¹)
829 4440 1122 4504 ΕΠΙΣΚΟΠΟΥ
1153 4441 1379 4503 subaudit

781 4544 864 4634 περὶ
887 4549 1052 4636 λουτροῦ.

514 4725 683 4808 Meliiouio,
699 4725 836 4807 episcopi
850 4723 1069 4804 sardensium,
1086 4718 1124 4782 oie
1140 4717 1317 4802 Baptismo.

193 4945 286 5015 Ποτος
305 4929 338 5002 δὲ
354 4936 476 5027 χρυσὸς,
492 4935 511 5010 ll
538 4935 676 5028 ἄργυρος,
692 4935 711 5010 ἢ
730 4933 848 5024 χαλκὸς
862 4935 894 5016 ⁹),
988 4932 1054 4996 lam
1066 4930 1153 5015 quale
1166 4947 1280 5008 aurum,
1288 4928 1337 4995 rel
1348 4905 1570 5010 argentumvel
1581 4943 1632 5004 aas,
1644 4923 1692 4992 rel

144 5046 165 5121 ἢ
191 5039 314 5137 τιδηρὸς
330 5045 478 5138 copulata
496 5049 529 5111 οὐ
548 5039 736 5132 βαπτίζεται
756 5034 895 5122 liburno
950 5041 1074 5125 ignitum
1090 5041 1195 5105 lerrum
1206 5057 1266 5104 nou
1278 5037 1401 5120 tingitur
1411 5037 1504 5121 aqua‘l
1517 5035 1619 5101 horum
1630 5036 1694 5118 qui-

189 5247 211 5308 ¹)
232 5241 370 5304 Μιλῆτοτος
391 5243 452 5297 cod.
471 5241 562 5297 Velio.
583 5241 627 5296 Au
645 5205 710 5294 vero
728 5241 838 5311 integer
857 5241 895 5294 sit
949 5239 1171 5295 suluoa1·eal.-
1190 5247 1212 5301 ὓ)
1226 5241 1332 5306 χαλκοῦς
1350 5237 1384 5294 V.
1401 5254 1450 5291 nec
1465 5237 1530 5291 aaut.
1544 5235 1626 5303 male,
1640 5253 1694 5307 quo

146 5334 173 5387 is
184 5331 308 5402 libellus,
320 5333 446 5387 dubitare
458 5327 537 5400 licat,
552 5346 636 5403 quum
649 5328 763 5385 exordio
775 5333 804 5384 el
816 5328 894 5384 clau·
949 5328 1127 5398 significetur·
1146 5329 1218 5380 aeris
1238 5329 1384 5395 urrmisma,
1402 5330 1432 5380 ul
1451 5329 1479 5379 el
1497 5341 1625 5380 nummus
1643 5341 1694 5380 au-
