4044 6098
289 484 347 548 ἐθθ

288 647 344 702 τοῦ
369 636 548 723 Πνεύματος
573 639 589 699 ό
617 636 766 727 μακάριος
790 631 895 716 Δαυίδ,
921 642 1037 729 ἀπεμέ-

290 769 369 835 ρισεν
387 743 512 824 ἑκάστῳ
530 743 658 832 άρχοντί
673 734 760 828 ᾠδῶν
775 744 822 829 οβ’
834 737 947 836 ἄνδρας
963 747 1036 838 πρός

287 853 381 941 ὕμνον
405 857 486 933 Θεῷ,
503 849 706 940 προῖρητεύων
732 852 781 914 ότι
804 861 890 917 πᾶσα
906 858 1035 944 γλῶσσα

285 958 331 1023 ἐπ’
342 957 485 1046 ἐσχάτων
498 966 561 1021 τῶν
574 965 687 1048 καιρῶν
701 947 825 1036 δοξάσει
838 959 893 1023 τόν
907 960 985 1025 oeta
1003 961 1034 1044 ¹).

330 1385 425 1455 Οὗτοι
440 1390 542 1454 τοίνυν
556 1389 702 1452 ἵστανται
715 1385 844 1452 ἐνώπιον
856 1396 913 1453 τοῦ
927 1389 1036 1481 ἁγιάσ-

285 1519 395 1584 ματος,
413 1499 569 1569 αἰνοῦντες
586 1499 666 1578 Θεῷ,
685 1491 716 1568 θς
733 1491 787 1580 μὲν
804 1486 985 1581 κυμύάλοις,
1003 1493 1034 1570 ός

284 1594 318 1668 δέ
341 1600 520 1692 ψαλτηρίῳ,
546 1599 577 1677 θς
602 1592 635 1665 δέ
658 1599 774 1689 κινύρᾳ,
800 1599 830 1676 θς
857 1592 890 1664 δέ
913 1599 1034 1691 κιθάρᾳ,

283 1705 315 1782 θς
339 1698 373 1771 δὲ
395 1707 555 1795 κερατίνῃ·
580 1700 621 1770 ὧν
646 1705 737 1793 μέσος
751 1703 777 1792 ’ἡ
798 1707 910 1770 ἵστατο
926 1699 1033 1790 Δαυίδ,

283 1814 376 1889 αὑτός
401 1814 505 1903 ἄρχων
530 1813 690 1904 ἀρχόντων
715 1805 813 1896 ᾠδῶν,
838 1823 961 1902 κρατῶν
984 1815 1035 1879 ἐπὶ

283 1930 375 2009 χεῖρα
398 1918 435 1983 τό
460 1917 642 2008 ψαλτήριον·
673 1917 796 1995 τούτοις
819 1921 989 2007 παρείπετο
1012 1927 1031 1995 ἡ

282 2025 425 2116 στρατιά.
438 2025 594 2102 Ἕκαστος
613 2017 646 2090 δὲ
663 2025 823 2115 Πνεύματι
840 2028 918 2117 ἁγίῳ
936 2028 1035 2093 κινού-

282 2157 381 2222 μενος,
397 2138 489 2224 ὑμνεῖ
501 2135 557 2198 τὸν
574 2133 664 2199 Θεύν·
681 2134 774 2208 ἡνίκα
789 2135 892 2199 τοίνυν
906 2138 1033 2226 ἐσκίρτα

281 2242 319 2306 τό
336 2251 459 2330 πνεῦμα
475 2240 526 2306 ἐπί
541 2241 596 2306 τόν
614 2239 765 2331 μακάριον
781 2240 892 2333 ’λσάρ,
910 2249 939 2307 οἱ
954 2243 1033 2309 πάν-

160 2377 164 2385 ·
283 2373 335 2426 τες
352 2352 486 2439 ἡσυχίαν
503 2344 591 2441 ἡγον,
608 2347 857 2438 ὑποτασσόμενοι
874 2359 971 2441 καιρῷ
994 2357 1034 2416 εἰ·

286 2467 409 2551 ρηνικῷ,
434 2457 593 2545 Πνεύματι
616 2457 868 2547 κατηρτισμένοι.
895 2458 1034 2550 Ὑπερό-

282 2590 353 2630 νουν
368 2565 394 2654 3)
410 2557 443 2630 δέ
457 2563 631 2641 ἀκολούθως
643 2574 689 2648 τῷ
702 2559 865 2652 ψάλλοντι,
881 2570 922 2642 εἰς
938 2568 1031 2655 ύμνον

281 2680 353 2758 Θεῷ
362 2673 518 2766 λέγοντες·
526 2673 729 2751 Ἀλληλούϊα,
742 2673 758 2738 θ
771 2676 916 2762 σημαίνει
929 2677 963 2738 ἐκ
975 2685 1032 2750 τῆς

282 2773 442 2872 Ἑύραῒδος
466 2793 567 2870 ρωνὴς
592 2785 634 2858 εἰς
657 2781 717 2855 τὴν
734 2773 884 2854 ἑλληνίδα
900 2804 1032 2870 μετατι-

280 2888 417 2979 θέμενον·
441 2888 617 2978 Αἱνέσωμεν
640 2899 686 2972 τῷ
711 2889 777 2978 όντι
809 2895 888 2972 Θεῷ.
913 2890 1031 2967 Πάντες

280 2992 332 3063 οὖν
349 2997 482 3072 ὑπήκοοι
498 2998 646 3088 ἐγίνοντο·
663 2997 757 3071 ἡνίκα
775 2988 808 3061 δέ
832 2998 960 3088 ἐσκίρτα
981 2997 1031 3063 ἐπί

279 3105 336 3171 τόν
352 3114 474 3195 πρῶτον
488 3104 526 3168 τό
542 3109 668 3192 Πνεῦμα
685 3101 738 3167 καί
754 3095 907 3182 ἐπεπὴδα,
924 3109 953 3170 ol
967 3109 1032 3170 λοι-

279 3211 334 3279 ποί
357 3214 520 3279 ἐπαύοντο·
544 3213 637 3286 ἡνίκα
661 3203 695 3278 δέ
720 3211 765 3302 ἐφ’
790 3214 912 3304 ἕτερον,
935 3214 1029 3281 πάλιν

281 3317 366 3386 οὗτοι
379 3321 522 3412 ἠρέμουν.
532 3319 642 3404 Τούτῳ
654 3329 700 3404 τῷ
712 3319 797 3412 λόγῳ
811 3321 1030 3413 ἀποχρώμενος

279 3426 1030 3516 Παῦλοςὸἀπόστολος,βουλόμενοςκαταστῆσαι

277 3533 338 3602 τόν
351 3535 518 3608 ἐκκλησίαν
533 3532 699 3620 εὐσταθῶς,
714 3530 746 3597 ὃν
764 3533 879 3624 τρόπον
896 3538 927 3598 ἐν
946 3537 1027 3623 ἀρχῇ

279 3639 437 3715 εύτάκτως
460 3637 585 3728 ἐρέρετο
609 3642 625 3702 ὁ
649 3638 786 3729 Ἰσραὴλ,
812 3630 953 3704 διδάσκει
975 3639 1030 3704 λέ-

279 3771 351 3838 γων·
359 3746 430 3811 Ἐάν
443 3745 537 3836 ἑτέρῳ
551 3745 768 3836 ἀποκαλυφθῇ,
783 3746 885 3836 ’ἐτερος
898 3747 1028 3839 σιγάτω·

279 3855 362 3920 οὕτω
384 3851 444 3946 γάρ
469 3844 599 3918 δύνασθε
616 3858 645 3918 oi
660 3851 778 3930 πάντες
794 3852 862 3918 καθ’
880 3854 933 3919 ἕνα
956 3879 1031 3945 erpo·

279 3960 436 4052 ρητεύειν·
452 3960 506 4025 καί
521 3959 580 4052 γάρ
593 3960 758 4049 πνεύματα
771 3973 939 4053 προρητῷν
956 3988 1029 4055 προ-

278 4067 393 4158 ρήταις
416 4065 629 4131 ὑποτάσσεται
644 4067 680 4155 ⁴).

323 4175 479 4266 Φέρονται
495 4167 547 4239 οὖν
564 4171 682 4265 ψαλμοί
698 4175 813 4253 πάντες
832 4174 882 4268 ρν’·
897 4177 977 4256 τινές
994 4170 1028 4244 δὲ

278 4277 445 4373 νομίζουσι,
471 4281 513 4371 μὴ
539 4282 691 4360 ἐπιπόνως
714 4285 930 4374 ἐντετυχότες,
956 4289 1027 4366 τοὺς

278 4390 399 4467 πάντας
425 4384 502 4456 εἶναι
524 4399 581 4454 τοῦ
605 4392 757 4481 μακαρίου
781 4384 887 4456 Δαυίδ·
911 4399 946 4457 ού
969 4419 1028 4468 ση-

280 4498 425 4587 μαίνεται
441 4489 475 4562 δὲ
491 4507 595 4563 τοῦτο.
612 4502 650 4563 Οἱ
666 4497 720 4586 μέν
736 4496 796 4589 γάρ
817 4497 941 4589 πάντεςΙ
956 4501 1029 4564 ἀνα-

280 4606 426 4696 φέρονται
441 4604 464 4686 ⁵l
487 4616 544 4671 τοῦ
568 4597 675 4683 Δαυίδ,
699 4609 730 4670 ἐν
754 4597 789 4671 δὲ
811 4616 880 4682 ταῖς
903 4610 1029 4699 ἐπιγρα-

280 4820 329 4875 prs
347 4821 375 4874 p.
395 4799 459 4872 274,
477 4800 531 4856 275
549 4801 669 4855 vidimus
689 4800 750 4856 lusa
770 4800 887 4855 relatum
900 4801 929 4854 in
945 4801 1029 4858 Chro-

279 4892 341 4946 nico
360 4891 436 4944 inter
454 4888 602 4962 Hippolyti
621 4905 705 4960 opera
721 4906 813 4960 graeoe
831 4894 860 4945 et
877 4888 964 4944 latina
982 4891 1028 4945 in-

278 4985 369 5048 serto,
389 4979 580 5034 consentiente
605 4982 687 5035 aliam
713 4980 835 5052 Origene
854 4979 929 5035 infra
946 4981 975 5034 in
998 4999 1025 5038 n.

279 5081 323 5135 vr,
349 5067 433 5122 immo
459 5071 487 5122 at
508 5068 627 5124 Eusebio
653 5066 674 5123 l.
698 5068 717 5124 l.
745 5068 824 5125 Unde
849 5069 1030 5123 confirmatur

278 5156 403 5227 auspicio
427 5171 509 5228 quam
534 5173 673 5213 moveram
694 5176 720 5228 p.
738 5155 807 5224 274,
827 5156 876 5208 lma
902 5155 1030 5210 traditio·

280 5261 328 5300 nas
347 5261 402 5300 uon
422 5245 509 5300 suisne
530 5245 698 5301 Caesariensi
717 5247 838 5317 ignotas.
856 5275 891 5287 -
907 5242 930 5318 ¹)
949 5245 1029 5301 Rom.

810 481 1011 551 vautotttltt
1033 479 1317 549 Paotuaottnrta

1091 643 1149 699 tem
1169 635 1356 717 quindecim,
1379 652 1482 700 omnes
1503 654 1625 702 numero
1650 639 1839 722 septuaginta

1090 738 1167 803 dua.
1191 740 1324 819 Quarum
1353 739 1485 822 gentium
1507 742 1721 824 plenitudinem
1749 763 1840 828 quum

1089 845 1221 911 studeret
1236 846 1414 913 eonstituere
1431 847 1535 913 beatus
1556 848 1662 931 David,
1679 851 1840 934 unicuique

1089 951 1155 1016 duci
1175 961 1327 1016 cantmum
1341 953 1507 1034 assignarit
1520 953 1593 1020 dnos
1606 965 1636 1020 et
1649 957 1839 1040 septuaginta

1089 1057 1169 1122 viros
1188 1059 1226 1123 ad
1248 1057 1374 1143 hymnos
1393 1060 1455 1126 lleo
1475 1061 1636 1144 dicendos,
1659 1062 1838 1130 vaticinatus

1090 1166 1150 1231 iore
1171 1175 1204 1231 ut
1227 1168 1349 1232 romnis
1363 1169 1464 1252 lingua
1479 1171 1509 1235 in
1526 1171 1638 1237 ultimis
1659 1173 1838 1256 temporibus

1087 1273 1260 1339 οοοθιοοιυι
1279 1275 1404 1340 Deum.»

1128 1377 1183 1444 Isti
1198 1379 1308 1446 interea
1320 1391 1402 1446 stant
1411 1401 1507 1449 eoram
1519 1387 1698 1470 sanctuario,
1714 1389 1838 1456 laudan-

1089 1494 1134 1550 tes
1155 1486 1259 1568 Deum,
1283 1487 1332 1552 hio
1352 1507 1455 1574 nempe
1475 1511 1541 1557 oum
1561 1494 1718 1580 cymbalis,
1733 1495 1784 1563 ille
1804 1496 1837 1562 in

1088 1593 1244 1675 psalterio,
1267 1596 1323 1660 iste
1345 1596 1375 1661 in
1396 1598 1516 1682 cinyra,
1541 1601 1566 1664 is
1587 1603 1617 1666 iu
1638 1603 1765 1682 eithara,
1788 1604 1837 1670 hie

1087 1718 1159 1767 vero
1181 1701 1211 1766 in
1233 1702 1303 1768 tuba
1324 1722 1440 1770 cornea.
1457 1706 1587 1785 Quorum
1601 1710 1714 1791 medius
1735 1711 1836 1776 stalaat

1088 1808 1196 1888 David,
1217 1810 1278 1875 dux
1299 1811 1362 1894 ipse
1376 1813 1482 1878 dueum
1496 1825 1658 1894 cantorum,
1679 1836 1770 1884 manu
1792 1826 1835 1884 te·

1087 1935 1160 1982 nens
1181 1917 1363 2001 psalterium.
1386 1921 1538 1988 Concmtu
1557 1925 1734 2008 sequebatur
1753 1942 1836 1992 exer-

1086 2021 1172 2086 eitus.
1185 2022 1319 2107 Quisque
1333 2024 1443 2107 Spiritu
1457 2037 1560 2094 sanato
1575 2040 1682 2109 motus,
1694 2031 1835 2116 hymnum

1088 2129 1150 2196 Deo
1171 2131 1288 2196 litabat.
1311 2133 1438 2212 Quando
1459 2136 1596 2204 videlieet
1615 2138 1742 2222 Spiritus
1762 2141 1835 2206 insi·

1085 2234 1177 2300 tiabat
1187 2235 1222 2301 in?
1232 2237 1350 2302 beatum
1365 2239 1475 2324 asaph,
1488 2260 1588 2308 omnes
1602 2243 1751 2309 silentium
1764 2263 1836 2327 age·

1086 2345 1695 2433 hant,obseqnentesquiesoeuditempori,
1707 2353 1834 2436 inSpiri-

1087 2465 1117 2517 tu
1132 2454 1295 2537 compositi.
1309 2455 1527 2539 cousequenter
1537 2467 1634 2524 autem
1645 2460 1835 2526 succinebant

1085 2563 1234 2647 psallenti,
1261 2564 1323 2630 Deo
1345 2565 1375 2628 in
1397 2565 1506 2647 hymno
1527 2566 1674 2632 dieentes:
1697 2567 1831 2647 Alleluia,

1085 2689 1152 2755 quae
1173 2689 1232 2734 uox
1254 2671 1292 2734 ab
1313 2669 1450 2736 hebraica
1472 2673 1572 2756 lingua
1590 2674 1621 2739 in
1641 2679 1833 2757 grmmnicam

1084 2780 1225 2843 translata
1246 2778 1413 2861 signifieat:
1436 2779 1517 2845 Laus
1537 2781 1600 2845 llao
1622 2784 1671 2866 qui
1696 2802 1759 2848 aare
1780 2791 1832 2849 eat.

1083 2884 1192 2949 Omnes
1204 2882 1293 2965 igitur
1304 2885 1431 2966 prompti
1443 2886 1482 2951 ad
1493 2887 1728 2970 respondendum
1739 2898 1832 2958 erant.

1084 2989 1182 3069 Quum
1202 2999 1301 3054 autem
1329 2990 1456 3072 Spiritus
1475 2999 1537 3057 tum
1559 2993 1685 3076 primum
1706 2995 1832 3080 aliquem

1083 3097 1217 3162 excierat
1235 3106 1266 3161 et
1287 3098 1413 3164 irruerat
1434 3100 1464 3164 in
1484 3115 1563 3178 eum,
1581 3102 1678 3166 oaeuri
1700 3103 1831 3187 quiesse·

1083 3202 1165 3268 bant.
1176 3204 1301 3283 Quando
1313 3205 1456 3271 transibat
1465 3207 1504 3272 ad
1514 3207 1649 3287 alterum,
1664 3209 1767 3274 iterum
1778 3208 1830 3273 elii

1083 3311 1249 3375 cessabant.
1272 3311 1382 3377 liudem
1401 3331 1534 3379 sermone
1549 3334 1618 3380 usus
1631 3315 1741 3380 Paulus
1761 3333 1832 3398 apo-

1083 3416 1187 3497 stotus,
1203 3418 1307 3482 voleus
1322 3418 1484 3486 Ecclesiam
1497 3420 1535 3485 ab
1551 3421 1634 3487 initio
1654 3425 1832 3488 constituere

1082 3523 1172 3587 simili
1193 3525 1279 3589 modo
1297 3535 1329 3590 et
1343 3525 1372 3590 in
1387 3526 1508 3608 pulchro
1523 3528 1626 3594 ordine
1648 3547 1707 3611 quo
1721 3528 1832 3608 gaude-

1083 3637 1127 3694 ret
1139 3629 1242 3712 lsrael,
1256 3632 1288 3697 id
1301 3633 1388 3698 docet
1398 3652 1451 3716 per
1462 3635 1525 3700 heo
1544 3634 1653 3702 verba:
1672 3659 1687 3696 ι
1701 3635 1730 3700 Si
1744 3637 1829 3702 atteri

1083 3738 1246 3804 revelatum
1271 3741 1369 3819 luerit,
1390 3742 1465 3807 alter
1485 3743 1585 3808 sileat:
1609 3744 1653 3808 sie
1673 3745 1750 3810 enim
1772 3763 1830 3828 po-

1083 3845 1169 3912 testis
1196 3863 1298 3912 omnes
1324 3865 1360 3912 ex
1387 3847 1492 3913 ordine
1514 3849 1697 3932 prophetiam
1722 3866 1828 3933 agere3

1081 3955 1202 4038 spiritus
1215 3956 1294 4021 enim
1315 3954 1522 4040 prophetarum
1536 3956 1687 4041 prophetis
1706 3958 1829 4043 subjecti

1080 4071 1189 4127 sunt.»
1384 4056 1387 4065 ’

1120 4171 1371 4236 circumferuntur
1386 4170 1475 4253 igitur
1490 4172 1593 4255 psalmi
1608 4171 1673 4238 CL:
1687 4182 1757 4239 sunt
1778 4192 1830 4240 au·

1081 4287 1140 4344 ιοιιι
1161 4278 1211 4363 qni
1227 4284 1342 4362 putant,
1365 4275 1441 4343 laeto
1461 4280 1558 4345 minus
1571 4279 1731 4362 diligenter
1746 4280 1828 4361 libro,

1081 4407 1181 4454 omnes
1193 4388 1392 4472 psalmosesse
1403 4387 1625 4470 bustuarias,
1636 4389 1715 4474 quod
1731 4399 1829 4457 umen

1081 4515 1139 4562 non
1161 4496 1317 4562 iudicatur.
1334 4496 1478 4580 Equidem
1492 4514 1593 4563 omues
1612 4499 1779 4578 referuntur
1792 4497 1830 4564 ad

1081 4603 1196 4682 David;
1218 4604 1269 4670 sed
1296 4604 1389 4668 titulis
1411 4602 1597 4686 significatur
1619 4603 1770 4687 cujusnam
1791 4603 1831 4667 sit

1081 4815 1138 4866 xlv,
1160 4796 1201 4855 ll.
1215 4828 1250 4840 -
1262 4799 1286 4862 Ξ)
1306 4802 1331 4862 θς
1351 4802 1423 4872 μίσος
1443 4803 1506 4857 Val.
1524 4799 1549 4857 5.
1562 4831 1598 4843 -
1616 4801 1639 4865 ³}
1660 4801 1751 4856 Verbo
1770 4802 1827 4854 ὑπι-

1083 4889 1176 4961 ρύνουν
1191 4890 1338 4962 respondet
1347 4907 1411 4945 mox
1421 4891 1533 4958 ὑπήκοοι,
1544 4890 1577 4944 de
1591 4906 1645 4962 qus
1657 4892 1756 4960 ὑπακοῇ
1765 4897 1829 4962 post

1083 4976 1330 5033 Monteisleonium
1345 4978 1425 5049 plura
1443 4983 1536 5034 notavi
1551 4981 1667 5034 intorno
1683 4981 1827 5052 superiore

1083 5066 1116 5119 ad
1135 5066 1269 5122 melodos.
1293 5086 1321 5139 p.
1342 5083 1426 5122 axxrv
1452 5073 1479 5122 et
1506 5066 1556 5123 159
1582 5074 1639 5124 not.
1660 5069 1757 5123 Nonne
1782 5067 1828 5123 hio

1083 5153 1199 5210 habetur
1218 5155 1374 5227 exemplum
1394 5159 1505 5211 esteris
1519 5159 1647 5212 omnibus
1666 5157 1828 5230 antiquius.l
1932 5167 1935 5172 ‘

1082 5263 1117 5287 ..a
1130 5245 1154 5318 4)
1173 5263 1182 5300 r
1196 5246 1258 5303 Cor.
1278 5264 1336 5316 xta,
1348 5245 1446 5302 28-30.
1464 5279 1496 5290 -
1509 5247 1533 5313 5)
1545 5248 1708 5320 ἀναφέρονται
1721 5264 1776 5304 om.
1796 5245 1824 5301 θ.
