3998 6080
308 546 365 612 128
871 541 1005 612 cottis
1026 543 1056 608 S.
1080 541 1285 610 IIELITONIS

302 705 364 790 jam
385 701 486 767 latinis
506 701 604 778 notus,
627 695 743 761 Italiam
765 694 896 778 altingit,
917 695 1092 762 cassiodoro
1112 697 1280 776 innotescit,
1301 695 1486 785 mereturque
1503 703 1599 771 locum
1621 709 1779 796 insignem,
1796 717 1857 782 Au·

305 827 458 912 goslinum
479 823 556 888 inter
574 830 605 887 et
624 817 800 884 Eucherium
821 813 914 894 illum,
934 823 1035 923 ore'et
1056 825 1173 899 pectore
1193 825 1256 882 toto
1276 818 1508 888 IIclitonianurn.
1533 825 1680 908 (Imittur.
1703 853 1770 919 cap.
1792 837 1853 921 ll).

306 946 420 1028 Quidni
441 945 544 1009 doctus
565 939 654 1005 luerit
674 936 699 1002 is
719 934 880 1001 monachus
900 932 1061 1012 Adrianus,
1083 952 1172 1017 quem
1192 935 1223 1000 S.
1245 935 1330 1000 Nilus
1348 937 1451 1004 laudat
1473 965 1487 1002 ι
1510 961 1528 1007 a
1548 946 1684 1030 diligenti
1705 971 1861 1022 sacrarum·

305 1067 472 1131 litterarum
492 1057 638 1126 lectione?
655 1081 669 1117 o
694 1055 805 1140 (Epist.
821 1054 871 1134 20,
887 1052 939 1116 lib.
955 1052 984 1116 Il
997 1051 1116 1131 Allan).
1133 1053 1210 1118 Sane
1224 1055 1309 1120 bonae
1324 1058 1398 1142 lrngi
1418 1062 1557 1144 magister
1577 1076 1631 1146 est,
1651 1071 1769 1156 duxque
1790 1096 1858 1159 pro·

307 1186 400 1250 licum
417 1184 569 1267 juniorum
589 1178 628 1246 ad
648 1193 747 1242 sacros
769 1173 859 1240 libros
880 1171 1095 1250 accedentium,
1109 1181 1185 1238 teste
1206 1175 1312 1241 iterum
1332 1176 1454 1243 Plotio:
1473 1181 1668 1278 Ἀνεγνώσθη
1696 1185 1855 1284 Ἀδριανοῦ

306 1299 471 1396 Εἰσαγωγῆ
497 1311 555 1376 τῆς
578 1308 708 1390 γραφῆς,
732 1293 884 1385 χρήσιμος
907 1301 971 1366 τοῖς
996 1290 1204 1380 εἰσαγομένοις
1228 1298 1248 1368 al
1276 1287 1391 1378 βίῧλος.

347 1417 439 1500 Cojos
459 1415 602 1493 libellum,
625 1422 672 1478 sat
692 1428 801 1489 rarum,
823 1425 877 1473 nec
890 1405 948 1470 nisi
964 1423 1104 1489 graecum,
1119 1407 1188 1472 olim
1202 1425 1257 1490 ego
1275 1410 1351 1492 jussi
1375 1411 1571 1496 inserendum,
1587 1439 1745 1490 cannova
1767 1428 1855 1496 inter-

305 1535 472 1620 pretatione
490 1532 595 1611 latina,
618 1531 649 1595 in
669 1527 774 1596 seriem
793 1544 882 1611 qoam
903 1525 1003 1592 dixere
1019 1525 1218 1608 Potrolopiom
1237 1527 1376 1593 Graecam
1393 1529 1424 1612 (t.
1440 1531 1568 1610 XCVIII,
1582 1538 1638 1601 eol.
1655 1541 1852 1629 tant-1311).

304 1656 379 1735 Quae
399 1653 516 1735 quidem
536 1648 608 1713 mihi
623 1666 713 1732 quom
726 1646 878 1711 videretur
895 1643 962 1708 libri
978 1643 1078 1728 potius
1092 1643 1229 1727 epitome,
1245 1664 1332 1728 quarn
1347 1646 1493 1730 integrum
1512 1669 1596 1736 opos,
1612 1675 1681 1739 spes
1702 1677 1748 1725 me
1768 1673 1855 1729 vetus

305 1772 359 1839 diu
374 1768 516 1844 titillavit,
532 1767 593 1833 lore
607 1765 744 1830 nimirum
760 1771 793 1828 ut
808 1761 920 1844 aliquid
934 1762 1049 1826 auctIus
1064 1764 1237 1845 reperiatur,
1255 1762 1285 1827 in
1300 1782 1357 1847 quo
1372 1765 1474 1830 Melito
1488 1787 1602 1850 graecos
1615 1774 1698 1839 velut
1711 1796 1729 1842 e
1744 1780 1855 1846 tumulo

304 1895 418 1970 surgat,
435 1905 524 1970 quum
536 1886 597 1969 jam
612 1883 642 1948 in
656 1881 780 1964 singulis
792 1881 938 1964 Epitomae
951 1879 1107 1945 AdrIaneae
1120 1881 1277 1946 versiculis
1290 1882 1436 1949 uberrime
1450 1884 1561 1951 floreat.
1578 1887 1665 1973 Spem
1678 1893 1777 1960 oluere
1788 1897 1853 1981 plu·

305 2009 382 2075 rinna
397 2007 470 2087 loca,
492 2005 522 2071 in
536 2004 648 2070 catenis
661 2001 789 2087 sepulta,
805 2020 873 2085 quae
885 2000 923 2065 ab
939 1999 1062 2083 Isopcpe
1082 1999 1106 2062 si
1122 1999 1303 2077 deriventur,
1317 2011 1396 2067 certe
1411 2003 1515 2068 librom
1529 2007 1621 2074 luisse
1636 2010 1852 2095 locupletarem

302 2126 480 2209 significant.
494 2125 587 2202 Quem
598 2141 669 2206 ergo
683 2121 819 2204 lapidem,
831 2136 954 2204 quemve
964 2116 1163 2183 membranam
1173 2136 1232 2182 non
1243 2119 1395 2198 moverim,
1406 2121 1445 2185 ad
1454 2122 1650 2205 detegendum
1661 2129 1851 2210 integriorem

302 2243 488 2310 Adrianum‘l
510 2241 568 2307 Sed
588 2241 732 2306 haetenus
752 2239 875 2304 trustra:
897 2218 1041 2320 quotquot
1061 2237 1154 2321 reperi
1170 2235 1313 2320 Isopopoe
1333 2238 1460 2317 codices,
1474 2241 1517 2305 uti
1532 2245 1664 2328 quinque
1684 2249 1850 2336 Vaticanus,

302 2364 340 2430 ab
360 2363 461 2428 eodem
477 2357 648 2442 exemplari,
664 2359 751 2442 quale
764 2356 802 2422 ab
816 2354 990 2420 lloesrbelio
1004 2365 1034 2419 et
1047 2354 1203 2419 Pearsonio
1217 2354 1328 2418 editum
1343 2363 1397 2434 est,
1412 2375 1526 2436 omnes,
1541 2361 1736 2448 manibusque
1751 2387 1851 2435 recen-

302 2479 428 2545 tissimis
447 2475 695 2556 describentibus,
718 2474 864 2540 oriuntur.

341 2595 463 2661 Interim
483 2593 564 2662 XVII
586 2593 747 2676 fragmenta
769 2609 836 2675 quae
851 2590 944 2674 spIssa
959 2608 996 2655 en
1012 2587 1139 2670 caligine
1152 2595 1286 2653 veterum
1300 2597 1469 2655 catenarum
1490 2593 1522 2657 in
1542 2594 1635 2662 lucam
1656 2599 1770 2681 protero
1784 2612 1850 2669 tan·

300 2716 379 2791 dem,
394 2729 503 2779 novam
516 2713 641 2777 loresse
655 2709 747 2775 lacem
761 2706 813 2792 alii
828 2707 952 2785 dabunt,
966 2705 1015 2791 qui
1037 2707 1186 2773 meliorem
1200 2708 1237 2772 ad
1256 2707 1366 2773 exitum
1380 2709 1467 2776 ducet
1482 2711 1660 2796 indagInem.
1678 2716 1735 2784 Sed
1751 2721 1849 2787 dices:

298 2835 408 2898 Praeter
429 2831 585 2914 Isopopen,
601 2827 751 2894 Adrianus
771 2825 866 2892 edidit
879 2826 1121 2891 commentarium
1138 2827 1169 2890 ln
1190 2826 1330 2909 psalmos,
1345 2843 1380 2890 ao
1399 2827 1461 2892 lieri
1482 2831 1579 2913 potuit
1599 2842 1632 2898 ut
1647 2835 1776 2917 psalmos
1798 2855 1845 2903 or·
1898 2879 1904 2890 ·

299 2952 425 3017 neverit.
438 2949 557 3014 schoIIIs
570 2947 703 3030 isagoga
717 2945 930 3022 consentaneis,
944 2946 996 3011 sed
1010 2945 1119 3012 lusione
1132 2943 1244 3009 calamo
1258 2946 1397 3023 extensis,
1411 2947 1510 3028 qualia
1524 2959 1594 3015 sunt
1607 2971 1673 3034 quan
1690 2954 1721 3018 in
1742 2973 1849 3023 manus

300 3088 380 3136 meas
401 3067 577 3133 inciderunt.
595 3065 738 3132 Omnibus
758 3073 857 3129 tanuen
871 3063 974 3129 sedulo
989 3063 1134 3140 cribreris,
1148 3072 1268 3128 autumo
1288 3082 1378 3128 unum
1400 3065 1487 3130 luisse
1507 3067 1630 3133 Adriani
1647 3089 1723 3153 opus
1744 3073 1848 3158 leopo-

298 3208 362 3271 peo,
374 3187 405 3251 in
420 3206 478 3270 quo
489 3183 640 3252 Ilolitonis
656 3181 794 3248 lormulas
809 3183 846 3247 ad
861 3181 1028 3264 syntbetica
1043 3180 1177 3263 quaedam
1191 3181 1289 3264 capita
1303 3183 1466 3260 revocavit,
1483 3201 1561 3250 more
1576 3190 1844 3272 grammaticorum,

299 3305 420 3389 psalmis
440 3304 548 3387 passim
563 3301 709 3379 adductis,
723 3319 847 3384 quorum
861 3298 911 3364 bic
924 3299 1058 3383 quedam
1074 3298 1183 3363 sabella
1198 3298 1350 3377 habemus,
1363 3273 1532 3382 symbolime
1550 3302 1699 3370 ldelitonis
1713 3307 1846 3390 philoso-

299 3421 377 3504 phiae
398 3421 562 3503 aptissIma,
584 3428 616 3484 et
635 3417 737 3500 digna,
756 3436 812 3482 nec
832 3418 927 3495 lallor,
949 3435 1016 3500 quae
1038 3417 1066 3480 in
1088 3416 1185 3482 medlo
1205 3427 1362 3499 ponantur.

338 3536 377 3600 li.
393 3537 553 3601 AdrIanom
569 3536 704 3619 sequitur
717 3536 890 3600 Anastasius
907 3534 964 3609 ille,
975 3533 1195 3617 qualiscumque
1206 3533 1324 3598 demum
1338 3534 1377 3598 sit
1391 3533 1398 3595 i
1403 3543 1468 3598 nter
1481 3544 1526 3601 tot
1539 3533 1742 3620 homonymos,
1759 3559 1844 3623 aeque

297 3654 411 3733 doctos,
434 3656 516 3737 cnjus
537 3654 671 3738 quedam
692 3653 816 3738 sylloge,
840 3650 1003 3717 incredibili
1018 3661 1151 3717 veterum
1166 3651 1339 3736 scriptorum
1352 3651 1490 3717 thesauro
1504 3655 1621 3734 relerta,
1637 3657 1751 3738 Angelo
1765 3659 1843 3724 llaio

297 3773 392 3836 lausta
413 3779 492 3836 sorte
513 3772 633 3852 obtigit,
649 3770 790 3854 deditque
811 3770 853 3834 illi
876 3780 968 3835 totum
984 3771 1044 3834 lere
1059 3778 1178 3846 tomum,
1193 3770 1241 3853 qui
1264 3769 1406 3852 septimos
1419 3779 1464 3834 est
1478 3769 1508 3834 in
1524 3771 1702 3853 Scriptorum
1720 3783 1845 3842 oacrum
1934 3759 1937 3764 Δ

297 3906 373 3954 nouo
393 3889 561 3953 collectione.
579 3888 637 3954 Sed
651 3889 699 3954 viv
719 3889 834 3965 doctus,
847 3887 955 3969 opimls
969 3886 1070 3969 spoliis
1084 3895 1207 3950 onustus
1220 3903 1299 3968 saepe
1312 3895 1343 3951 et
1355 3886 1486 3962 obrutus,
1500 3895 1534 3951 ut
1547 3887 1653 3952 alicubi
1675 3888 1846 3971 ingemiseit

295 4023 358 4090 prae
378 4005 470 4070 nimia
491 4004 652 4088 opulentia,
672 4005 798 4090 plurima
818 4005 890 4069 mihi
911 4006 1034 4083 intacta,
1052 4004 1130 4069 haud
1151 4004 1284 4070 illiberali
1301 4005 1426 4084 fastidio,
1441 4005 1576 4090 reliquit;
1600 4008 1665 4072 sive
1685 4009 1845 4077 deterritus

296 4122 515 4189 intricatissima
536 4123 646 4189 codicIs
667 4123 803 4190 Vaticani
825 4122 1001 4204 stribligine,
1018 4121 1076 4205 qua
1097 4122 1216 4206 quidem
1231 4140 1287 4203 ego
1300 4121 1411 4186 nullam
1425 4121 1507 4186 ullibi
1521 4123 1585 4188 vidi
1608 4123 1842 4200 insolentiorum:

294 4240 371 4318 sive,
393 4248 426 4305 ut
439 4240 501 4324 ipse
515 4240 613 4304 dicere
626 4237 740 4316 maluit,
754 4247 834 4302 ratos
849 4255 884 4302 ea
898 4257 964 4322 quae
977 4239 1086 4316 omisit,
1100 4237 1233 4321 sequiora
1248 4257 1313 4302 esse
1327 4248 1356 4304 et
1374 4239 1492 4306 viliora.
1509 4239 1635 4321 Parerga
1656 4241 1759 4324 utique
1772 4252 1845 4308 sunt

295 4357 431 4442 quedam
445 4355 643 4442 grandiusculi
660 4354 766 4439 operis,
781 4355 892 4430 mutila,
906 4373 942 4420 ac
962 4374 1038 4440 pene
1059 4355 1216 4423 dissoluta:
1238 4374 1333 4422 meam
1354 4358 1392 4422 ad
1412 4377 1474 4422 rem
1495 4359 1549 4423 etsi
1571 4357 1705 4423 nonnihil
1719 4361 1844 4440 iaciant,

294 4492 329 4540 eu
352 4483 451 4539 umen
472 4473 546 4538 satis
566 4491 713 4556 superque
733 4473 803 4538 duxi
825 4493 921 4556 grece
943 4482 1056 4539 tanturn
1077 4475 1195 4550 reterre,
1217 4475 1289 4557 quin
1310 4475 1458 4557 superum
1480 4474 1628 4539 latinitate
1648 4477 1841 4544 vestirentur.
1940 4549 1945 4556 ,

333 4591 392 4658 Sed
413 4592 532 4658 omnino
549 4589 637 4675 jubeo
658 4591 767 4656 intuitu
789 4591 931 4657 acerrimo
952 4593 1173 4676 introspiciatur
1186 4592 1294 4677 pagiua
1309 4593 1440 4677 ejusdem
1455 4591 1564 4656 codIcis
1579 4593 1615 4657 ad
1637 4591 1759 4673 calcem,
1778 4604 1844 4662 arte

291 4709 369 4776 dicta
389 4710 480 4793 vulgo
500 4708 743 4793 photograpbica,
754 4708 792 4774 ad
812 4710 951 4774 amussim
967 4727 1115 4795 expressa.
1133 4710 1252 4774 Utinam
1267 4718 1297 4774 et
1313 4711 1442 4792 ejusdem
1456 4708 1565 4774 codicis
1580 4709 1737 4792 ipsammet
1757 4711 1844 4776 char-

293 4836 352 4891 tanr
366 4826 573 4910 bombycinum
587 4844 623 4891 ex
637 4825 736 4909 aliqua
750 4825 857 4890 lacinia
872 4828 917 4891 las
930 4827 1018 4892 luerit
1031 4828 1176 4893 sinceram
1190 4827 1297 4893 nostris
1317 4827 1499 4893 committere
1521 4827 1611 4910 typis,
1627 4827 1844 4912 lectoribusque

291 4943 453 5021 redhibere,
468 4961 554 5008 manu
569 4952 601 5009 et
619 4943 702 5008 oculo
715 4943 913 5008 scrutandam.
930 4945 1046 5028 Duplex
1060 4945 1138 5010 enim
1153 4943 1313 5028 problemar,
1327 4943 1404 5008 inter
1418 4943 1485 5024 alia,
1502 4953 1617 5026 prostat
1631 4943 1661 5007 in
1679 4942 1729 5008 illo
1744 4944 1844 5010 codice

292 5059 389 5138 taum
406 5059 492 5141 cujus
505 5078 669 5136 numerum,
681 5060 768 5126 solita
783 5060 861 5142 apud
874 5059 984 5126 bialum
999 5060 1143 5126 industria
1158 5060 1382 5138 dissimulatum,
1392 5075 1448 5141 ego
1459 5059 1576 5124 tandem
1588 5058 1736 5140 delegisse
1746 5059 1841 5124 laetor.

333 5176 376 5238 Ac
395 5173 522 5256 primurn
542 5174 756 5257 stribliginosa,
778 5177 801 5240 si
824 5195 890 5259 quae
911 5177 1008 5255 luerit,
1031 5179 1176 5262 scrIptura
1197 5193 1317 5241 manum
1338 5174 1491 5257 copticam,
1503 5175 1601 5256 judice
1621 5173 1709 5250 llaio,
1725 5173 1841 5256 prodlt;

294 5301 345 5362 aut
357 5289 488 5375 oleicem
501 5292 740 5372 Alexandrinum,
751 5293 811 5377 qui,
822 5311 912 5375 quum
924 5292 1053 5360 unciales
1065 5294 1218 5360 inclinatos
1229 5291 1330 5374 apices
1341 5288 1370 5353 in
1383 5287 1480 5353 titulis
1491 5288 1710 5370 elegantissime
1721 5290 1844 5373 pingere
