3976 6078
1000 529 1082 602 XVI

261 679 395 768 tionem
421 676 458 764 in
477 676 558 762 toto
578 693 701 762 ¹rernm
737 673 935 780 visibilium
960 678 1165 765 spectaculo
1190 679 1345 750 intueri.
1365 685 1412 753 et
1434 684 1682 772 contemplari.
1719 689 1817 770 Quod

261 799 420 889 prolecto
444 798 605 882 ineptum
621 796 726 882 ‚esset
760 815 802 864 eo
819 801 947 881 'usque
983 815 1127 884 urgere,
1153 797 1193 868 ut
1216 801 1350 870 creatio
1373 787 1604 876 'illis‘altera'
1624 809 1718 879 toret
1739 788 1819 898 'ge-

262 917 402 1006 naratio
425 914 547 1003 Verbi3
572 917 648 1000 turn
685 913 832 1002 impium
858 916 895 982 et
917 916 1289 1005 absurdumopinari,
1315 925 1355 990 ut
1378 923 1465 992 olim
1485 927 1636 998 volnere
1661 929 1816 1017 quidam,

262 1057 307 1106 ne
332 1037 375 1105 de
399 1031 583 1120 hodiernis
618 1031 831 1116 sequacibus
855 1032 994 1128 loquar,
1032 1037 1160 1124 nempe
1184 1041 1418 1111 antenic'aenis
1454 1044 1605 1116 testibus
1629 1049 1818 1118 obscurum

260 1137 372 1227 fnisse
396 1159 433 1225 et
455 1155 664 1240 ambiguum
689 1152 821 1237 dogma
844 1152 887 1220 de
911 1154 1030 1221 Verbo
1054 1155 1154 1224 Patri
1177 1159 1355 1227 coaeterno
1378 1162 1417 1229 et
1440 1153 1625 1260 ὅμοουσίῳ,
1644 1184 1686 1235 ac
1710 1166 1818 1238 sicuti

263 1276 385 1345 essent
408 1272 545 1361 opinati
580 1269 1234 1358 qualicum‘quejprogressu'Verbum
1258 1276 1304 1345 ad
1327 1279 1512 1350 creaturas
1535 1282 1742 1363 accessisse,
1769 1285 1820 1354 ila

261 1393 329 1480 ipsi
346 1391 517 1480 paulatim
544 1392 778 1469 devenissent
801 1391 845 1459 ad
870 1389 1096 1476 perspicuam
1132 1391 1237 1460 tidem
1256 1393 1461 1464 Nicaenam.
1485 1398 1525 1466 ld
1548 1417 1659 1468 unum
1683 1420 1812 1472 conce-

261 1513 415 1580 dendum
442 1509 621 1588 existimo,
648 1497 767 1610 quum
783 1510 826 1578 de
862 1502 1073 1606 κοσμοποϊξᾳ
1096 1508 1214 1596 caligo
1239 1511 1353 1580 multa
1386 1513 1617 1602 philosophos
1649 1498 1811 1602 vexaret,

262 1648 329 1700 nec
353 1648 503 1717 pronum
529 1629 626 1707 esset
650 1645 729 1696 eam
753 1626 936 1702 declarare
960 1646 1040 1695 cum
1076 1625 1254 1697 Gnosticis
1277 1629 1511 1716 subtilissime
1535 1633 1814 1722 disputantibus,

260 1748 487 1838 potissimum
501 1745 706 1815 doctoribus
718 1747 850 1822 nostris
863 1743 1042 1831 placuisse
1058 1746 1174 1814 totum
1193 1741 1403 1832 mysterium
1416 1747 1453 1816 in
1471 1749 1637 1837 Verbum,
1651 1770 1732 1823 sese
1747 1775 1817 1824 om·

263 1868 361 1938 nium
378 1885 498 1934 rerum
517 1865 657 1952 opificio
676 1863 919 1958 manifestare,
939 1863 1147 1949 rependere.
1165 1863 1252 1932 Inde
1275 1867 1477 1952 promptum
1496 1870 1574 1936 erat
1590 1869 1700 1938 Verbi
1717 1891 1820 1942 crea-

262 1985 350 2057 toris
374 1983 569 2069 imaginem
586 1981 631 2062 ¹in
656 1981 819 2057 omnibus
832 1978 1033 2054 ¹elementis
1051 1978 1272 2066 intelligere,
1292 1969 1441 2068 ejusque
1466 1983 1627 2070 sigillum
1645 1988 1816 2075 detegere

262 2101 442 2175 universis
476 2098 650 2185 creaturis
693 2099 919 2184 impressum.
956 2098 1166 2168 Praeiverat
1189 2097 1323 2166 Paulus
1362 2100 1462 2169 aiens
1487 2100 1540 2190 lt:
1580 2106 1818 2180 «Invisibilia

264 2220 376 2308 ipsius
401 2238 422 2286 a
445 2219 609 2292 creatura
631 2216 753 2290 mundi
788 2233 853 2301 per
876 2231 920 2282 ea
943 2232 1034 2300 quae
1058 2214 1270 2293 factasunt,
1297 2215 1494 2298 intellecta,
1512 2221 1813 2307 conspiciuntur:

264 2337 485 2424 sempiterna
509 2352 647 2421 quoque
674 2335 751 2422 ejus
774 2331 891 2399 virtus
911 2333 951 2400 ¹ct
974 2329 1192 2398 divinitae.»
1218 2333 1291 2400 Hoc
1314 2332 1383 2401 fuit
1397 2333 1528 2404 Cloocb
1563 2336 1818 2412 Melitonianae

264 2453 454 2544 proprium
483 2455 520 2520 et
542 2468 718 2520 summum
754 2450 874 2524 decus,
900 2449 937 2516 in
961 2467 1032 2536 qua
1054 2449 1165 2518 totius
1183 2511 1185 2516 .
1201 2451 1388 2520 creaturae
1411 2470 1596 2540 compago,
1633 2456 1752 2543 qualis
1782 2459 1820 2528 in

263 2575 401 2644 cantico
425 2573 532 2640 trium
551 2571 749 2659 puerorum
775 2568 968 2652 evolvitur,
995 2571 1157 2657 perpetui
1182 2571 1304 2658 hymni
1329 2572 1456 2654 instar,
1481 2574 1526 2643 ad
1548 2573 1705 2643 Verbum
1731 2575 1820 2642 diri-

264 2693 374 2778 gitur,
400 2692 568 2774 totusque
608 2688 783 2756 naturalis
807 2688 921 2755 moles
956 2687 1123 2756 evehitur
1145 2690 1191 2756 ad
1214 2707 1409 2775 supernum
1434 2693 1471 2759 et
1504 2690 1724 2760 invisibilem
1753 2693 1818 2760 aut

264 2807 396 2878 Christi
421 2791 484 2874 aut
506 2805 686 2876 Ecclesiae
709 2808 771 2875 aut
786 2804 1010 2874 ‘christianae
1028 2795 1357 2876 aninrae'ordinem.
1382 2807 1478 2876 Idem
1497 2791 1621 2892 exegit
1635 2791 1817 2896 Theophi-

263 2925 319 2994 lus
337 2923 591 3005 AntiocbenuS,
618 2923 686 2992 nisi
712 2923 805 3009 quod
830 2921 1001 2990 invicem
1029 2941 1148 2992 rerum
1173 2922 1267 2992 tacta
1289 2924 1501 3010 evangelica
1519 2907 1675 3012 sumere,
1701 2928 1819 2996 totum
1918 2952 1921 2958 ·

265 3042 389 3112 foedus
412 3059 544 3110 novum
570 3041 606 3109 in
624 3042 785 3127 ¹quatuor
807 3039 918 3108 libros
941 3040 1054 3108 vertit
1076 3031 1346 3124 allegoriarum.

354 3221 357 3228 .
397 3159 572 3258 Ineptum.
586 3157 698 3242 igitur
717 3160 772 3226 est
789 3157 908 3225 Photii
932 3156 1147 3226 calumniam
1172 3162 1368 3244 recantare,
1388 3177 1410 3228 a
1432 3158 1583 3228 Philone
1604 3178 1744 3228 omnem
1764 3158 1820 3228 al-

263 3274 459 3361 legoricum
484 3275 688 3364 Scripturas
707 3294 908 3345 sermonem
933 3275 1087 3360 venisse,
1105 3273 1132 3364 2)
1159 3265 1329 3344 videlicet
1347 3276 1390 3343 ab
1408 3274 1552 3343 homine
1569 3275 1631 3342 vix
1650 3275 1816 3361 recutite,

263 3392 400 3461 nullius
422 3392 482 3460 vel
506 3393 600 3480 apud
623 3410 707 3461 suos
742 3393 979 3462 auctoritatis.
1006 3387 1080 3460 Nec'
1102 3393 1220 3460 minus
1238 3450 1241 3458 .
1256 3392 1493 3476 incongruum
1517 3392 1657 3471 addere,
1682 3411 1704 3462 a
1737 3393 1815 3461 solo

266 3509 420 3594 Origene
438 3510 607 3579 oriundas
631 3529 711 3579 esse
745 3512 809 3578 has
833 3510 982 3589 labulas,
1013 3511 1167 3596 «quibus
1191 3529 1235 3577 ex
1253 3512 1621 3595 quocumqne'tentu,
1640 3513 1680 3579 ut
1704 3512 1818 3592 aiunt,

264 3627 510 3712 quodcumque
530 3627 661 3713 dogma
679 3632 947 3716 extorquetur.»
973 3629 1116 3698 Scilicet
1138 3627 1348 3713 Barnabarn,
1369 3627 1585 3713 Melitenam,
1605 3623 1819 3716 Thophilnm

265 3744 309 3812 ab
331 3745 450 3814 animo
487 3743 652 3830 Origenis
676 3747 940 3833 praeexistente
957 3744 1199 3833 pependisse,
1224 3763 1264 3813 ac
1286 3749 1369 3832 post
1392 3745 1493 3812 illum
1519 3764 1662 3815 caecum
1696 3764 1821 3816 caecos

264 3859 375 3930 ivisse
399 3879 463 3949 per
485 3864 631 3946 saecula
653 3867 707 3932 tot
729 3883 859 3950 graves
883 3865 1075 3950 doctosque
1100 3861 1361 3949 scripturarum
1387 3863 1623 3949 interpretes!

355 3980 406 4049 Ne
430 3984 550 4049 autem
567 3985 688 4068 justos
713 3982 809 4050 ultra
832 3983 967 4051 limites
991 3985 1140 4069 mystica
1157 3980 1298 4050 theoria
1321 3980 1518 4062 lasciviret,
1537 3980 1820 4066 prudentissima

261 4098 321 4165 usi
345 4101 432 4166 sunt
454 4093 608 4181 cautela,
634 4100 718 4168 dum
734 4087 737 4094 ’
752 4100 892 4169 vellent
920 4119 1000 4169 cum
1024 4087 1208 4180 Melitene,
1234 4091 1331 4168 certo
1357 4086 1559 4185 Scripturas
1583 4116 1705 4167 sacrae
1737 4117 1821 4166 ora-

267 4209 346 4286 cul'o
370 4207 542 4288 formulas
565 4206 781 4305 allegoricas
800 4220 999 4289 arctissime
1024 4217 1211 4299 devinciri,
1237 4235 1277 4284 ac
1289 4218 1394 4302 juxta
1410 4215 1511 4300 leges
1537 4215 1736 4301 antiquitus
1761 4233 1821 4282 re-

192 4332 196 4341 '
267 4327 401 4422 captas.
427 4339 542 4423 Leges
565 4327 673 4406 euim
709 4323 803 4418 sunl,
828 4341 920 4407 teste
956 4337 1111 4423 Origene
1142 4338 1229 4424 ipso,
1264 4339 1358 4404 teste
1382 4335 1550 4416 Eusebio,
1575 4336 1613 4402 et
1648 4331 1820 4419 quidquid

232 4507 237 4521 .
267 4443 445 4538 ganniunt
468 4441 601 4541 quibus
619 4456 677 4524 vel
703 4457 829 4524 umbra
852 4456 970 4543 typica
992 4439 1081 4523 cane
1106 4439 1207 4541 pejus
1232 4457 1268 4521 et
1291 4471 1409 4539 angue
1433 4453 1486 4532 tit,
1507 4452 1608 4538 leges
1632 4439 1819 4537 anagogae

268 4575 363 4652 suut,
389 4571 451 4651 τῆς
473 4555 654 4665 ἄναγωγῆς
676 4569 775 4664 νόμοι
799 4571 838 4664 ³),
863 4578 899 4643 et
923 4557 1151 4659 legislatores
1186 4575 1271 4640 sunt
1299 4557 1491 4659 conscripti
1518 4571 1571 4639 illi
1602 4557 1734 4659 patres,
1759 4573 1820 4659 qui

267 4708 332 4776 per
354 4679 539 4760 duodecim
564 4695 601 4760 et
624 4673 778 4779 amplius
802 4692 947 4761 saecula
963 4692 1006 4760 de
1025 4708 1132 4758 manu
1156 4689 1192 4757 in
1210 4707 1353 4757 manum
1370 4689 1533 4775 spnnbola
1555 4689 1715 4758 unanimi
1733 4707 1819 4758 con·

268 4825 377 4878 sensu
400 4793 545 4897 rec‘epta
567 4795 604 4880 et
626 4810 758 4897 publici
784 4809 876 4879 sacta
892 4809 987 4895 juris
1011 4807 1203 4876 traducunt
1226 4808 1421 4875 atterent.

357 4927 549 5006 Quaerenti
572 4933 693 5008 antem
718 4947 808 5016 qnae
832 4945 941 4997 causa
963 4927 1071 4996 tuerit
1098 4926 1246 5013 hujusce
1277 4923 1559 5006 consuetudinis,
1585 4923 1701 4994 altera
1724 4941 1822 4994 sum-

323 5280 349 5344 l)
368 5277 445 5330 llorn.
464 5277 486 5342 l,
504 5275 543 5328 20.
560 5297 592 5312 -
607 5271 633 5340 2)
651 5271 737 5326 Photii
754 5270 884 5326 Bibliolb.
901 5271 930 5325 et
946 5269 1014 5325 intra
1029 5281 1057 5337 p.
1074 5271 1129 5336 295,
1146 5270 1192 5324 296
1208 5277 1276 5332 saep.
1295 5265 1362 5321 cod.
1381 5267 1434 5320 103.
1445 5287 1478 5305 -
1492 5265 1520 5331 ³)
1535 5265 1575 5320 cl.
1592 5265 1711 5320 indicem
1732 5279 1825 5320 rerum

266 5375 292 5416 v.
310 5360 461 5428 allegoria.
585 5359 590 5384 ⁵
