3966 6120
716 679 719 684 ·
822 607 1146 726 arab-edri

557 915 629 992 EX
670 915 972 997 verberis
1011 911 1419 999 riti'slebbdt's

974 1119 1000 1199 Ι.

336 1385 378 1446 Ἰ
385 1385 500 1445 tirellus
521 1387 622 1460 Rapis
643 1345 888 1460 Aepppiz'erum
909 1384 1076 1465 mirsam)
1098 1389 1143 1446 ud
1166 1387 1388 1448 Octavianum
1409 1387 1612 1460 Arcpustam.

277 1626 348 1687 Rex
358 1625 592 1704 Aegyptiorum
606 1626 781 1688 octabiano
795 1625 942 1704 Augusto
957 1626 1104 1688 salutum,
1121 1625 1274 1687 Plurimis
1288 1625 1445 1702 exemplis
1460 1625 1615 1704 expertus
1631 1643 1701 1686 sam
1717 1629 1765 1689 ri·

198 1733 335 1797 ctariam
350 1732 486 1796 tuamet
502 1733 715 1811 prudentiam.
729 1734 785 1794 His
799 1734 885 1796 enim
901 1734 1052 1806 arbitrer,
1069 1727 1245 1810 numquam
1260 1733 1413 1796 incidisse
1427 1749 1542 1794 manus
1556 1735 1629 1794 tuas
1644 1735 1676 1795 in
1691 1737 1763 1797 tan-

200 1847 252 1904 tae
267 1840 418 1902 utilitatis
436 1839 594 1902 virtutem
611 1839 707 1919 (quod
723 1841 762 1901 ab
776 1841 921 1919 esclepia
943 1841 1111 1919 acceptum
1132 1840 1205 1919 est),
1218 1857 1301 1918 quae
1322 1858 1395 1902 enm
1418 1841 1568 1902 maximis
1589 1843 1678 1902 caris
1701 1843 1767 1904 edi·

200 1949 324 2026 ctisque
345 1947 424 2009 meis
438 1963 497 2025 per
511 1949 694 2010 exercitum
710 1965 816 2010 meum
831 1945 858 2022 2)
882 1948 1105 2020 meruerimuS,
1123 1944 1350 2026 (controversa
1363 1951 1434 2026 eJus
1449 1949 1613 2028 conditio),
1629 1950 1763 2028 dignum

198 2073 296 2134 opera
323 2055 464 2132 pretium
481 2055 699 2132 judicavimus
713 2053 751 2134 3).
776 2057 949 2117 Bestiolam
971 2055 1219 2133 quadrupedem,
1240 2072 1336 2132 quam
1370 2057 1484 2137 [inter]
1506 2074 1563 2118 vos
1584 2057 1712 2135 quidam
1737 2056 1766 2134 4)

199 2164 295 2224 etiam
319 2163 425 2225 Melea
453 2163 580 2234 vocant,
603 2163 790 2225 direximus.
813 2163 853 2224 Et
873 2163 944 2224 ideo
967 2179 1008 2226 ne
1030 2163 1103 2240 quis
1127 2162 1293 2226 maleficus
1307 2165 1341 2226 te
1356 2164 1492 2242 tuosque
1519 2182 1639 2227 necere
1654 2166 1762 2243 possit,

201 2287 306 2349 neque
320 2270 561 2342 deiectionibuS,
583 2271 665 2349 quod
687 2269 848 2333 exercitui
865 2270 975 2350 me05)
993 2271 1025 2331 in
1048 2271 1147 2332 armis
1168 2271 1314 2348 contigit.
1336 2273 1436 2338 Quem
1458 2271 1642 2350 prebendis,
1665 2271 1762 2333 etiam

202 2380 273 2455 ejus
294 2393 395 2438 unum
424 2377 453 2457 ⁶)
475 2379 639 2440 abstrahis
669 2379 807 2448 dentem,
829 2395 924 2456 quem
958 2395 1111 2457 magnum
1143 2378 1315 2450 habuerit;
1338 2380 1463 2441 etcum
1486 2379 1683 2452 extraxeris,
1705 2379 1765 2440 has

203 2501 316 2563 praees
340 2485 444 2548 dices:

585 2655 747 2716 nuuaar.
770 2655 918 2716 barilion.
940 2655 1251 2727 pdrameramutiis.
1273 2653 1389 2714 naiton.

591 2784 778 2845 Borborou.
800 2785 925 2844 ardiso.
947 2782 1099 2842 triduana.
1122 2784 1248 2842 iarden.

207 2996 294 3058 Haec
315 3010 431 3058 norem
453 2995 539 3058 dices
560 2997 669 3069 rerba,
691 2999 724 3059 et
745 2997 834 3059 hunc
855 2996 983 3059 dentem
1005 2997 1097 3058 Melis
1119 2995 1304 3074 periander,
1336 2995 1370 3057 et
1394 3012 1436 3057 ex
1467 3009 1547 3056 auro
1569 2995 1601 3056 in
1634 2994 1769 3056 brachio

206 3103 321 3180 ligabis
342 3103 399 3162 tibi
421 3104 453 3165 et
474 3103 540 3166 tuis
561 3104 823 3176 adhaerentibus,
846 3105 892 3166 sic
913 3105 948 3165 ut
970 3121 1087 3183 corpus
1109 3104 1233 3182 tangat.
1255 3104 1295 3164 Et
1316 3119 1422 3181 neque
1444 3103 1541 3176 sidus,
1563 3119 1668 3181 nuque
1684 3102 1771 3164 eani-

203 3211 295 3271 calae
315 3211 441 3286 tempus
462 3210 598 3279 nocebit,
620 3227 726 3288 neque
744 3210 935 3288 pestilentia,
958 3228 1064 3290 neque
1085 3229 1239 3274 occursus
1254 3212 1357 3272 malus
1369 3210 1397 3291 ⁷)
1414 3227 1533 3273 nocere
1559 3210 1677 3288 poterit
1690 3226 1697 3282 ;
1712 3211 1769 3271 ant

205 3315 327 3394 siquid
350 3315 458 3390 suerii,
481 3318 590 3379 statim
613 3317 742 3380 dentem
759 3319 887 3396 rumpis
910 3319 972 3399 (in)
994 3321 1118 3398 partem
1144 3324 1215 3398 eJas
1236 3321 1393 3393 dextram,
1416 3321 1528 3382 iisdem
1543 3320 1652 3382 rerbis
1673 3320 1769 3384 dices,

205 3425 245 3486 nt
275 3441 510 3504 quemcumque
545 3441 679 3504 aegram
701 3427 846 3498 buxeria,
868 3427 977 3488 statim
1009 3429 1131 3490 febrem
1166 3429 1317 3502 detrahit,
1350 3429 1516 3490 dumtaxat
1530 3425 1558 3506 8)
1582 3427 1615 3488 in
1647 3444 1685 3489 eo
1713 3409 1768 3504 qai
1844 3489 1847 3497 ,

206 3533 315 3594 vitalis
350 3533 408 3595 est.
442 3536 524 3595 Nam
559 3534 731 3612 prolongat
766 3534 902 3610 tempuS,
937 3535 964 3595 si
999 3538 1104 3613 major
1122 3537 1273 3610 morbus;
1295 3537 1347 3598 rel
1376 3553 1474 3598 causa
1503 3535 1611 3608 fuerit,
1633 3534 1772 3597 celerius

116 3629 120 3636 ’
204 3641 388 3706 recedit-
408 3643 591 3704 Gervellam
612 3644 692 3719 eJus,
716 3642 827 3704 eadem
848 3642 950 3704 verba
970 3644 1080 3706 dicens
1094 3640 1133 3720 ⁹),
1156 3644 1313 3721 decoques
1340 3645 1373 3704 ia
1398 3646 1469 3706 oteo
1490 3643 1633 3705 ferventi
1645 3639 1689 3720 ⁴⁰)
1704 3687 1710 3702 .
1723 3689 1729 3704 .
1743 3689 1770 3702 ..

205 3752 266 3820 Qui
286 3750 440 3813 comitiali
461 3751 798 3814 verberaretur...
820 3752 853 3812 et
873 3752 956 3830 quod
977 3752 1198 3816 inveteratum
1230 3752 1331 3816 fuerit
1343 3799 1350 3814 .
1364 3797 1391 3813 ..
1414 3770 1487 3816 cum
1519 3749 1676 3822 terretur,
1705 3750 1766 3810 has

205 3875 319 3938 preces
340 3857 446 3920 dices:
1356 3875 1357 3878 ¹

704 4047 850 4110 Homer.
872 4051 968 4122 turci,
989 4050 1112 4138 trebech
1135 4095 1142 4109 .
1165 4097 1172 4112 .
1195 4093 1202 4109 .

710 4177 827 4235 Gistate.
848 4173 971 4237 eluere.
995 4179 1119 4237 bertier.
1141 4180 1282 4238 luciana.

715 4300 826 4362 Virtus
847 4305 929 4363 coeti
949 4305 1054 4364 libera
1074 4303 1171 4378 pedet
1191 4350 1198 4362 .
1222 4349 1229 4362 .
1252 4347 1259 4361 .

206 4517 316 4579 verbis
335 4515 440 4580 dices:
462 4515 495 4578 et
516 4512 650 4578 canibus
681 4513 887 4592 circumdari,
921 4534 962 4579 ne
988 4517 1172 4595 pestilen...
1196 4517 1350 4598 (Caetera
1369 4517 1446 4592 solil
1461 4519 1591 4594 papiae
1612 4517 1687 4580 albu
1707 4529 1770 4580 dd-

206 4629 267 4691 cut.
296 4631 358 4689 Via
376 4628 517 4689 dubium
537 4630 622 4700 quta
643 4628 710 4686 buc
729 4629 950 4687 inserendum
970 4627 1014 4687 sit
1044 4629 1181 4688 initium
1204 4629 1349 4702 epistotae
1379 4630 1545 4702 sequentis
1572 4628 1676 4698 juata
1702 4631 1771 4689 cod.

248 4799 273 4863 i)
292 4799 358 4851 Cod.
377 4799 442 4851 Car.
461 4797 477 4848 i.
498 4798 551 4846 isit.
570 4795 671 4848 Missus
688 4794 726 4847 ud
740 4793 895 4846 octabiano
909 4794 964 4845 Au·
1052 4777 1078 4842 5)
1096 4780 1224 4830 0162'01'111
1241 4791 1301 4830 ΜΟ
1320 4779 1348 4830 C.

208 4886 298 4941 puato.
318 4880 369 4930 sic.
420 4867 424 4878 ’
1050 4861 1077 4919 6)
1094 4871 1150 4910 aaa
1168 4859 1197 4911 C.

248 4960 274 5025 2)
293 4959 359 5012 Meis
376 4959 542 5010 erercitium
560 4969 652 5008 meum
669 4956 698 5008 C.
717 4957 816 5008 trustra
835 4953 966 5019 cogitaris
1052 4941 1184 5004 7)de(18
1202 4939 1221 4991 C

204 5044 240 5098 ,iu
256 5043 414 5092 eaercitum
431 5052 536 5090 narrem.
1054 5023 1080 5085 8)
1098 5024 1250 5072 (tumtum
1266 5033 1329 5072 eum
1347 5020 1377 5072 C.

249 5119 274 5182 3)
294 5115 383 5179 Opera
399 5117 520 5176 pretium
532 5113 717 5176 judicaturus
735 5113 764 5164 C.
1048 5103 1074 5166 d)
1093 5101 1195 5153 Iisdem
1212 5101 1304 5153 uerbis
1321 5102 1396 5152 (tices

249 5198 275 5263 t)
293 5197 406 5262 quidem
422 5197 451 5248 C.
1053 5189 1093 5251 id)
1113 5187 1176 5237 inda
1193 5185 1309 5236 evanida
1327 5184 1459 5248 quaedam
1478 5181 1563 5236 rerba
1580 5183 1607 5234 ia
1625 5181 1688 5234 cod.
