<?xml version="1.0" encoding="UTF-8"?>
<!DOCTYPE html PUBLIC "-//W3C//DTD XHTML 1.0 Transitional//EN"
    "http://www.w3.org/TR/xhtml1/DTD/xhtml1-transitional.dtd">
<html xmlns="http://www.w3.org/1999/xhtml" xml:lang="en" lang="en">
 <head>
  <title>
</title>
<meta http-equiv="Content-Type" content="text/html;charset=utf-8" />
  <meta name='ocr-system' content='tesseract 3.04.00' />
  <meta name='ocr-capabilities' content='ocr_page ocr_carea ocr_par ocr_line ocrx_word'/>
</head>
<body>
  <div class='ocr_page' id='page_1' title='image "./analectasacrasp01pitrgoog_0468.png"; bbox 0 0 4044 6098; ppageno 0'>
   <div class='ocr_carea' id='block_1_1' title="bbox 502 483 1725 556">
    <p class='ocr_par' dir='ltr' id='par_1_1' title="bbox 502 483 1725 556">
     <span class='ocr_line' id='line_1_1' title="bbox 502 483 1725 556; baseline 0.006 -8"><span class='ocrx_word' id='word_1_1' title='bbox 502 523 505 528; x_wconf 94' lang='lat'>-</span> <span class='ocrx_word' id='word_1_2' title='bbox 570 484 769 552; x_wconf 68' lang='lat' dir='ltr'><strong>vinioluiii</strong></span> <span class='ocrx_word' id='word_1_3' title='bbox 794 483 1080 550; x_wconf 76' lang='lat' dir='ltr'>PROLEGOMENA</span> <span class='ocrx_word' id='word_1_4' title='bbox 1101 484 1142 550; x_wconf 85' lang='grc' dir='ltr'>ΙΝ</span> <span class='ocrx_word' id='word_1_5' title='bbox 1164 485 1336 554; x_wconf 64' lang='lat' dir='ltr'>ischiros</span> <span class='ocrx_word' id='word_1_6' title='bbox 1669 491 1725 556; x_wconf 78' lang='lat' dir='ltr'>iii</span> 
     </span>
    </p>
   </div>
   <div class='ocr_carea' id='block_1_2' title="bbox 940 757 968 829">
    <p class='ocr_par' dir='ltr' id='par_1_2' title="bbox 940 757 968 829">
     <span class='ocr_line' id='line_1_2' title="bbox 940 757 968 829; baseline 0.036 -1"><span class='ocrx_word' id='word_1_7' title='bbox 940 757 968 829; x_wconf 95' lang='grc' dir='ltr'>Ι.</span> 
     </span>
    </p>
   </div>
   <div class='ocr_carea' id='block_1_3' title="bbox 278 945 1629 1162">
    <p class='ocr_par' dir='ltr' id='par_1_3' title="bbox 278 945 1629 1162">
     <span class='ocr_line' id='line_1_3' title="bbox 348 945 1555 1046; baseline 0.008 -36"><span class='ocrx_word' id='word_1_8' title='bbox 348 945 537 1039; x_wconf 86' lang='grc' dir='ltr'>Ἐπιγραφαί</span> <span class='ocrx_word' id='word_1_9' title='bbox 560 947 614 1011; x_wconf 85' lang='grc' dir='ltr'>καί</span> <span class='ocrx_word' id='word_1_10' title='bbox 637 947 733 1038; x_wconf 78' lang='grc' dir='ltr'>ἀρχαί</span> <span class='ocrx_word' id='word_1_11' title='bbox 755 959 818 1014; x_wconf 84' lang='grc' dir='ltr'>τῶν</span> <span class='ocrx_word' id='word_1_12' title='bbox 843 951 884 1042; x_wconf 81' lang='grc' dir='ltr'>ρι’</span> <span class='ocrx_word' id='word_1_13' title='bbox 908 947 1040 1041; x_wconf 80' lang='grc' dir='ltr'>ψαλμῶν</span> <span class='ocrx_word' id='word_1_14' title='bbox 1063 954 1148 1018; x_wconf 80' lang='grc' dir='ltr'>κατὰ</span> <span class='ocrx_word' id='word_1_15' title='bbox 1170 953 1242 1032; x_wconf 84' lang='grc' dir='ltr'>τοὺς</span> <span class='ocrx_word' id='word_1_16' title='bbox 1266 956 1312 1034; x_wconf 87' lang='lat'>0¹,</span> <span class='ocrx_word' id='word_1_17' title='bbox 1336 965 1399 1020; x_wconf 80' lang='grc' dir='ltr'>τῶν</span> <span class='ocrx_word' id='word_1_18' title='bbox 1423 953 1555 1046; x_wconf 84' lang='grc' dir='ltr'>ψαλμῶν</span> 
     </span>
     <span class='ocr_line' id='line_1_4' title="bbox 278 1052 1629 1162; baseline 0.008 -45"><span class='ocrx_word' id='word_1_19' title='bbox 278 1054 455 1146; x_wconf 73' lang='grc' dir='ltr'>προγραφαὶ</span> <span class='ocrx_word' id='word_1_20' title='bbox 480 1053 523 1119; x_wconf 92' lang='grc' dir='ltr'>τά</span> <span class='ocrx_word' id='word_1_21' title='bbox 549 1054 655 1122; x_wconf 89' lang='grc' dir='ltr'>πολλά</span> <span class='ocrx_word' id='word_1_22' title='bbox 681 1067 722 1144; x_wconf 69' lang='grc' dir='ltr'>τῇ</span> <span class='ocrx_word' id='word_1_23' title='bbox 750 1056 820 1122; x_wconf 87' lang='grc' dir='ltr'>καθ’</span> <span class='ocrx_word' id='word_1_24' title='bbox 837 1052 993 1162; x_wconf 68' lang='grc' dir='ltr'>Ἐὕραίους</span> <span class='ocrx_word' id='word_1_25' title='bbox 1021 1053 1138 1152; x_wconf 80' lang='grc' dir='ltr'>ἑκδοχῇ</span> <span class='ocrx_word' id='word_1_26' title='bbox 1168 1073 1387 1153; x_wconf 88' lang='grc' dir='ltr'>συμφωνοῦσαι</span> <span class='ocrx_word' id='word_1_27' title='bbox 1414 1065 1629 1157; x_wconf 88' lang='grc' dir='ltr'>ἀνεπίγραφοι.</span> 
     </span>
    </p>
   </div>
   <div class='ocr_carea' id='block_1_4' title="bbox 324 1195 1593 1393">
    <p class='ocr_par' dir='ltr' id='par_1_4' title="bbox 324 1195 1593 1393">
     <span class='ocr_line' id='line_1_5' title="bbox 324 1195 1593 1284; baseline 0.005 -26"><span class='ocrx_word' id='word_1_28' title='bbox 324 1195 528 1279; x_wconf 72' lang='lat' dir='ltr'>inscriptiones</span> <span class='ocrx_word' id='word_1_29' title='bbox 542 1203 570 1260; x_wconf 84' lang='lat' dir='ltr'>ei</span> <span class='ocrx_word' id='word_1_30' title='bbox 583 1197 666 1262; x_wconf 80' lang='grc' dir='ltr'>ιἰιιῖίυ</span> <span class='ocrx_word' id='word_1_31' title='bbox 681 1197 730 1264; x_wconf 73' lang='lat' dir='ltr'>ci</span> <span class='ocrx_word' id='word_1_32' title='bbox 744 1199 940 1278; x_wconf 77' lang='grc' dir='ltr'>Ροοίιιιοιτιιιι,</span> <span class='ocrx_word' id='word_1_33' title='bbox 958 1201 1009 1284; x_wconf 81' lang='grc' dir='ltr'>φοί</span> <span class='ocrx_word' id='word_1_34' title='bbox 1022 1201 1172 1265; x_wconf 77' lang='lat' dir='ltr'>secundom</span> <span class='ocrx_word' id='word_1_35' title='bbox 1191 1201 1282 1282; x_wconf 80' lang='lat' dir='ltr'><em>LXX,</em></span> <span class='ocrx_word' id='word_1_36' title='bbox 1299 1201 1379 1266; x_wconf 78' lang='grc' dir='ltr'>ίιῖιιίο</span> <span class='ocrx_word' id='word_1_37' title='bbox 1393 1201 1593 1281; x_wconf 75' lang='lat' dir='ltr'>inscribuntur,</span> 
     </span>
     <span class='ocr_line' id='line_1_6' title="bbox 404 1302 1506 1393; baseline 0.007 -27"><span class='ocrx_word' id='word_1_38' title='bbox 404 1302 635 1386; x_wconf 66' lang='lat' dir='ltr'>copiarumque</span> <span class='ocrx_word' id='word_1_39' title='bbox 655 1306 684 1368; x_wconf 84' lang='grc' dir='ltr'>ιἰι</span> <span class='ocrx_word' id='word_1_40' title='bbox 704 1305 836 1371; x_wconf 59' lang='lat' dir='ltr'><strong>meare</strong></span> <span class='ocrx_word' id='word_1_41' title='bbox 856 1307 967 1372; x_wconf 77' lang='lat' dir='ltr'>lectione</span> <span class='ocrx_word' id='word_1_42' title='bbox 987 1307 1180 1371; x_wconf 66' lang='lat' dir='ltr'>concomites</span> <span class='ocrx_word' id='word_1_43' title='bbox 1201 1309 1354 1393; x_wconf 77' lang='grc' dir='ltr'>ιμίρτυρίυ</span> <span class='ocrx_word' id='word_1_44' title='bbox 1375 1309 1506 1375; x_wconf 70' lang='lat' dir='ltr'>destituti.</span> 
     </span>
    </p>
   </div>
   <div class='ocr_carea' id='block_1_5' title="bbox 118 1479 1769 3850">
    <p class='ocr_par' dir='ltr' id='par_1_5' title="bbox 226 1479 1554 1588">
     <span class='ocr_line' id='line_1_7' title="bbox 226 1479 1554 1588; baseline 0.011 -38"><span class='ocrx_word' id='word_1_45' title='bbox 226 1491 334 1575; x_wconf 85' lang='grc' dir='ltr'>Ψαλμ.</span> <span class='ocrx_word' id='word_1_46' title='bbox 352 1479 389 1552; x_wconf 80' lang='grc' dir='ltr'>δ’.</span> <span class='ocrx_word' id='word_1_47' title='bbox 403 1495 454 1564; x_wconf 85' lang='grc' dir='ltr'>Εἰς</span> <span class='ocrx_word' id='word_1_48' title='bbox 467 1490 504 1555; x_wconf 83' lang='grc' dir='ltr'>τὸ</span> <span class='ocrx_word' id='word_1_49' title='bbox 518 1490 608 1568; x_wconf 93' lang='grc' dir='ltr'>τέλος</span> <span class='ocrx_word' id='word_1_50' title='bbox 624 1490 745 1583; x_wconf 86' lang='grc' dir='ltr'>ψαλμὸς</span> <span class='ocrx_word' id='word_1_51' title='bbox 760 1503 806 1578; x_wconf 81' lang='grc' dir='ltr'>τῷ</span> <span class='ocrx_word' id='word_1_52' title='bbox 823 1487 928 1562; x_wconf 85' lang='grc' dir='ltr'>Δαυίδ.</span> <span class='ocrx_word' id='word_1_53' title='bbox 984 1506 1047 1562; x_wconf 84' lang='grc' dir='ltr'>τῶν</span> <span class='ocrx_word' id='word_1_54' title='bbox 1070 1497 1202 1588; x_wconf 87' lang='grc' dir='ltr'>πρώτων</span> <span class='ocrx_word' id='word_1_55' title='bbox 1227 1498 1554 1588; x_wconf 82' lang='grc' dir='ltr'>αἰχμαλωτισθέντων.</span> 
     </span>
    </p>

    <p class='ocr_par' dir='ltr' id='par_1_6' title="bbox 226 1592 1531 1699">
     <span class='ocr_line' id='line_1_8' title="bbox 226 1592 1531 1699; baseline 0.013 -43"><span class='ocrx_word' id='word_1_56' title='bbox 226 1595 251 1656; x_wconf 86' lang='grc' dir='ltr'>ι’.</span> <span class='ocrx_word' id='word_1_57' title='bbox 275 1599 325 1670; x_wconf 84' lang='grc' dir='ltr'>Εἰς</span> <span class='ocrx_word' id='word_1_58' title='bbox 348 1597 387 1660; x_wconf 82' lang='grc' dir='ltr'>τὸ</span> <span class='ocrx_word' id='word_1_59' title='bbox 410 1595 499 1673; x_wconf 92' lang='grc' dir='ltr'>τέλος</span> <span class='ocrx_word' id='word_1_60' title='bbox 523 1607 569 1682; x_wconf 86' lang='grc' dir='ltr'>τῷ</span> <span class='ocrx_word' id='word_1_61' title='bbox 593 1592 691 1665; x_wconf 89' lang='grc' dir='ltr'>Δαυίδ</span> <span class='ocrx_word' id='word_1_62' title='bbox 714 1597 846 1691; x_wconf 85' lang='grc' dir='ltr'>ψαλμός.</span> <span class='ocrx_word' id='word_1_63' title='bbox 1029 1606 1085 1670; x_wconf 85' lang='grc' dir='ltr'>οοί.</span> <span class='ocrx_word' id='word_1_64' title='bbox 1108 1613 1159 1684; x_wconf 85' lang='grc' dir='ltr'>Είς</span> <span class='ocrx_word' id='word_1_65' title='bbox 1185 1612 1334 1696; x_wconf 83' lang='grc' dir='ltr'>Σολομῶν</span> <span class='ocrx_word' id='word_1_66' title='bbox 1349 1607 1374 1697; x_wconf 87' lang='lat'>¹)</span> <span class='ocrx_word' id='word_1_67' title='bbox 1400 1605 1531 1699; x_wconf 82' lang='grc' dir='ltr'>ψαλμιίς.</span> 
     </span>
    </p>

    <p class='ocr_par' dir='ltr' id='par_1_7' title="bbox 182 1701 1734 1913">
     <span class='ocr_line' id='line_1_9' title="bbox 225 1701 1734 1814; baseline 0.008 -46"><span class='ocrx_word' id='word_1_68' title='bbox 225 1703 284 1796; x_wconf 85' lang='grc' dir='ltr'>κγ’.</span> <span class='ocrx_word' id='word_1_69' title='bbox 309 1705 444 1793; x_wconf 81' lang='grc' dir='ltr'>Ψαλμδς</span> <span class='ocrx_word' id='word_1_70' title='bbox 468 1715 514 1791; x_wconf 85' lang='grc' dir='ltr'>τῷ</span> <span class='ocrx_word' id='word_1_71' title='bbox 538 1701 636 1774; x_wconf 85' lang='grc' dir='ltr'>Δαυίδ</span> <span class='ocrx_word' id='word_1_72' title='bbox 666 1720 725 1788; x_wconf 85' lang='grc' dir='ltr'>τῆς</span> <span class='ocrx_word' id='word_1_73' title='bbox 754 1721 826 1814; x_wconf 77' lang='grc' dir='ltr'>μιᾶς</span> <span class='ocrx_word' id='word_1_74' title='bbox 850 1713 937 1796; x_wconf 85' lang='grc' dir='ltr'>σαβ-·</span> <span class='ocrx_word' id='word_1_75' title='bbox 1029 1713 1078 1790; x_wconf 65' lang='lat' dir='ltr'>od.</span> <span class='ocrx_word' id='word_1_76' title='bbox 1102 1721 1152 1792; x_wconf 88' lang='grc' dir='ltr'>Είς</span> <span class='ocrx_word' id='word_1_77' title='bbox 1175 1716 1214 1781; x_wconf 82' lang='grc' dir='ltr'>τὸ</span> <span class='ocrx_word' id='word_1_78' title='bbox 1245 1715 1353 1796; x_wconf 93' lang='grc' dir='ltr'>τέλος,</span> <span class='ocrx_word' id='word_1_79' title='bbox 1378 1715 1453 1808; x_wconf 86' lang='grc' dir='ltr'>ὑπέρ</span> <span class='ocrx_word' id='word_1_80' title='bbox 1476 1708 1663 1806; x_wconf 60' lang='grc' dir='ltr'>Ἰδιθοὺμέ),</span> <span class='ocrx_word' id='word_1_81' title='bbox 1688 1725 1734 1800; x_wconf 85' lang='grc' dir='ltr'>τῷ</span> 
     </span>
     <span class='ocr_line' id='line_1_10' title="bbox 182 1810 1241 1913; baseline 0.013 -38"><span class='ocrx_word' id='word_1_82' title='bbox 182 1810 297 1894; x_wconf 83' lang='grc' dir='ltr'>βάτων.</span> <span class='ocrx_word' id='word_1_83' title='bbox 983 1820 1084 1912; x_wconf 85' lang='grc' dir='ltr'>Ἀσάφ</span> <span class='ocrx_word' id='word_1_84' title='bbox 1108 1819 1241 1913; x_wconf 86' lang='grc' dir='ltr'>ψαλμός.</span> 
     </span>
    </p>

    <p class='ocr_par' dir='ltr' id='par_1_8' title="bbox 224 1912 1466 2021">
     <span class='ocr_line' id='line_1_11' title="bbox 224 1912 1466 2021; baseline 0.011 -39"><span class='ocrx_word' id='word_1_85' title='bbox 224 1917 280 1983; x_wconf 85' lang='grc' dir='ltr'>κε’.</span> <span class='ocrx_word' id='word_1_86' title='bbox 309 1925 371 1985; x_wconf 97' lang='grc' dir='ltr'>Τοῦ</span> <span class='ocrx_word' id='word_1_87' title='bbox 395 1912 491 1987; x_wconf 85' lang='grc' dir='ltr'>Δαυίδ</span> <span class='ocrx_word' id='word_1_88' title='bbox 515 1919 647 2012; x_wconf 83' lang='grc' dir='ltr'>ψαλμός.</span> <span class='ocrx_word' id='word_1_89' title='bbox 1029 1929 1086 2003; x_wconf 87' lang='grc' dir='ltr'>οη’.</span> <span class='ocrx_word' id='word_1_90' title='bbox 1112 1929 1266 2009; x_wconf 87' lang='grc' dir='ltr'>Σννέσεως</span> <span class='ocrx_word' id='word_1_91' title='bbox 1288 1939 1335 2015; x_wconf 84' lang='grc' dir='ltr'>τῷ</span> <span class='ocrx_word' id='word_1_92' title='bbox 1355 1929 1466 2021; x_wconf 83' lang='grc' dir='ltr'>Ἀσάφ.</span> 
     </span>
    </p>

    <p class='ocr_par' dir='ltr' id='par_1_9' title="bbox 118 2016 1736 2237">
     <span class='ocr_line' id='line_1_12' title="bbox 226 2016 1734 2130; baseline 0.01 -40"><span class='ocrx_word' id='word_1_93' title='bbox 226 2016 282 2090; x_wconf 79' lang='grc' dir='ltr'>κδ’.</span> <span class='ocrx_word' id='word_1_94' title='bbox 306 2031 357 2104; x_wconf 87' lang='grc' dir='ltr'>Είς</span> <span class='ocrx_word' id='word_1_95' title='bbox 380 2029 418 2092; x_wconf 82' lang='grc' dir='ltr'>τὸ</span> <span class='ocrx_word' id='word_1_96' title='bbox 441 2029 531 2107; x_wconf 85' lang='grc' dir='ltr'>τέλος</span> <span class='ocrx_word' id='word_1_97' title='bbox 555 2027 677 2120; x_wconf 81' lang='grc' dir='ltr'>ψαλμδς</span> <span class='ocrx_word' id='word_1_98' title='bbox 700 2022 783 2115; x_wconf 84' lang='grc' dir='ltr'>ᾠδῆς</span> <span class='ocrx_word' id='word_1_99' title='bbox 805 2043 861 2099; x_wconf 91' lang='grc' dir='ltr'>τοῦ</span> <span class='ocrx_word' id='word_1_100' title='bbox 881 2037 932 2126; x_wconf 82' lang='grc' dir='ltr'>ἐγ·</span> <span class='ocrx_word' id='word_1_101' title='bbox 1028 2037 1092 2109; x_wconf 66' lang='grc' dir='ltr'>πεί.</span> <span class='ocrx_word' id='word_1_102' title='bbox 1117 2037 1271 2115; x_wconf 85' lang='grc' dir='ltr'>Συνέσεως</span> <span class='ocrx_word' id='word_1_103' title='bbox 1300 2037 1402 2127; x_wconf 81' lang='grc' dir='ltr'>Αίμάν</span> <span class='ocrx_word' id='word_1_104' title='bbox 1416 2037 1442 2128; x_wconf 75' lang='lat'>³)</span> <span class='ocrx_word' id='word_1_105' title='bbox 1467 2047 1513 2120; x_wconf 82' lang='grc' dir='ltr'>τῷ</span> <span class='ocrx_word' id='word_1_106' title='bbox 1541 2037 1734 2130; x_wconf 84' lang='grc' dir='ltr'>Ἰσραηλίτῃ.</span> 
     </span>
     <span class='ocr_line' id='line_1_13' title="bbox 118 2129 1736 2237; baseline 0.011 -42"><span class='ocrx_word' id='word_1_107' title='bbox 118 2201 120 2204; x_wconf 57' lang='grc'>,</span> <span class='ocrx_word' id='word_1_108' title='bbox 182 2143 346 2223; x_wconf 84' lang='grc' dir='ltr'>καινισμοῦ</span> <span class='ocrx_word' id='word_1_109' title='bbox 369 2145 425 2201; x_wconf 91' lang='grc' dir='ltr'>τοῦ</span> <span class='ocrx_word' id='word_1_110' title='bbox 449 2137 534 2202; x_wconf 86' lang='grc' dir='ltr'>οίκου</span> <span class='ocrx_word' id='word_1_111' title='bbox 557 2147 604 2222; x_wconf 81' lang='grc' dir='ltr'>τῷ</span> <span class='ocrx_word' id='word_1_112' title='bbox 627 2129 734 2204; x_wconf 87' lang='grc' dir='ltr'>Δαυίδ.</span> <span class='ocrx_word' id='word_1_113' title='bbox 1029 2135 1088 2208; x_wconf 86' lang='grc' dir='ltr'>πθ’.</span> <span class='ocrx_word' id='word_1_114' title='bbox 1112 2144 1275 2236; x_wconf 76' lang='grc' dir='ltr'>Προσευχλ</span> <span class='ocrx_word' id='word_1_115' title='bbox 1289 2155 1335 2229; x_wconf 85' lang='grc' dir='ltr'>τῴ</span> <span class='ocrx_word' id='word_1_116' title='bbox 1348 2151 1461 2234; x_wconf 57' lang='lat' dir='ltr'>Morio-gn</span> <span class='ocrx_word' id='word_1_117' title='bbox 1477 2145 1504 2234; x_wconf 69' lang='grc'>4)</span> <span class='ocrx_word' id='word_1_118' title='bbox 1517 2145 1667 2237; x_wconf 81' lang='grc' dir='ltr'>ἀνθρώπῳ</span> <span class='ocrx_word' id='word_1_119' title='bbox 1679 2157 1736 2212; x_wconf 86' lang='grc' dir='ltr'>τοῦ</span> 
     </span>
    </p>

    <p class='ocr_par' dir='ltr' id='par_1_10' title="bbox 227 2235 1769 2326">
     <span class='ocr_line' id='line_1_14' title="bbox 227 2235 1769 2326; baseline 0.014 -21"><span class='ocrx_word' id='word_1_120' title='bbox 227 2243 289 2305; x_wconf 91' lang='grc' dir='ltr'>λα’.</span> <span class='ocrx_word' id='word_1_121' title='bbox 315 2249 367 2326; x_wconf 81' lang='grc' dir='ltr'>Τῷ</span> <span class='ocrx_word' id='word_1_122' title='bbox 391 2235 488 2308; x_wconf 87' lang='grc' dir='ltr'>Δαυίδ</span> <span class='ocrx_word' id='word_1_123' title='bbox 508 2243 664 2323; x_wconf 87' lang='grc' dir='ltr'>συνέσεως.</span> <span class='ocrx_word' id='word_1_124' title='bbox 986 2256 1074 2315; x_wconf 87' lang='grc' dir='ltr'>Θεοῦ.</span> <span class='ocrx_word' id='word_1_125' title='bbox 1766 2320 1769 2326; x_wconf 92' lang='grc'>.</span> 
     </span>
    </p>

    <p class='ocr_par' dir='ltr' id='par_1_11' title="bbox 228 2341 1737 2452">
     <span class='ocr_line' id='line_1_15' title="bbox 228 2341 1737 2452; baseline 0.009 -38"><span class='ocrx_word' id='word_1_126' title='bbox 228 2351 284 2426; x_wconf 79' lang='grc' dir='ltr'>λς’.</span> <span class='ocrx_word' id='word_1_127' title='bbox 309 2357 371 2415; x_wconf 92' lang='grc' dir='ltr'>Τοῦ</span> <span class='ocrx_word' id='word_1_128' title='bbox 396 2341 501 2416; x_wconf 88' lang='grc' dir='ltr'>Δαυίδ.</span> <span class='ocrx_word' id='word_1_129' title='bbox 1032 2349 1089 2442; x_wconf 54' lang='grc' dir='ltr'>[ια’.</span> <span class='ocrx_word' id='word_1_130' title='bbox 1114 2357 1250 2448; x_wconf 83' lang='grc' dir='ltr'>Ψαλμδς</span> <span class='ocrx_word' id='word_1_131' title='bbox 1274 2349 1357 2443; x_wconf 78' lang='grc' dir='ltr'>ᾠδῆς</span> <span class='ocrx_word' id='word_1_132' title='bbox 1390 2365 1432 2437; x_wconf 79' lang='grc' dir='ltr'>τίς</span> <span class='ocrx_word' id='word_1_133' title='bbox 1454 2359 1514 2434; x_wconf 75' lang='grc' dir='ltr'>τὴν</span> <span class='ocrx_word' id='word_1_134' title='bbox 1537 2360 1657 2452; x_wconf 75' lang='grc' dir='ltr'>ἡμέραν</span> <span class='ocrx_word' id='word_1_135' title='bbox 1680 2371 1737 2427; x_wconf 91' lang='grc' dir='ltr'>τοῦ</span> 
     </span>
    </p>

    <p class='ocr_par' dir='ltr' id='par_1_12' title="bbox 186 2457 1738 2668">
     <span class='ocr_line' id='line_1_16' title="bbox 228 2457 1675 2560; baseline 0.008 -40"><span class='ocrx_word' id='word_1_136' title='bbox 228 2458 291 2546; x_wconf 86' lang='grc' dir='ltr'>μα’.</span> <span class='ocrx_word' id='word_1_137' title='bbox 316 2457 425 2534; x_wconf 54' lang='lat' dir='ltr'>Eine</span> <span class='ocrx_word' id='word_1_138' title='bbox 441 2458 542 2544; x_wconf 83' lang='grc' dir='ltr'>τέλος,</span> <span class='ocrx_word' id='word_1_139' title='bbox 559 2464 601 2537; x_wconf 87' lang='grc' dir='ltr'>είς</span> <span class='ocrx_word' id='word_1_140' title='bbox 617 2458 747 2542; x_wconf 87' lang='grc' dir='ltr'>σιἰνεσιν,</span> <span class='ocrx_word' id='word_1_141' title='bbox 770 2470 835 2538; x_wconf 87' lang='grc' dir='ltr'>τοῖς</span> <span class='ocrx_word' id='word_1_142' title='bbox 858 2466 932 2539; x_wconf 87' lang='grc' dir='ltr'>υίοῖς</span> <span class='ocrx_word' id='word_1_143' title='bbox 986 2465 1162 2552; x_wconf 87' lang='grc' dir='ltr'>σαββάτου,</span> <span class='ocrx_word' id='word_1_144' title='bbox 1187 2469 1395 2560; x_wconf 78' lang='grc' dir='ltr'>ἀνεπίγραφος</span> <span class='ocrx_word' id='word_1_145' title='bbox 1418 2467 1489 2559; x_wconf 89' lang='grc' dir='ltr'>παρ’</span> <span class='ocrx_word' id='word_1_146' title='bbox 1515 2459 1675 2559; x_wconf 70' lang='grc' dir='ltr'>Ἑῴραίοις.</span> 
     </span>
     <span class='ocr_line' id='line_1_17' title="bbox 186 2563 1738 2668; baseline 0.008 -40"><span class='ocrx_word' id='word_1_147' title='bbox 186 2563 266 2655; x_wconf 83' lang='grc' dir='ltr'>Κορὲ</span> <span class='ocrx_word' id='word_1_148' title='bbox 275 2651 279 2658; x_wconf 30' lang='lat'>¹</span> <span class='ocrx_word' id='word_1_149' title='bbox 289 2563 419 2656; x_wconf 84' lang='grc' dir='ltr'>ψαλμὸς.</span> <span class='ocrx_word' id='word_1_150' title='bbox 1033 2564 1084 2658; x_wconf 56' lang='grc' dir='ltr'>ἧς’.</span> <span class='ocrx_word' id='word_1_151' title='bbox 1097 2579 1149 2656; x_wconf 84' lang='grc' dir='ltr'>Τῴ</span> <span class='ocrx_word' id='word_1_152' title='bbox 1162 2565 1269 2652; x_wconf 78' lang='grc' dir='ltr'>Δαυίδ,</span> <span class='ocrx_word' id='word_1_153' title='bbox 1283 2575 1369 2649; x_wconf 75' lang='grc' dir='ltr'>ὅτεὴ</span> <span class='ocrx_word' id='word_1_154' title='bbox 1384 2585 1426 2668; x_wconf 73' lang='grc' dir='ltr'>γῆ</span> <span class='ocrx_word' id='word_1_155' title='bbox 1442 2579 1539 2640; x_wconf 85' lang='grc' dir='ltr'>αὑτοῦ</span> <span class='ocrx_word' id='word_1_156' title='bbox 1554 2573 1738 2641; x_wconf 86' lang='grc' dir='ltr'>καθίστατο.</span> 
     </span>
    </p>

    <p class='ocr_par' dir='ltr' id='par_1_13' title="bbox 184 2667 1737 2880">
     <span class='ocr_line' id='line_1_18' title="bbox 229 2667 1737 2777; baseline 0.007 -36"><span class='ocrx_word' id='word_1_157' title='bbox 229 2667 291 2764; x_wconf 64' lang='grc' dir='ltr'>μί’.</span> <span class='ocrx_word' id='word_1_158' title='bbox 315 2675 451 2766; x_wconf 82' lang='grc' dir='ltr'>Ψαλμδς</span> <span class='ocrx_word' id='word_1_159' title='bbox 481 2687 546 2755; x_wconf 86' lang='grc' dir='ltr'>τοῖς</span> <span class='ocrx_word' id='word_1_160' title='bbox 575 2683 650 2756; x_wconf 87' lang='grc' dir='ltr'>υίοῖς</span> <span class='ocrx_word' id='word_1_161' title='bbox 682 2679 777 2771; x_wconf 80' lang='grc' dir='ltr'>Κορὲ,</span> <span class='ocrx_word' id='word_1_162' title='bbox 803 2671 933 2770; x_wconf 78' lang='grc' dir='ltr'>δευτέρᾳ</span> <span class='ocrx_word' id='word_1_163' title='bbox 1033 2673 1084 2773; x_wconf 78' lang='grc' dir='ltr'>ργ’.</span> <span class='ocrx_word' id='word_1_164' title='bbox 1103 2689 1155 2766; x_wconf 85' lang='grc' dir='ltr'>Τῷ</span> <span class='ocrx_word' id='word_1_165' title='bbox 1171 2674 1278 2761; x_wconf 86' lang='grc' dir='ltr'>Δαυίδ,</span> <span class='ocrx_word' id='word_1_166' title='bbox 1295 2683 1346 2750; x_wconf 66' lang='lat' dir='ltr'>eri</span> <span class='ocrx_word' id='word_1_167' title='bbox 1361 2695 1419 2762; x_wconf 74' lang='grc' dir='ltr'>τῆς</span> <span class='ocrx_word' id='word_1_168' title='bbox 1435 2684 1554 2774; x_wconf 80' lang='grc' dir='ltr'>κόσμου</span> <span class='ocrx_word' id='word_1_169' title='bbox 1577 2684 1737 2777; x_wconf 88' lang='grc' dir='ltr'>γενέσεως,</span> 
     </span>
     <span class='ocr_line' id='line_1_19' title="bbox 184 2782 1474 2880; baseline 0.007 -34"><span class='ocrx_word' id='word_1_170' title='bbox 184 2782 357 2869; x_wconf 86' lang='grc' dir='ltr'>σαββάτου.</span> <span class='ocrx_word' id='word_1_171' title='bbox 987 2791 1195 2880; x_wconf 79' lang='grc' dir='ltr'>ἀνεπίγραφος</span> <span class='ocrx_word' id='word_1_172' title='bbox 1217 2788 1289 2880; x_wconf 83' lang='grc' dir='ltr'>παρ’</span> <span class='ocrx_word' id='word_1_173' title='bbox 1316 2783 1474 2880; x_wconf 69' lang='grc' dir='ltr'>Ἑίραίοις.</span> 
     </span>
    </p>

    <p class='ocr_par' dir='ltr' id='par_1_14' title="bbox 186 2881 1740 3311">
     <span class='ocr_line' id='line_1_20' title="bbox 229 2881 1500 2989; baseline 0.008 -35"><span class='ocrx_word' id='word_1_174' title='bbox 229 2881 280 2956; x_wconf 75' lang='grc' dir='ltr'>νίί.</span> <span class='ocrx_word' id='word_1_175' title='bbox 304 2895 355 2967; x_wconf 89' lang='grc' dir='ltr'>Είς</span> <span class='ocrx_word' id='word_1_176' title='bbox 378 2891 415 2954; x_wconf 82' lang='grc' dir='ltr'>τὸ</span> <span class='ocrx_word' id='word_1_177' title='bbox 439 2891 528 2968; x_wconf 84' lang='grc' dir='ltr'>τέλος</span> <span class='ocrx_word' id='word_1_178' title='bbox 552 2903 617 2970; x_wconf 87' lang='grc' dir='ltr'>τοῖς</span> <span class='ocrx_word' id='word_1_179' title='bbox 634 2893 934 2985; x_wconf 85' lang='grc' dir='ltr'>ἀλλοιωθησομένοις</span> <span class='ocrx_word' id='word_1_180' title='bbox 1034 2895 1086 2989; x_wconf 66' lang='lat' dir='ltr'>pff.</span> <span class='ocrx_word' id='word_1_181' title='bbox 1112 2905 1174 2964; x_wconf 87' lang='grc' dir='ltr'>Τοῦ</span> <span class='ocrx_word' id='word_1_182' title='bbox 1198 2891 1296 2964; x_wconf 84' lang='grc' dir='ltr'>Δαυίδ</span> <span class='ocrx_word' id='word_1_183' title='bbox 1319 2894 1450 2989; x_wconf 84' lang='grc' dir='ltr'>ψαλμός.</span> <span class='ocrx_word' id='word_1_184' title='bbox 1497 2939 1500 2946; x_wconf 90' lang='lat'>·</span> 
     </span>
     <span class='ocr_line' id='line_1_21' title="bbox 186 2993 1488 3095; baseline 0.004 -31"><span class='ocrx_word' id='word_1_185' title='bbox 186 3004 227 3075; x_wconf 86' lang='grc' dir='ltr'>εἰς</span> <span class='ocrx_word' id='word_1_186' title='bbox 252 3001 496 3092; x_wconf 86' lang='grc' dir='ltr'>στηλογραφίαν.</span> <span class='ocrx_word' id='word_1_187' title='bbox 521 3008 573 3086; x_wconf 82' lang='grc' dir='ltr'>Τῷ</span> <span class='ocrx_word' id='word_1_188' title='bbox 598 2995 694 3068; x_wconf 85' lang='grc' dir='ltr'>Δαυίδ</span> <span class='ocrx_word' id='word_1_189' title='bbox 718 3009 760 3080; x_wconf 83' lang='grc' dir='ltr'>εἰς</span> <span class='ocrx_word' id='word_1_190' title='bbox 789 2995 933 3094; x_wconf 70' lang='grc' dir='ltr'>διδαχὴν,</span> <span class='ocrx_word' id='word_1_191' title='bbox 1036 2993 1102 3095; x_wconf 77' lang='grc' dir='ltr'>ρλς’.</span> <span class='ocrx_word' id='word_1_192' title='bbox 1126 3011 1179 3088; x_wconf 83' lang='grc' dir='ltr'>Τῷ</span> <span class='ocrx_word' id='word_1_193' title='bbox 1202 2994 1299 3070; x_wconf 87' lang='grc' dir='ltr'>Δαυίδ</span> <span class='ocrx_word' id='word_1_194' title='bbox 1322 3005 1488 3094; x_wconf 82' lang='grc' dir='ltr'>Ζαχαρίου.</span> 
     </span>
     <span class='ocr_line' id='line_1_22' title="bbox 186 3102 1740 3202; baseline 0.005 -31"><span class='ocrx_word' id='word_1_195' title='bbox 186 3108 282 3172; x_wconf 87' lang='grc' dir='ltr'>ὅποτε</span> <span class='ocrx_word' id='word_1_196' title='bbox 314 3106 487 3198; x_wconf 78' lang='grc' dir='ltr'>ἐνεπύρισεν</span> <span class='ocrx_word' id='word_1_197' title='bbox 519 3107 579 3182; x_wconf 73' lang='grc' dir='ltr'>τὴν</span> <span class='ocrx_word' id='word_1_198' title='bbox 607 3111 849 3200; x_wconf 88' lang='grc' dir='ltr'>Μεσοποταμίαν</span> <span class='ocrx_word' id='word_1_199' title='bbox 873 3116 935 3175; x_wconf 86' lang='grc' dir='ltr'>Συ·</span> <span class='ocrx_word' id='word_1_200' title='bbox 1035 3112 1111 3202; x_wconf 86' lang='grc' dir='ltr'>ρλη’.</span> <span class='ocrx_word' id='word_1_201' title='bbox 1128 3117 1179 3188; x_wconf 86' lang='grc' dir='ltr'>Είς</span> <span class='ocrx_word' id='word_1_202' title='bbox 1194 3113 1233 3178; x_wconf 87' lang='grc' dir='ltr'>τδ</span> <span class='ocrx_word' id='word_1_203' title='bbox 1248 3111 1349 3191; x_wconf 85' lang='grc' dir='ltr'>τέλος,</span> <span class='ocrx_word' id='word_1_204' title='bbox 1367 3108 1489 3201; x_wconf 84' lang='grc' dir='ltr'>ψαλμδς</span> <span class='ocrx_word' id='word_1_205' title='bbox 1505 3120 1552 3195; x_wconf 82' lang='grc' dir='ltr'>τῷ</span> <span class='ocrx_word' id='word_1_206' title='bbox 1568 3102 1665 3178; x_wconf 89' lang='grc' dir='ltr'>Δαυίδ</span> <span class='ocrx_word' id='word_1_207' title='bbox 1680 3119 1740 3177; x_wconf 90' lang='grc' dir='ltr'>Ζα-</span> 
     </span>
     <span class='ocr_line' id='line_1_23' title="bbox 187 3210 1409 3311; baseline 0.004 -33"><span class='ocrx_word' id='word_1_208' title='bbox 187 3216 260 3305; x_wconf 89' lang='grc' dir='ltr'>ρίας,</span> <span class='ocrx_word' id='word_1_209' title='bbox 273 3215 327 3279; x_wconf 88' lang='grc' dir='ltr'>καί</span> <span class='ocrx_word' id='word_1_210' title='bbox 339 3213 399 3289; x_wconf 79' lang='grc' dir='ltr'>τλν</span> <span class='ocrx_word' id='word_1_211' title='bbox 418 3215 529 3305; x_wconf 90' lang='grc' dir='ltr'>Συρίαν</span> <span class='ocrx_word' id='word_1_212' title='bbox 548 3210 664 3295; x_wconf 67' lang='grc' dir='ltr'>Σοῴἀλ,</span> <span class='ocrx_word' id='word_1_213' title='bbox 678 3216 732 3282; x_wconf 84' lang='grc' dir='ltr'>καί</span> <span class='ocrx_word' id='word_1_214' title='bbox 748 3213 934 3309; x_wconf 74' lang='grc' dir='ltr'>ἐπέστρεψεν</span> <span class='ocrx_word' id='word_1_215' title='bbox 988 3221 1098 3311; x_wconf 85' lang='grc' dir='ltr'>χαρίου</span> <span class='ocrx_word' id='word_1_216' title='bbox 1122 3224 1153 3284; x_wconf 79' lang='grc' dir='ltr'>ἐν</span> <span class='ocrx_word' id='word_1_217' title='bbox 1176 3230 1218 3306; x_wconf 75' lang='grc' dir='ltr'>τῇ</span> <span class='ocrx_word' id='word_1_218' title='bbox 1245 3211 1409 3309; x_wconf 80' lang='grc' dir='ltr'>διασπορᾷ.</span> 
     </span>
    </p>

    <p class='ocr_par' dir='ltr' id='par_1_15' title="bbox 187 3314 1740 3741">
     <span class='ocr_line' id='line_1_24' title="bbox 187 3314 1740 3421; baseline 0.005 -36"><span class='ocrx_word' id='word_1_219' title='bbox 187 3314 287 3400; x_wconf 71' lang='grc' dir='ltr'>Ἰωάί,</span> <span class='ocrx_word' id='word_1_220' title='bbox 304 3320 357 3386; x_wconf 85' lang='grc' dir='ltr'>καί</span> <span class='ocrx_word' id='word_1_221' title='bbox 373 3317 512 3402; x_wconf 73' lang='grc' dir='ltr'>ἐπάταξε</span> <span class='ocrx_word' id='word_1_222' title='bbox 527 3325 587 3399; x_wconf 76' lang='grc' dir='ltr'>τὴν</span> <span class='ocrx_word' id='word_1_223' title='bbox 605 3324 752 3418; x_wconf 83' lang='grc' dir='ltr'>φάραγγα</span> <span class='ocrx_word' id='word_1_224' title='bbox 767 3335 830 3390; x_wconf 87' lang='grc' dir='ltr'>τῶν</span> <span class='ocrx_word' id='word_1_225' title='bbox 852 3328 935 3390; x_wconf 83' lang='grc' dir='ltr'>ἀλῶν</span> <span class='ocrx_word' id='word_1_226' title='bbox 1036 3321 1105 3421; x_wconf 85' lang='grc' dir='ltr'>ρνοί.</span> <span class='ocrx_word' id='word_1_227' title='bbox 1129 3326 1339 3405; x_wconf 81' lang='grc' dir='ltr'>Ἀλληλοέῖα,</span> <span class='ocrx_word' id='word_1_228' title='bbox 1364 3321 1453 3404; x_wconf 77' lang='grc' dir='ltr'>οὗτος</span> <span class='ocrx_word' id='word_1_229' title='bbox 1476 3330 1492 3390; x_wconf 87' lang='grc' dir='ltr'><strong>ὁ</strong></span> <span class='ocrx_word' id='word_1_230' title='bbox 1516 3321 1640 3416; x_wconf 84' lang='grc' dir='ltr'>ψαλμδς</span> <span class='ocrx_word' id='word_1_231' title='bbox 1664 3319 1740 3393; x_wconf 62' lang='lat' dir='ltr'><strong>iiii-</strong></span> 
     </span>
     <span class='ocr_line' id='line_1_25' title="bbox 188 3419 1738 3528; baseline 0.005 -34"><span class='ocrx_word' id='word_1_232' title='bbox 188 3419 312 3494; x_wconf 84' lang='grc' dir='ltr'>δώδεκα</span> <span class='ocrx_word' id='word_1_233' title='bbox 332 3422 488 3520; x_wconf 88' lang='grc' dir='ltr'>χιλιάδας.</span> <span class='ocrx_word' id='word_1_234' title='bbox 975 3441 1105 3528; x_wconf 85' lang='grc' dir='ltr'>Ιγραφος</span> <span class='ocrx_word' id='word_1_235' title='bbox 1124 3445 1180 3500; x_wconf 87' lang='grc' dir='ltr'>τοῦ</span> <span class='ocrx_word' id='word_1_236' title='bbox 1197 3425 1302 3514; x_wconf 84' lang='grc' dir='ltr'>Δαυίδ,</span> <span class='ocrx_word' id='word_1_237' title='bbox 1320 3434 1374 3500; x_wconf 86' lang='grc' dir='ltr'>καί</span> <span class='ocrx_word' id='word_1_238' title='bbox 1396 3427 1508 3513; x_wconf 78' lang='grc' dir='ltr'>ἔξωθεν</span> <span class='ocrx_word' id='word_1_239' title='bbox 1524 3443 1582 3500; x_wconf 89' lang='grc' dir='ltr'>τοῦ</span> <span class='ocrx_word' id='word_1_240' title='bbox 1599 3433 1738 3527; x_wconf 83' lang='grc' dir='ltr'>ἀριθμοῦ,</span> 
     </span>
     <span class='ocr_line' id='line_1_26' title="bbox 232 3528 1671 3632; baseline 0.003 -30"><span class='ocrx_word' id='word_1_241' title='bbox 232 3528 286 3615; x_wconf 77' lang='grc' dir='ltr'>ξδ’.</span> <span class='ocrx_word' id='word_1_242' title='bbox 303 3542 354 3614; x_wconf 88' lang='grc' dir='ltr'>Εἰς</span> <span class='ocrx_word' id='word_1_243' title='bbox 369 3538 407 3603; x_wconf 83' lang='grc' dir='ltr'>τὸ</span> <span class='ocrx_word' id='word_1_244' title='bbox 423 3537 513 3615; x_wconf 87' lang='grc' dir='ltr'>τέλος</span> <span class='ocrx_word' id='word_1_245' title='bbox 529 3536 651 3630; x_wconf 84' lang='grc' dir='ltr'>ψαλμδς</span> <span class='ocrx_word' id='word_1_246' title='bbox 666 3549 713 3625; x_wconf 85' lang='grc' dir='ltr'>τῷ</span> <span class='ocrx_word' id='word_1_247' title='bbox 729 3533 825 3608; x_wconf 84' lang='grc' dir='ltr'>Δαυίδ</span> <span class='ocrx_word' id='word_1_248' title='bbox 846 3534 936 3627; x_wconf 79' lang='grc' dir='ltr'>ᾠδῆς.</span> <span class='ocrx_word' id='word_1_249' title='bbox 990 3545 1045 3608; x_wconf 86' lang='grc' dir='ltr'>ὅτε</span> <span class='ocrx_word' id='word_1_250' title='bbox 1068 3541 1305 3632; x_wconf 77' lang='grc' dir='ltr'>ἐμονομάχησεν</span> <span class='ocrx_word' id='word_1_251' title='bbox 1328 3542 1402 3632; x_wconf 77' lang='grc' dir='ltr'>πρὸς</span> <span class='ocrx_word' id='word_1_252' title='bbox 1425 3542 1481 3607; x_wconf 85' lang='grc' dir='ltr'>τδν</span> <span class='ocrx_word' id='word_1_253' title='bbox 1506 3539 1620 3608; x_wconf 86' lang='grc' dir='ltr'>Γολιάθ</span> <span class='ocrx_word' id='word_1_254' title='bbox 1635 3543 1671 3628; x_wconf 79' lang='lat'>⁵).</span> 
     </span>
     <span class='ocr_line' id='line_1_27' title="bbox 232 3636 1736 3741; baseline 0.003 -33"><span class='ocrx_word' id='word_1_255' title='bbox 232 3636 280 3724; x_wconf 68' lang='grc' dir='ltr'>ξς.</span> <span class='ocrx_word' id='word_1_256' title='bbox 296 3649 347 3722; x_wconf 84' lang='grc' dir='ltr'>Εἰς</span> <span class='ocrx_word' id='word_1_257' title='bbox 363 3645 402 3710; x_wconf 88' lang='grc' dir='ltr'>τὸ</span> <span class='ocrx_word' id='word_1_258' title='bbox 417 3645 518 3725; x_wconf 87' lang='grc' dir='ltr'>τέλος,</span> <span class='ocrx_word' id='word_1_259' title='bbox 535 3649 566 3711; x_wconf 81' lang='grc' dir='ltr'>ἐν</span> <span class='ocrx_word' id='word_1_260' title='bbox 583 3646 687 3737; x_wconf 86' lang='grc' dir='ltr'>ὕμνοις</span> <span class='ocrx_word' id='word_1_261' title='bbox 703 3643 827 3738; x_wconf 86' lang='grc' dir='ltr'>ψαλμδς</span> <span class='ocrx_word' id='word_1_262' title='bbox 843 3642 935 3733; x_wconf 77' lang='grc' dir='ltr'>ᾠδῆς.</span> <span class='ocrx_word' id='word_1_263' title='bbox 1034 3650 1147 3740; x_wconf 77' lang='grc' dir='ltr'>Μικρὸς</span> <span class='ocrx_word' id='word_1_264' title='bbox 1169 3649 1255 3739; x_wconf 78' lang='grc' dir='ltr'>ἥμην</span> <span class='ocrx_word' id='word_1_265' title='bbox 1279 3655 1311 3716; x_wconf 80' lang='grc' dir='ltr'>έν</span> <span class='ocrx_word' id='word_1_266' title='bbox 1341 3659 1407 3726; x_wconf 85' lang='grc' dir='ltr'>τοῖς</span> <span class='ocrx_word' id='word_1_267' title='bbox 1430 3642 1574 3741; x_wconf 78' lang='grc' dir='ltr'>ἀδελφοῖς</span> <span class='ocrx_word' id='word_1_268' title='bbox 1599 3673 1658 3739; x_wconf 87' lang='grc' dir='ltr'>μου</span> <span class='ocrx_word' id='word_1_269' title='bbox 1681 3649 1736 3716; x_wconf 84' lang='grc' dir='ltr'>καί</span> 
     </span>
    </p>

    <p class='ocr_par' dir='ltr' id='par_1_16' title="bbox 232 3743 1165 3850">
     <span class='ocr_line' id='line_1_28' title="bbox 232 3743 1165 3850; baseline 0.004 -32"><span class='ocrx_word' id='word_1_270' title='bbox 232 3751 266 3818; x_wconf 86' lang='grc' dir='ltr'>ο’.</span> <span class='ocrx_word' id='word_1_271' title='bbox 283 3759 336 3838; x_wconf 81' lang='grc' dir='ltr'>Τῷ</span> <span class='ocrx_word' id='word_1_272' title='bbox 352 3743 449 3818; x_wconf 87' lang='grc' dir='ltr'>Δαυίδ</span> <span class='ocrx_word' id='word_1_273' title='bbox 465 3749 586 3843; x_wconf 84' lang='grc' dir='ltr'>ψαλμδς</span> <span class='ocrx_word' id='word_1_274' title='bbox 602 3759 675 3819; x_wconf 77' lang='grc' dir='ltr'>υίιῦν</span> <span class='ocrx_word' id='word_1_275' title='bbox 692 3745 868 3845; x_wconf 70' lang='grc' dir='ltr'>Ἀμιναδάί</span> <span class='ocrx_word' id='word_1_276' title='bbox 883 3756 938 3822; x_wconf 84' lang='grc' dir='ltr'>καί</span> <span class='ocrx_word' id='word_1_277' title='bbox 991 3757 1165 3850; x_wconf 80' lang='grc' dir='ltr'>νεώτερος...</span> 
     </span>
    </p>
   </div>
   <div class='ocr_carea' id='block_1_6' title="bbox 188 3983 1743 5224">
    <p class='ocr_par' dir='ltr' id='par_1_17' title="bbox 188 3983 1743 4954">
     <span class='ocr_line' id='line_1_29' title="bbox 223 3983 1740 4063; baseline 0.005 -22"><span class='ocrx_word' id='word_1_278' title='bbox 223 3983 243 4041; x_wconf 90' lang='lat'>1.</span> <span class='ocrx_word' id='word_1_279' title='bbox 256 3985 299 4040; x_wconf 85' lang='lat' dir='ltr'>Ex</span> <span class='ocrx_word' id='word_1_280' title='bbox 309 3985 388 4042; x_wconf 89' lang='lat' dir='ltr'>codd.</span> <span class='ocrx_word' id='word_1_281' title='bbox 399 3987 490 4041; x_wconf 73' lang='lat' dir='ltr'><strong>Veiic.</strong></span> <span class='ocrx_word' id='word_1_282' title='bbox 500 3986 529 4054; x_wconf 87' lang='grc'>5,</span> <span class='ocrx_word' id='word_1_283' title='bbox 538 3986 564 4040; x_wconf 88' lang='grc'>6.</span> <span class='ocrx_word' id='word_1_284' title='bbox 578 3987 618 4041; x_wconf 76' lang='lat' dir='ltr'>Ea</span> <span class='ocrx_word' id='word_1_285' title='bbox 630 3991 737 4042; x_wconf 65' lang='lat' dir='ltr'>uatum</span> <span class='ocrx_word' id='word_1_286' title='bbox 747 3988 893 4061; x_wconf 71' lang='lat' dir='ltr'><strong>descripsi,</strong></span> <span class='ocrx_word' id='word_1_287' title='bbox 905 3989 934 4044; x_wconf 84' lang='lat' dir='ltr'>iu</span> <span class='ocrx_word' id='word_1_288' title='bbox 988 4009 1033 4050; x_wconf 86' lang='lat' dir='ltr'>nu.</span> <span class='ocrx_word' id='word_1_289' title='bbox 1046 4023 1080 4034; x_wconf 93' lang='lat'>-</span> <span class='ocrx_word' id='word_1_290' title='bbox 1094 3993 1117 4057; x_wconf 74' lang='lat'>²)</span> <span class='ocrx_word' id='word_1_291' title='bbox 1133 3992 1244 4063; x_wconf 80' lang='grc' dir='ltr'>’ῐδιθοῦμ</span> <span class='ocrx_word' id='word_1_292' title='bbox 1256 3996 1419 4048; x_wconf 70' lang='lat' dir='ltr'><strong>constanter</strong></span> <span class='ocrx_word' id='word_1_293' title='bbox 1430 3992 1511 4047; x_wconf 84' lang='lat' dir='ltr'>codd.</span> <span class='ocrx_word' id='word_1_294' title='bbox 1527 3993 1625 4048; x_wconf 76' lang='lat' dir='ltr'>norici.</span> <span class='ocrx_word' id='word_1_295' title='bbox 1639 3993 1705 4050; x_wconf 79' lang='lat' dir='ltr'><strong>Vei.</strong></span> <span class='ocrx_word' id='word_1_296' title='bbox 1718 3995 1740 4049; x_wconf 88' lang='lat' dir='ltr'><strong>B</strong></span> 
     </span>
     <span class='ocr_line' id='line_1_30' title="bbox 188 4074 1742 4154; baseline 0.005 -24"><span class='ocrx_word' id='word_1_297' title='bbox 188 4075 261 4130; x_wconf 77' lang='lat' dir='ltr'><strong>serie</strong></span> <span class='ocrx_word' id='word_1_298' title='bbox 271 4089 305 4130; x_wconf 70' lang='lat' dir='ltr'>cr,</span> <span class='ocrx_word' id='word_1_299' title='bbox 317 4074 497 4147; x_wconf 74' lang='lat' dir='ltr'><strong>psalmorum,</strong></span> <span class='ocrx_word' id='word_1_300' title='bbox 508 4092 570 4147; x_wconf 80' lang='lat' dir='ltr'>quae</span> <span class='ocrx_word' id='word_1_301' title='bbox 581 4077 712 4132; x_wconf 80' lang='lat' dir='ltr'><strong>recedunt</strong></span> <span class='ocrx_word' id='word_1_302' title='bbox 726 4083 858 4151; x_wconf 78' lang='lat' dir='ltr'><strong>emejore</strong></span> <span class='ocrx_word' id='word_1_303' title='bbox 867 4080 932 4135; x_wconf 76' lang='lat' dir='ltr'><strong>Vct.</strong></span> <span class='ocrx_word' id='word_1_304' title='bbox 988 4081 1036 4135; x_wconf 80' lang='lat' dir='ltr'>dat</span> <span class='ocrx_word' id='word_1_305' title='bbox 1048 4085 1194 4154; x_wconf 83' lang='lat' dir='ltr'><strong>utrumque</strong></span> <span class='ocrx_word' id='word_1_306' title='bbox 1205 4078 1314 4150; x_wconf 81' lang='grc' dir='ltr'>Ἰδιθιὺμ</span> <span class='ocrx_word' id='word_1_307' title='bbox 1324 4085 1352 4134; x_wconf 80' lang='grc' dir='ltr'>εί</span> <span class='ocrx_word' id='word_1_308' title='bbox 1365 4080 1460 4134; x_wconf 81' lang='grc' dir='ltr'>ῖδιῖοιίν.</span> <span class='ocrx_word' id='word_1_309' title='bbox 1472 4107 1508 4122; x_wconf 90' lang='grc'>-</span> <span class='ocrx_word' id='word_1_310' title='bbox 1520 4079 1544 4145; x_wconf 78' lang='grc'>3)</span> <span class='ocrx_word' id='word_1_311' title='bbox 1558 4082 1642 4150; x_wconf 78' lang='grc' dir='ltr'>Αῖμὰν</span> <span class='ocrx_word' id='word_1_312' title='bbox 1654 4081 1699 4136; x_wconf 90' lang='lat' dir='ltr'>hic</span> <span class='ocrx_word' id='word_1_313' title='bbox 1713 4089 1742 4137; x_wconf 84' lang='lat' dir='ltr'>ei</span> 
     </span>
     <span class='ocr_line' id='line_1_31' title="bbox 189 4165 1739 4242; baseline 0.003 -22"><span class='ocrx_word' id='word_1_314' title='bbox 189 4167 211 4220; x_wconf 87' lang='grc' dir='ltr'><strong>Β</strong></span> <span class='ocrx_word' id='word_1_315' title='bbox 236 4169 265 4220; x_wconf 82' lang='lat' dir='ltr'>et</span> <span class='ocrx_word' id='word_1_316' title='bbox 288 4169 408 4236; x_wconf 73' lang='lat' dir='ltr'><strong>receptis</strong></span> <span class='ocrx_word' id='word_1_317' title='bbox 436 4181 490 4219; x_wconf 75' lang='lat' dir='ltr'>cxx</span> <span class='ocrx_word' id='word_1_318' title='bbox 508 4170 592 4236; x_wconf 82' lang='lat' dir='ltr'><strong>juxte</strong></span> <span class='ocrx_word' id='word_1_319' title='bbox 618 4165 761 4238; x_wconf 80' lang='lat' dir='ltr'><strong>vulgarem</strong></span> <span class='ocrx_word' id='word_1_320' title='bbox 786 4167 934 4222; x_wconf 78' lang='lat' dir='ltr'>editionem</span> <span class='ocrx_word' id='word_1_321' title='bbox 989 4169 1018 4222; x_wconf 91' lang='lat' dir='ltr'>in</span> <span class='ocrx_word' id='word_1_322' title='bbox 1028 4187 1071 4242; x_wconf 81' lang='lat' dir='ltr'>pe.</span> <span class='ocrx_word' id='word_1_323' title='bbox 1084 4185 1198 4224; x_wconf 73' lang='lat' dir='ltr'><strong>cxxxvii</strong></span> <span class='ocrx_word' id='word_1_324' title='bbox 1210 4169 1288 4224; x_wconf 89' lang='lat' dir='ltr'><strong>codd.</strong></span> <span class='ocrx_word' id='word_1_325' title='bbox 1300 4169 1437 4223; x_wconf 81' lang='lat' dir='ltr'><strong>dumBic</strong></span> <span class='ocrx_word' id='word_1_326' title='bbox 1449 4169 1555 4223; x_wconf 76' lang='lat' dir='ltr'>duobus</span> <span class='ocrx_word' id='word_1_327' title='bbox 1566 4168 1636 4224; x_wconf 74' lang='lat' dir='ltr'><strong>locis</strong></span> <span class='ocrx_word' id='word_1_328' title='bbox 1646 4171 1739 4240; x_wconf 77' lang='grc' dir='ltr'>Αῖμὰν,</span> 
     </span>
     <span class='ocr_line' id='line_1_32' title="bbox 190 4245 1741 4330; baseline 0.005 -21"><span class='ocrx_word' id='word_1_329' title='bbox 190 4255 307 4311; x_wconf 79' lang='lat' dir='ltr'>Leandri</span> <span class='ocrx_word' id='word_1_330' title='bbox 325 4257 386 4310; x_wconf 84' lang='lat' dir='ltr'>Van</span> <span class='ocrx_word' id='word_1_331' title='bbox 406 4256 458 4309; x_wconf 79' lang='grc' dir='ltr'>Εεε</span> <span class='ocrx_word' id='word_1_332' title='bbox 478 4273 504 4309; x_wconf 86' lang='grc' dir='ltr'>ε.</span> <span class='ocrx_word' id='word_1_333' title='bbox 522 4253 598 4311; x_wconf 81' lang='grc'>1835.</span> <span class='ocrx_word' id='word_1_334' title='bbox 623 4255 735 4312; x_wconf 76' lang='lat' dir='ltr'><strong>Addunt</strong></span> <span class='ocrx_word' id='word_1_335' title='bbox 753 4258 832 4314; x_wconf 87' lang='lat' dir='ltr'>codd.</span> <span class='ocrx_word' id='word_1_336' title='bbox 853 4258 936 4312; x_wconf 79' lang='lat' dir='ltr'><strong>initia</strong></span> <span class='ocrx_word' id='word_1_337' title='bbox 990 4259 1083 4329; x_wconf 80' lang='grc' dir='ltr'>Δῖσὰμ,</span> <span class='ocrx_word' id='word_1_338' title='bbox 1097 4263 1128 4314; x_wconf 82' lang='lat' dir='ltr'>ut</span> <span class='ocrx_word' id='word_1_339' title='bbox 1144 4257 1275 4330; x_wconf 74' lang='lat' dir='ltr'><strong>vulgares</strong></span> <span class='ocrx_word' id='word_1_340' title='bbox 1286 4275 1352 4314; x_wconf 71' lang='lat' dir='ltr'>cxx.</span> <span class='ocrx_word' id='word_1_341' title='bbox 1364 4287 1399 4299; x_wconf 91' lang='lat'><em>-</em></span> <span class='ocrx_word' id='word_1_342' title='bbox 1412 4260 1436 4324; x_wconf 73' lang='lat'>⁴)</span> <span class='ocrx_word' id='word_1_343' title='bbox 1448 4259 1593 4330; x_wconf 74' lang='lat' dir='ltr'>Origenes,</span> <span class='ocrx_word' id='word_1_344' title='bbox 1608 4245 1679 4314; x_wconf 70' lang='lat' dir='ltr'><strong>terte</strong></span> <span class='ocrx_word' id='word_1_345' title='bbox 1691 4278 1741 4316; x_wconf 82' lang='grc' dir='ltr'>ευο</span> 
     </span>
     <span class='ocr_line' id='line_1_33' title="bbox 189 4345 1740 4418; baseline 0.001 -18"><span class='ocrx_word' id='word_1_346' title='bbox 189 4346 369 4418; x_wconf 71' lang='lat' dir='ltr'><strong>psalmorum,</strong></span> <span class='ocrx_word' id='word_1_347' title='bbox 386 4361 447 4416; x_wconf 80' lang='lat' dir='ltr'>quae</span> <span class='ocrx_word' id='word_1_348' title='bbox 460 4347 551 4400; x_wconf 85' lang='lat' dir='ltr'><strong>omitti</strong></span> <span class='ocrx_word' id='word_1_349' title='bbox 568 4347 655 4401; x_wconf 76' lang='lat' dir='ltr'><strong>retius</strong></span> <span class='ocrx_word' id='word_1_350' title='bbox 668 4346 936 4403; x_wconf 81' lang='lat' dir='ltr'><strong>erat.Miuimevero</strong></span> <span class='ocrx_word' id='word_1_351' title='bbox 991 4346 1119 4418; x_wconf 80' lang='lat' dir='ltr'>prologo,</span> <span class='ocrx_word' id='word_1_352' title='bbox 1137 4345 1250 4418; x_wconf 78' lang='lat' dir='ltr'><strong>legebat</strong></span> <span class='ocrx_word' id='word_1_353' title='bbox 1268 4363 1331 4401; x_wconf 88' lang='lat' dir='ltr'>cum</span> <span class='ocrx_word' id='word_1_354' title='bbox 1349 4345 1427 4418; x_wconf 75' lang='lat' dir='ltr'>vulg.</span> <span class='ocrx_word' id='word_1_355' title='bbox 1447 4361 1503 4403; x_wconf 81' lang='lat' dir='ltr'><strong>m</strong></span> <span class='ocrx_word' id='word_1_356' title='bbox 1521 4348 1564 4400; x_wconf 85' lang='grc' dir='ltr'>τοῦ</span> <span class='ocrx_word' id='word_1_357' title='bbox 1583 4350 1679 4406; x_wconf 79' lang='grc' dir='ltr'>Μωῦσῦ</span> <span class='ocrx_word' id='word_1_358' title='bbox 1698 4353 1740 4401; x_wconf 77' lang='grc' dir='ltr'>σν-</span> 
     </span>
     <span class='ocr_line' id='line_1_34' title="bbox 190 4433 1739 4509; baseline 0 -19"><span class='ocrx_word' id='word_1_359' title='bbox 190 4436 412 4508; x_wconf 79' lang='lat' dir='ltr'><strong>uegligendavel</strong></span> <span class='ocrx_word' id='word_1_360' title='bbox 424 4436 495 4490; x_wconf 76' lang='lat' dir='ltr'><strong>levis</strong></span> <span class='ocrx_word' id='word_1_361' title='bbox 508 4437 639 4505; x_wconf 75' lang='lat' dir='ltr'><strong>varietas,</strong></span> <span class='ocrx_word' id='word_1_362' title='bbox 659 4453 713 4509; x_wconf 78' lang='lat' dir='ltr'>qua</span> <span class='ocrx_word' id='word_1_363' title='bbox 725 4439 832 4492; x_wconf 75' lang='lat' dir='ltr'><strong>eecerni</strong></span> <span class='ocrx_word' id='word_1_364' title='bbox 846 4433 937 4491; x_wconf 75' lang='lat' dir='ltr'>colent</span> <span class='ocrx_word' id='word_1_365' title='bbox 989 4436 1087 4509; x_wconf 72' lang='grc' dir='ltr'>θρώπου</span> <span class='ocrx_word' id='word_1_366' title='bbox 1099 4437 1141 4490; x_wconf 82' lang='grc' dir='ltr'>τοῦ</span> <span class='ocrx_word' id='word_1_367' title='bbox 1154 4437 1222 4490; x_wconf 73' lang='grc' dir='ltr'>θεοῦ.</span> <span class='ocrx_word' id='word_1_368' title='bbox 1238 4436 1325 4492; x_wconf 68' lang='lat' dir='ltr'><strong>Genus</strong></span> <span class='ocrx_word' id='word_1_369' title='bbox 1342 4435 1473 4509; x_wconf 78' lang='lat' dir='ltr'>obliquus</span> <span class='ocrx_word' id='word_1_370' title='bbox 1486 4436 1563 4492; x_wconf 80' lang='lat' dir='ltr'>tollit</span> <span class='ocrx_word' id='word_1_371' title='bbox 1572 4437 1607 4492; x_wconf 84' lang='lat' dir='ltr'>de</span> <span class='ocrx_word' id='word_1_372' title='bbox 1625 4442 1739 4494; x_wconf 76' lang='lat' dir='ltr'>auctore</span> 
     </span>
     <span class='ocr_line' id='line_1_35' title="bbox 190 4521 1740 4598; baseline 0 -18"><span class='ocrx_word' id='word_1_373' title='bbox 190 4542 252 4597; x_wconf 82' lang='lat' dir='ltr'>quoe</span> <span class='ocrx_word' id='word_1_374' title='bbox 265 4521 396 4580; x_wconf 83' lang='lat' dir='ltr'><strong>dicuntur</strong></span> <span class='ocrx_word' id='word_1_375' title='bbox 409 4523 526 4580; x_wconf 77' lang='lat' dir='ltr'><strong>familiae</strong></span> <span class='ocrx_word' id='word_1_376' title='bbox 539 4525 665 4580; x_wconf 84' lang='lat' dir='ltr'><strong>codicum</strong></span> <span class='ocrx_word' id='word_1_377' title='bbox 678 4524 852 4581; x_wconf 84' lang='lat' dir='ltr'><strong>biblicorum.</strong></span> <span class='ocrx_word' id='word_1_378' title='bbox 865 4527 937 4581; x_wconf 75' lang='lat' dir='ltr'><strong>Sene</strong></span> <span class='ocrx_word' id='word_1_379' title='bbox 991 4527 1133 4596; x_wconf 65' lang='grc' dir='ltr'>ειοῦεροι,</span> <span class='ocrx_word' id='word_1_380' title='bbox 1148 4542 1210 4597; x_wconf 76' lang='lat' dir='ltr'>quoe</span> <span class='ocrx_word' id='word_1_381' title='bbox 1223 4525 1312 4580; x_wconf 71' lang='lat' dir='ltr'><strong>adhue</strong></span> <span class='ocrx_word' id='word_1_382' title='bbox 1325 4525 1481 4598; x_wconf 84' lang='lat' dir='ltr'><strong>impediunt</strong></span> <span class='ocrx_word' id='word_1_383' title='bbox 1493 4525 1673 4598; x_wconf 79' lang='lat' dir='ltr'><strong>Euthymium</strong></span> <span class='ocrx_word' id='word_1_384' title='bbox 1690 4527 1740 4582; x_wconf 87' lang='lat' dir='ltr'>Zi-</span> 
     </span>
     <span class='ocr_line' id='line_1_36' title="bbox 190 4611 1742 4688; baseline 0.001 -20"><span class='ocrx_word' id='word_1_385' title='bbox 190 4615 290 4668; x_wconf 82' lang='lat' dir='ltr'><strong>mirum</strong></span> <span class='ocrx_word' id='word_1_386' title='bbox 310 4617 361 4684; x_wconf 76' lang='lat' dir='ltr'><strong>cei,</strong></span> <span class='ocrx_word' id='word_1_387' title='bbox 374 4611 489 4685; x_wconf 78' lang='lat' dir='ltr'>aliquod</span> <span class='ocrx_word' id='word_1_388' title='bbox 510 4613 597 4668; x_wconf 70' lang='lat' dir='ltr'><strong>suisne</strong></span> <span class='ocrx_word' id='word_1_389' title='bbox 612 4611 755 4685; x_wconf 79' lang='lat' dir='ltr'><strong>exemplar</strong></span> <span class='ocrx_word' id='word_1_390' title='bbox 770 4613 841 4686; x_wconf 88' lang='lat' dir='ltr'>quod</span> <span class='ocrx_word' id='word_1_391' title='bbox 854 4613 937 4668; x_wconf 74' lang='lat' dir='ltr'>toties</span> <span class='ocrx_word' id='word_1_392' title='bbox 992 4617 1128 4688; x_wconf 77' lang='lat' dir='ltr'><strong>gaborum</strong></span> <span class='ocrx_word' id='word_1_393' title='bbox 1141 4621 1169 4671; x_wconf 83' lang='lat' dir='ltr'>et</span> <span class='ocrx_word' id='word_1_394' title='bbox 1180 4614 1283 4671; x_wconf 76' lang='lat' dir='ltr'>multoc</span> <span class='ocrx_word' id='word_1_395' title='bbox 1296 4615 1425 4670; x_wconf 71' lang='lat' dir='ltr'><strong>seriores.</strong></span> <span class='ocrx_word' id='word_1_396' title='bbox 1441 4643 1475 4658; x_wconf 89' lang='lat'><em>-</em></span> <span class='ocrx_word' id='word_1_397' title='bbox 1489 4613 1513 4687; x_wconf 85' lang='lat'>⁵)</span> <span class='ocrx_word' id='word_1_398' title='bbox 1525 4615 1626 4671; x_wconf 81' lang='lat' dir='ltr'>&#39;l&#39;oium</span> <span class='ocrx_word' id='word_1_399' title='bbox 1640 4615 1742 4670; x_wconf 71' lang='lat' dir='ltr'><strong>lemma</strong></span> 
     </span>
     <span class='ocr_line' id='line_1_37' title="bbox 191 4700 1743 4776; baseline 0.001 -20"><span class='ocrx_word' id='word_1_400' title='bbox 191 4703 220 4756; x_wconf 86' lang='lat' dir='ltr'>in</span> <span class='ocrx_word' id='word_1_401' title='bbox 238 4702 316 4758; x_wconf 77' lang='lat' dir='ltr'><strong>hicce</strong></span> <span class='ocrx_word' id='word_1_402' title='bbox 330 4700 451 4757; x_wconf 71' lang='lat' dir='ltr'><strong>titulise</strong></span> <span class='ocrx_word' id='word_1_403' title='bbox 469 4700 592 4772; x_wconf 74' lang='lat' dir='ltr'><strong>vulgetis</strong></span> <span class='ocrx_word' id='word_1_404' title='bbox 611 4718 666 4758; x_wconf 79' lang='lat' dir='ltr'><strong>m</strong></span> <span class='ocrx_word' id='word_1_405' title='bbox 685 4702 805 4772; x_wconf 58' lang='lat' dir='ltr'><strong>differ-an</strong></span> <span class='ocrx_word' id='word_1_406' title='bbox 819 4719 870 4757; x_wconf 81' lang='lat' dir='ltr'>nec</span> <span class='ocrx_word' id='word_1_407' title='bbox 887 4703 939 4757; x_wconf 88' lang='lat' dir='ltr'>mi·</span> <span class='ocrx_word' id='word_1_408' title='bbox 991 4706 1074 4760; x_wconf 76' lang='lat' dir='ltr'><strong>eiiam</strong></span> <span class='ocrx_word' id='word_1_409' title='bbox 1093 4707 1179 4758; x_wconf 77' lang='grc' dir='ltr'>Γολισῦ</span> <span class='ocrx_word' id='word_1_410' title='bbox 1199 4719 1250 4776; x_wconf 86' lang='lat' dir='ltr'>pro</span> <span class='ocrx_word' id='word_1_411' title='bbox 1270 4703 1408 4758; x_wconf 86' lang='lat' dir='ltr'><strong>communi</strong></span> <span class='ocrx_word' id='word_1_412' title='bbox 1421 4707 1510 4756; x_wconf 79' lang='grc' dir='ltr'>Γιλιὰδ</span> <span class='ocrx_word' id='word_1_413' title='bbox 1527 4703 1636 4776; x_wconf 77' lang='lat' dir='ltr'><strong>aliquid</strong></span> <span class='ocrx_word' id='word_1_414' title='bbox 1649 4703 1743 4776; x_wconf 77' lang='lat' dir='ltr'>prodit</span> 
     </span>
     <span class='ocr_line' id='line_1_38' title="bbox 192 4789 1741 4865; baseline 0.001 -21"><span class='ocrx_word' id='word_1_415' title='bbox 192 4807 245 4845; x_wconf 75' lang='lat' dir='ltr'>nuc</span> <span class='ocrx_word' id='word_1_416' title='bbox 263 4789 432 4860; x_wconf 73' lang='lat' dir='ltr'>notandum,</span> <span class='ocrx_word' id='word_1_417' title='bbox 451 4791 481 4844; x_wconf 87' lang='lat' dir='ltr'>in</span> <span class='ocrx_word' id='word_1_418' title='bbox 500 4793 593 4845; x_wconf 80' lang='lat' dir='ltr'><strong>vetere</strong></span> <span class='ocrx_word' id='word_1_419' title='bbox 612 4791 676 4848; x_wconf 76' lang='lat' dir='ltr'><strong>Vei.</strong></span> <span class='ocrx_word' id='word_1_420' title='bbox 695 4789 814 4864; x_wconf 75' lang='lat' dir='ltr'>13‚dua·</span> <span class='ocrx_word' id='word_1_421' title='bbox 832 4795 938 4847; x_wconf 80' lang='grc' dir='ltr'>ίειιίυυι</span> <span class='ocrx_word' id='word_1_422' title='bbox 992 4792 1161 4848; x_wconf 78' lang='lat' dir='ltr'><strong>addititiam.</strong></span> <span class='ocrx_word' id='word_1_423' title='bbox 1174 4793 1306 4864; x_wconf 86' lang='lat' dir='ltr'><strong>Spurium</strong></span> <span class='ocrx_word' id='word_1_424' title='bbox 1319 4792 1436 4847; x_wconf 74' lang='lat' dir='ltr'><strong>adhunc</strong></span> <span class='ocrx_word' id='word_1_425' title='bbox 1449 4790 1587 4865; x_wconf 70' lang='lat' dir='ltr'><strong>psalmum</strong></span> <span class='ocrx_word' id='word_1_426' title='bbox 1601 4790 1673 4846; x_wconf 76' lang='lat' dir='ltr'><strong>eliu</strong></span> <span class='ocrx_word' id='word_1_427' title='bbox 1686 4808 1741 4846; x_wconf 83' lang='lat' dir='ltr'>non</span> 
     </span>
     <span class='ocr_line' id='line_1_39' title="bbox 192 4877 1743 4954; baseline -0.001 -19"><span class='ocrx_word' id='word_1_428' title='bbox 192 4881 280 4953; x_wconf 77' lang='lat' dir='ltr'><strong>recipi</strong></span> <span class='ocrx_word' id='word_1_429' title='bbox 299 4882 449 4936; x_wconf 73' lang='lat' dir='ltr'><strong>varietates</strong></span> <span class='ocrx_word' id='word_1_430' title='bbox 467 4897 502 4936; x_wconf 85' lang='lat' dir='ltr'>ex</span> <span class='ocrx_word' id='word_1_431' title='bbox 521 4879 638 4954; x_wconf 70' lang='lat' dir='ltr'><strong>psalmis</strong></span> <span class='ocrx_word' id='word_1_432' title='bbox 656 4898 675 4936; x_wconf 88' lang='lat' dir='ltr'>x</span> <span class='ocrx_word' id='word_1_433' title='bbox 694 4886 722 4936; x_wconf 84' lang='lat' dir='ltr'>ei</span> <span class='ocrx_word' id='word_1_434' title='bbox 740 4897 836 4938; x_wconf 82' lang='lat' dir='ltr'><strong>xxxvi.</strong></span> <span class='ocrx_word' id='word_1_435' title='bbox 993 4883 1196 4954; x_wconf 74' lang='lat' dir='ltr'><strong>respicitvetue</strong></span> <span class='ocrx_word' id='word_1_436' title='bbox 1207 4879 1255 4933; x_wconf 84' lang='lat' dir='ltr'><strong>iile</strong></span> <span class='ocrx_word' id='word_1_437' title='bbox 1265 4881 1396 4951; x_wconf 72' lang='lat' dir='ltr'><strong>scriptor,</strong></span> <span class='ocrx_word' id='word_1_438' title='bbox 1404 4897 1493 4952; x_wconf 84' lang='lat' dir='ltr'><strong>neque</strong></span> <span class='ocrx_word' id='word_1_439' title='bbox 1504 4877 1586 4936; x_wconf 84' lang='lat' dir='ltr'><strong>ullibi</strong></span> <span class='ocrx_word' id='word_1_440' title='bbox 1596 4879 1743 4950; x_wconf 73' lang='lat' dir='ltr'><strong>Origenes.</strong></span> 
     </span>
    </p>

    <p class='ocr_par' dir='ltr' id='par_1_18' title="bbox 193 4967 1742 5224">
     <span class='ocr_line' id='line_1_40' title="bbox 231 4967 1736 5044; baseline 0.001 -24"><span class='ocrx_word' id='word_1_441' title='bbox 231 4967 253 5035; x_wconf 82' lang='lat' dir='ltr'>l)</span> <span class='ocrx_word' id='word_1_442' title='bbox 269 4970 393 5041; x_wconf 67' lang='grc' dir='ltr'>Σαλαμῖνι</span> <span class='ocrx_word' id='word_1_443' title='bbox 407 4971 448 5024; x_wconf 74' lang='lat' dir='ltr'>nic</span> <span class='ocrx_word' id='word_1_444' title='bbox 461 4970 522 5028; x_wconf 87' lang='lat' dir='ltr'>cod.</span> <span class='ocrx_word' id='word_1_445' title='bbox 535 4968 563 5026; x_wconf 87' lang='lat'>5.</span> <span class='ocrx_word' id='word_1_446' title='bbox 578 4971 846 5044; x_wconf 78' lang='lat' dir='ltr'><strong>Habuithrimum</strong></span> <span class='ocrx_word' id='word_1_447' title='bbox 861 4975 939 5026; x_wconf 79' lang='grc' dir='ltr'>Σαλο-</span> <span class='ocrx_word' id='word_1_448' title='bbox 993 4969 1156 5025; x_wconf 80' lang='lat' dir='ltr'><strong>Philoceliee</strong></span> <span class='ocrx_word' id='word_1_449' title='bbox 1185 4975 1277 5026; x_wconf 76' lang='lat' dir='ltr'><strong>temen</strong></span> <span class='ocrx_word' id='word_1_450' title='bbox 1306 4971 1504 5026; x_wconf 65' lang='lat' dir='ltr'><strong>Athanaricum</strong></span> <span class='ocrx_word' id='word_1_451' title='bbox 1532 4969 1736 5043; x_wconf 75' lang='lat' dir='ltr'><strong>antiquieeimae</strong></span> 
     </span>
     <span class='ocr_line' id='line_1_41' title="bbox 193 5057 1742 5132; baseline -0.001 -19"><span class='ocrx_word' id='word_1_452' title='bbox 193 5058 255 5128; x_wconf 79' lang='grc' dir='ltr'>μῦν,</span> <span class='ocrx_word' id='word_1_453' title='bbox 269 5058 317 5113; x_wconf 76' lang='lat' dir='ltr'>ced</span> <span class='ocrx_word' id='word_1_454' title='bbox 329 5063 394 5131; x_wconf 78' lang='lat' dir='ltr'>poet</span> <span class='ocrx_word' id='word_1_455' title='bbox 404 5061 502 5132; x_wconf 70' lang='lat' dir='ltr'><strong>primm</strong></span> <span class='ocrx_word' id='word_1_456' title='bbox 521 5075 620 5117; x_wconf 77' lang='lat' dir='ltr'><strong>manue</strong></span> <span class='ocrx_word' id='word_1_457' title='bbox 634 5061 835 5117; x_wconf 76' lang='lat' dir='ltr'>correctionem</span> <span class='ocrx_word' id='word_1_458' title='bbox 853 5067 940 5114; x_wconf 73' lang='grc' dir='ltr'>Σαλο-</span> <span class='ocrx_word' id='word_1_459' title='bbox 993 5059 1067 5115; x_wconf 84' lang='lat' dir='ltr'><strong>idem</strong></span> <span class='ocrx_word' id='word_1_460' title='bbox 1084 5057 1219 5132; x_wconf 67' lang='lat' dir='ltr'>punimus,</span> <span class='ocrx_word' id='word_1_461' title='bbox 1238 5058 1416 5132; x_wconf 71' lang='lat' dir='ltr'><strong>quantumvis</strong></span> <span class='ocrx_word' id='word_1_462' title='bbox 1435 5057 1541 5115; x_wconf 76' lang='lat' dir='ltr'><strong>nulline</strong></span> <span class='ocrx_word' id='word_1_463' title='bbox 1560 5061 1598 5116; x_wconf 80' lang='lat' dir='ltr'>eit</span> <span class='ocrx_word' id='word_1_464' title='bbox 1617 5058 1742 5115; x_wconf 76' lang='lat' dir='ltr'>auctori-</span> 
     </span>
     <span class='ocr_line' id='line_1_42' title="bbox 195 5149 1500 5224; baseline 0.007 -25"><span class='ocrx_word' id='word_1_465' title='bbox 195 5149 257 5218; x_wconf 79' lang='grc' dir='ltr'>μῦν,</span> <span class='ocrx_word' id='word_1_466' title='bbox 278 5150 374 5222; x_wconf 74' lang='lat' dir='ltr'><strong>bisque</strong></span> <span class='ocrx_word' id='word_1_467' title='bbox 387 5151 447 5204; x_wconf 75' lang='lat' dir='ltr'><strong>eine</strong></span> <span class='ocrx_word' id='word_1_468' title='bbox 466 5155 592 5220; x_wconf 72' lang='lat' dir='ltr'><strong>accentu,</strong></span> <span class='ocrx_word' id='word_1_469' title='bbox 604 5155 632 5207; x_wconf 86' lang='lat' dir='ltr'>ei</span> <span class='ocrx_word' id='word_1_470' title='bbox 646 5169 757 5224; x_wconf 76' lang='lat' dir='ltr'><strong>semper</strong></span> <span class='ocrx_word' id='word_1_471' title='bbox 774 5153 866 5224; x_wconf 75' lang='lat' dir='ltr'><strong>prime</strong></span> <span class='ocrx_word' id='word_1_472' title='bbox 884 5170 940 5209; x_wconf 81' lang='lat' dir='ltr'>me·</span> <span class='ocrx_word' id='word_1_473' title='bbox 994 5152 1072 5216; x_wconf 74' lang='lat' dir='ltr'><strong>tetis,</strong></span> <span class='ocrx_word' id='word_1_474' title='bbox 1091 5150 1164 5205; x_wconf 85' lang='lat' dir='ltr'><strong>haud</strong></span> <span class='ocrx_word' id='word_1_475' title='bbox 1182 5151 1295 5206; x_wconf 84' lang='lat' dir='ltr'>omnino</span> <span class='ocrx_word' id='word_1_476' title='bbox 1315 5150 1428 5222; x_wconf 71' lang='lat' dir='ltr'>ignotus</span> <span class='ocrx_word' id='word_1_477' title='bbox 1446 5155 1500 5208; x_wconf 74' lang='lat' dir='ltr'>ent.</span> 
     </span>
    </p>
   </div>
   <div class='ocr_carea' id='block_1_7' title="bbox 0 0 2049 6098">
    <p class='ocr_par' dir='ltr' id='par_1_19' title="bbox 0 0 2049 6098">
     <span class='ocr_line' id='line_1_43' title="bbox 0 0 2049 6098; baseline 0 0"><span class='ocrx_word' id='word_1_478' title='bbox 0 0 2049 6098; x_wconf 95' lang='lat' dir='ltr'> </span> 
     </span>
    </p>
   </div>
  </div>
 </body>
</html>
