3976 6078
996 480 1091 547 XLII

257 661 283 717 ‚a
311 666 347 713 ,n
390 636 443 710 bn
469 629 614 702 scillollh
650 629 794 698 centurn
825 623 1004 692 nobiliora
1038 625 1082 692 ad
1107 624 1309 712 Dionysium
1346 625 1515 711 Magnum
1538 627 1818 700 Alexandrinum

257 751 489 855 pastinarent.
1135 763 1138 770 ⁴

346 867 371 938 ll,
396 860 610 932 divorticulo
630 863 706 946 jam
731 877 826 926 nunc
850 858 895 924 ad
919 857 1070 925 mediam
1095 878 1183 927 rem.

346 977 572 1052 lclsccutiores
608 975 751 1060 quidam
788 977 893 1041 testes
916 981 999 1040 sunt
1020 974 1062 1041 de
1086 972 1327 1044 Alexandrino
1363 977 1565 1060 scholiasta,
1593 984 1818 1069 quantumvis

256 1095 398 1172 eruditi,
427 1095 565 1162 NIcelas
591 1091 755 1159 Conlates
778 1093 815 1157 et
831 1092 983 1158 loannes
1008 1090 1257 1178 Cyparissiota.
1275 1095 1342 1164 Sed
1367 1102 1494 1181 aetate,
1519 1103 1689 1183 doctrina,
1713 1123 1820 1172 sanc·

260 1214 364 1282 tltate
382 1208 660 1300 praestantiores
680 1210 763 1275 sunt
786 1207 820 1276 S.
848 1206 1020 1274 Maximus
1040 1211 1075 1276 et
1092 1208 1127 1277 S.
1154 1213 1372 1306 Anastasius,
1397 1217 1457 1302 qui
1485 1236 1576 1287 saec.
1604 1221 1669 1289 Vll
1694 1220 1818 1290 iisdem

261 1329 365 1400 ambo
401 1327 549 1416 utuntur
572 1324 730 1391 vocibus:
770 1323 950 1408 «Magnus
975 1325 1035 1405 ille
1071 1327 1265 1414 Dionysius,
1291 1333 1530 1406 Alexandriae
1566 1340 1748 1428 episcopus
1783 1346 1820 1411 et

262 1450 394 1530 orator,
420 1445 455 1512 in
480 1442 626 1511 scholiis
650 1459 672 1508 a
694 1461 730 1506 se
755 1440 791 1508 in
817 1442 958 1510 beatum
990 1443 1195 1530 Dionysium
1219 1449 1285 1518 sibi
1309 1457 1557 1537 cognominem
1585 1461 1816 1539 concinnatis,

261 1565 365 1632 notat
380 1567 476 1628 etc.»
495 1559 623 1626 blirum
649 1558 684 1626 in
710 1559 851 1625 modum
869 1579 904 1625 se
923 1563 1167 1632 controversia
1190 1569 1341 1654 torquet,
1365 1569 1440 1636 sive
1464 1575 1504 1642 ut
1525 1593 1656 1644 novum
1681 1578 1819 1664 excieat

261 1678 466 1764 Dionysium
491 1676 727 1744 Alexandriae
752 1679 947 1746 antistitem
972 1682 1007 1748 et
1029 1681 1217 1759 rhetorem,
1237 1684 1347 1752 alium
1364 1704 1470 1773 quam
1494 1709 1664 1777 magnum
1681 1700 1818 1782 marty-

261 1817 350 1876 rem;
376 1795 451 1862 sire
475 1797 514 1861 ut
537 1796 623 1862 duos
647 1795 847 1880 cooequales
871 1815 962 1864 saec.
988 1798 1065 1874 Vll,
1083 1817 1192 1884 aeque
1217 1801 1337 1869 doctos
1361 1805 1397 1871 et
1421 1804 1613 1890 vigilantes
1636 1812 1817 1880 commili—
1882 1827 1884 1831 ·

261 1916 371 1990 tonos
398 1913 492 1998 turpi
518 1931 638 1979 errore
662 1913 825 1998 deceptos
860 1917 922 1982 aut
944 1914 1066 1982 fraude
1090 1916 1235 1985 vitiatos
1270 1921 1474 2007 redarguat,
1499 1927 1593 1994 acsi
1617 1927 1815 2016 interpola·

260 2033 335 2098 tum
360 2048 433 2094 esse
460 2029 686 2096 Anastasium
712 2030 884 2097 Maximus
909 2050 979 2099 non
1003 2033 1207 2112 adverterit,
1233 2039 1295 2104 aut
1318 2041 1555 2126 uterquecum
1569 2044 1811 2118 Alexandrino

261 2145 380 2231 inepte
404 2144 604 2214 confuderit
619 2146 791 2214 ioannem
814 2147 1154 2236 Scythopolitanum,
1171 2151 1231 2238 qui
1248 2154 1386 2224 vicinus
1411 2158 1447 2226 in
1472 2162 1593 2230 eadem
1610 2163 1755 2248 regione
1774 2185 1815 2234 ac
1842 2210 1846 2216 -

261 2260 333 2328 sere
357 2261 393 2328 in
419 2264 547 2349 eodem¹
565 2262 702 2330 saeculo
727 2264 912 2333 scribebat.

351 2379 506 2448 Accedat
518 2399 563 2448 ex
576 2378 781 2449 membrana
792 2381 923 2467 insigni
939 2385 1112 2455 Vaticana
1123 2405 1236 2456 novus
1250 2391 1349 2461 testis
1362 2398 1576 2480 augustusc
1593 2398 1730 2485 palatio
1745 2401 1812 2470 GP.

257 2467 390 2565 ⁴missus
411 2498 455 2564 ad
479 2499 586 2565 aedes
611 2499 814 2568 pontificias
838 2519 916 2568 cum
942 2502 1007 2570 hac
1030 2504 1226 2591 epigraphe
1251 2506 1454 2594 imperiosa:
1475 2515 1514 2598 ·l·
1534 2509 1813 2615 Τυπαγραψήσας

261 2612 441 2709 spectari*
475 2607 657 2692 Βασιλίδος
693 2613 905 2706 Δαυκαφυαῦς
938 2610 1091 2699 siccior}
1125 2615 1313 2722 θεαδείρας,
1351 2630 1506 2699 ete-Sic
1541 2633 1816 2719 elegantissima

264 2747 391 2797 matius
415 2732 482 2796 Xll
507 2731 653 2798 sacculi.

350 2848 529 2932 blojostati
554 2850 673 2916 autem
699 2849 917 2934 apostolicae
943 2854 1088 2938 regium·
1105 2858 1235 2926 donum
1260 2879 1282 2928 a
1315 2881 1494 2950 purpureo
1519 2867 1597 2937 viro
1622 2869 1732 2942 fuisse
1751 2874 1839 2958 ob·¹

261 2962 372 3032 latum
408 2963 535 3031 titulus
560 2983 581 3031 a
616 2963 732 3032 fronte
756 2969 921 3035 testatur:

346 3080 585 3149 Praeclarum
604 3080 671 3148 hoc
689 3083 731 3146 b.
753 3084 916 3171 Dionysii
934 3089 1177 3177 Areopagitae
1193 3115 1343 3182 operum
1360 3101 1535 3186 columen,
1553 3107 1697 3176 scholiis
1715 3129 1817 3178 rizon-

255 3196 437 3283 pinatihns
461 3197 626 3285 Dionysii
648 3197 894 3270 Ateccanchini
916 3210 1075 3288 anciran,
1105 3211 1316 3284 Theodorus
1338 3219 1501 3304 Reginae
1511 3225 1615 3308 jussu
1639 3225 1812 3312 eleganti-

258 3315 321 3380 hns
344 3314 601 3383 characterum
622 3317 755 3402 formis
778 3325 988 3403 caecatum,
1015 3325 1244 3399 Bibliothecae
1272 3333 1458 3404 Voticonae
1480 3342 1643 3428 asspicio
1673 3344 1812 3414 Urbani

264 3429 345 3496 Vlll
366 3431 467 3504 Pont.
495 3431 596 3499 illan.
622 3432 801 3518 Scipionis
827 3436 1039 3508 Coadinatis
1079 3446 1296 3516 Cohaltnccii
1320 3452 1586 3524 bibliothecarii
1607 3460 1726 3528 stadio
1749 3481 1814 3529 rc-

255 3547 471 3630 florescente,
495 3547 658 3638 Aloysins
680 3549 835 3618 Loltinns
860 3554 997 3620 Bethcni
1019 3576 1080 3642 eps
1103 3560 1145 3626 D.
1172 3563 1215 3629 b.
1241 3584 1333 3633 ercino
1352 3569 1422 3635 Dni
1439 3571 1605 3641 AlDGXX
1610 3575 1646 3647 V.

346 3664 455 3730 Porro
482 3663 516 3729 in
543 3663 616 3730 lolii
644 3667 685 3732 ll
710 3668 872 3752 margine
897 3671 1066 3741 exteriori
1091 3695 1218 3747 manus
1242 3683 1357 3766 prima
1381 3686 1471 3756 libro
1495 3691 1541 3758 de
1569 3692 1704 3763 diuinis
1744 3716 1809 3764 no·

257 3779 414 3846 rarioribus
437 3781 626 3866 praefixit:
1124 3819 1125 3824 ¹

347 3888 523 3961 Διονυσίου
547 3889 806 4000 Ἀλεξανδρείας
831 3898 958 3994 σχόλια
982 3901 1079 3987 rigis
1104 3912 1165 3992 τῆς
1187 3907 1330 4007 βίβλου.

346 4017 397 4080 Ac
421 4015 542 4081 statim
568 4035 748 4102 purpureo
773 4020 910 4090 calamo
934 4024 1109 4111 pingitur:

343 4122 457 4224 Ἀρχή
482 4126 546 4198 τῶν
569 4127 693 4200 inciti
717 4131 919 4227 κεφαλαίων.

347 4251 396 4315 Ac
421 4250 526 4334 paulo
551 4255 641 4336 post,
669 4253 726 4319 ubi
750 4261 892 4324 centum
917 4262 1074 4346 capitula
1100 4264 1229 4336 litteris
1252 4272 1391 4358 signari
1416 4275 1616 4363 incipiunt:

345 4356 538 4454 Σημείωσαι
563 4358 614 4434 ὅτι
639 4361 702 4436 ὅσα
724 4362 790 4459 μέν
812 4361 932 4463 ἔχουσι
955 4371 1012 4444 τὸν
1036 4373 1192 4478 ἀριθμόν,
1225 4383 1351 4478 σχόλια
1383 4383 1453 4462 εἰσί
1480 4395 1635 4486 (laeana
1659 4399 1698 4469 in
1730 4402 1806 4474 loco

256 4483 444 4570 vacum...)
471 4474 536 4551 ὅσα
559 4477 595 4551 di
618 4478 697 4553 α’νευ
721 4479 876 4586 ἀριθμοῦ
898 4487 1058 4584 Μαξίμου
1082 4505 1253 4593 purcpah.

344 4599 508 4667 Nondum
543 4601 708 4683 vicimus,
734 4605 941 4691 importuna
963 4623 1192 4700 oppugnante
1218 4621 1356 4706 lacuna,
1394 4647 1435 4696 eo
1472 4629 1676 4705 molestiora
1710 4638 1806 4723 quod

256 4732 279 4782 a
301 4715 481 4784 Bernardo
518 4717 562 4785 de
586 4719 716 4789 Rubeis
741 4725 883 4794 exstare
906 4744 1090 4800 monemur
1113 4735 1365 4810 nitidissimum
1388 4747 1545 4817 codicem
1568 4754 1751 4836 venetum,
1783 4754 1808 4846 ¹)

253 4837 377 4900 nostro
401 4834 636 4919 simillimum,
658 4838 887 4930 incipientem
906 4847 951 4915 ab
975 4851 1098 4921 eodem
1117 4853 1208 4925 libro
1224 4878 1305 4927 cum
1323 4861 1448 4933 eadem
1465 4867 1661 4953 notatione,
1683 4871 1720 4939 lu
1739 4890 1810 4960 qua

254 4946 384 5020 lacuna
405 4951 458 5020 sic
481 4951 651 5042 impletur
673 4949 742 5025 sici
764 4952 945 5062 rc'ppauci
966 4961 1193 5072 πατριάρχου.

311 5183 336 5248 l)
350 5181 463 5239 Videtur
480 5188 541 5242 cod.
559 5189 674 5248 Clltlll.
692 5196 772 5252 Corte
788 5209 919 5258 venetum
936 5204 1017 5258 alium
1030 5204 1178 5261 turrianus
1195 5209 1220 5263 ln
1237 5209 1401 5270 bibliotheca
1418 5217 1517 5272 nobilis
1529 5216 1561 5274 V.
1572 5219 1668 5276 Collini
1685 5224 1808 5284 versavit
1829 5277 1833 5285 .

258 5263 361 5318 scholia
378 5267 558 5325 Alexandrino
575 5275 694 5343 ascripto
710 5281 903 5339 continentem.
