4064 6108
882 453 930 520 OE
951 450 1233 523 Auuxxunlalrtls

999 781 1107 879 VII.

328 1029 486 1107 Caeterum,
502 1043 540 1093 ne
555 1026 648 1091 nimia
663 1025 770 1092 nostris
784 1026 989 1094 Alexandrinis
1005 1027 1118 1094 invidia
1131 1027 1284 1108 condetur,
1302 1045 1418 1111 acquum
1432 1039 1479 1096 est
1492 1027 1585 1095 obiter
1603 1029 1827 1113 circumspicere

287 1118 424 1215 stadium,
440 1135 532 1199 multo
553 1133 681 1200 tumultu
694 1142 725 1200 et
738 1135 901 1218 promiscua
915 1143 1056 1199 sectarum
1072 1134 1200 1201 colluvie
1213 1135 1387 1215 conlertum,
1403 1133 1434 1198 in
1454 1154 1512 1219 quo
1531 1144 1679 1202 certamen
1699 1137 1825 1202 exerceri

284 1242 422 1326 oportuit.
443 1240 560 1306 Etenim
582 1242 614 1305 in
636 1240 685 1305 illo
706 1240 869 1305 litterarum
890 1250 922 1306 et
941 1239 1107 1307 scholarum
1127 1242 1267 1325 emporio,
1289 1242 1387 1307 ubivis
1400 1243 1621 1308 ollendebantur
1641 1243 1823 1328 philosophi,

285 1346 430 1425 heretici,
444 1345 550 1424 ludaei,
566 1347 629 1430 qui,
649 1365 739 1429 quum
754 1349 829 1412 inter
845 1365 877 1412 se
890 1346 940 1412 vel
955 1345 1032 1411 domi
1054 1347 1090 1412 de
1111 1346 1190 1413 nulla
1212 1366 1243 1413 re
1261 1349 1471 1428 consentirent,
1487 1351 1633 1416 communi
1650 1361 1746 1417 tamen
1760 1351 1826 1416 odio

285 1454 427 1520 adversus
437 1453 618 1519 Christianos
629 1461 660 1518 et
670 1455 753 1535 quasi
766 1463 851 1536 pacto
865 1453 970 1518 ledere
981 1451 1204 1537 conspirabant:
1221 1454 1325 1537 quihus
1339 1454 1397 1521 lere
1411 1475 1526 1540 semper
1540 1457 1665 1522 calcaria
1679 1457 1827 1523 addebant

285 1562 397 1646 imperii
418 1561 507 1628 duces
528 1580 563 1627 ac
583 1561 694 1626 milites
712 1571 744 1627 et
763 1561 837 1625 dirae
857 1563 1027 1627 carnificum
1048 1561 1153 1629 turbae.

324 1670 368 1734 Ac
389 1669 514 1752 primum
534 1667 686 1751 sophistae,
710 1670 787 1734 inter
806 1687 881 1752 quos
901 1671 1023 1734 lortame
1042 1669 1144 1734 Celsus
1156 1676 1209 1731 aut
1222 1675 1300 1734 certe
1314 1668 1377 1751 ejus
1398 1667 1526 1733 lamosus
1548 1667 1622 1734 liber
1642 1668 1824 1751 versabatur,

285 1777 327 1842 ita
341 1796 400 1844 uon
413 1787 498 1844 erant
511 1773 580 1858 ἔξω,
602 1776 675 1861 quin
695 1796 747 1861 per
767 1796 800 1843 se
819 1787 872 1843 aut
891 1795 944 1861 per
963 1776 1110 1855 alumnos,
1124 1775 1232 1841 nostris
1245 1775 1487 1842 concionantibus
1507 1777 1669 1843 adstarent.
1686 1778 1749 1842 aln
1765 1777 1826 1842 cir-

285 1885 365 1950 cuitu
379 1895 490 1966 nosue,
503 1886 599 1970 inquit
612 1903 776 1970 anonymus
787 1905 875 1970 quem
886 1887 1045 1969 Origenem
1058 1903 1122 1954 esse
1137 1884 1277 1967 suspicor,
1292 1893 1362 1950 sunt
1374 1885 1541 1950 Graecorum
1551 1885 1709 1966 sapientes,
1720 1883 1827 1966 explo-

284 1993 385 2058 dentes
406 2012 441 2058 ac
460 1993 675 2061 subsannantes
703 2014 775 2075 nos,
801 2004 940 2078 tanquam
960 1993 1011 2077 qui
1033 1993 1097 2058 sine
1118 1992 1306 2075 indagatione
1326 2011 1361 2058 ac
1385 1993 1476 2059 stulte
1496 1992 1737 2072 credamus1).s
1758 1992 1827 2076 lpse

284 2100 464 2166 Athanasius
479 2103 549 2184 (nisi
565 2102 672 2187 aliquis
686 2102 833 2187 antiquior
847 2101 956 2167 scholia
972 2105 1001 2164 in
1017 2101 1144 2182 psalmos
1160 2099 1215 2184 ipsi
1230 2101 1356 2185 ascripto
1373 2101 1524 2184 ediderit),
1541 2101 1638 2167 adhuc
1655 2099 1826 2182 indignatur

287 2215 347 2271 aut
366 2225 417 2272 ora
439 2207 556 2276 obturet
576 2228 686 2288 eorum,
709 2208 762 2294 qui
782 2226 920 2291 magnam
940 2210 971 2272 in
991 2206 1083 2272 barba
1103 2206 1311 2273 confidentiam
1331 2207 1450 2290 hahent,
1472 2219 1504 2276 et
1523 2226 1558 2274 ea
1578 2226 1646 2292 quc
1665 2227 1731 2273 sese
1751 2209 1827 2274 ultro

284 2311 411 2378 oderunt
431 2316 529 2393 menti,
553 2315 692 2382 effutiunt
705 2317 772 2395 O.»
795 2315 866 2381 Sive
888 2316 979 2397 igitur
1000 2315 1039 2378 ad
1059 2314 1113 2380 hos
1133 2315 1360 2399 redarguendos,
1382 2317 1447 2382 sive
1467 2316 1506 2382 ad
1526 2316 1707 2398 alliciendos,
1731 2317 1825 2382 nostri

286 2428 457 2500 sategerunt
483 2424 677 2508 philosophie
696 2443 769 2491 vasa
791 2425 858 2508 plus
878 2424 978 2489 minus
1004 2439 1094 2488 aurea
1113 2440 1211 2489 secum
1232 2433 1385 2508 asportare
1409 2433 1440 2490 et
1460 2423 1623 2490 venditare.
1646 2423 1721 2488 llinc
1748 2423 1827 2506 apud

284 2525 461 2594 Clementem
486 2539 528 2594 tot
548 2531 674 2598 sarcinae
694 2551 730 2597 ex
743 2532 881 2598 omnibus
895 2531 1002 2600 scholis
1016 2541 1174 2615 congestos.
1191 2533 1267 2598 liinc
1280 2551 1359 2615 smpe
1373 2533 1493 2615 Origeni
1508 2533 1620 2616 placuit
1639 2531 1724 2597 ludos
1737 2532 1827 2596 seho-

285 2635 404 2700 lasticcs
424 2638 546 2704 miseere
566 2638 610 2719 ³),
633 2638 799 2705 Platonicae
819 2640 954 2705 refricare
977 2640 1136 2732 ἐκφράσεις
1158 2640 1196 2706 de
1215 2641 1295 2723 cho
1315 2649 1345 2706 et
1370 2641 1470 2706 anima
1492 2640 1596 2722 logica,
1613 2639 1777 2705 Aristotelis
1798 2646 1829 2704 et

282 2741 406 2808 aliomm
427 2743 573 2811 cumulare
592 2745 629 2810 de
649 2754 747 2811 mente
766 2755 797 2811 et
816 2745 914 2811 anima
941 2747 1103 2829 categorias
1124 2751 1160 2825 ⁴).
1188 2746 1245 2812 Sed
1273 2746 1345 2812 vide
1373 2746 1473 2812 statim
1502 2746 1532 2810 in
1559 2764 1604 2830 pa.
1626 2745 1716 2812 XCVI
1724 2793 1733 2826 ,
1754 2765 1785 2812 v.
1808 2747 1826 2810 l

284 2848 436 2931 egregium
456 2848 494 2915 de
514 2849 567 2915 Dei
590 2853 757 2919 monarchia
774 2852 962 2939 enthymema
982 2855 1021 2920 ab
1041 2855 1167 2937 Origene
1187 2854 1330 2921 adversus
1350 2854 1481 2920 ethnicos
1501 2853 1660 2920 vibratum.

323 2956 455 3022 Aderant
468 2967 609 3040 praeterea
622 2958 793 3028 heterodoxi
811 2961 965 3046 innumeri,
978 2982 1102 3047 quorum
1116 2964 1292 3031 Alexandria
1305 2965 1361 3030 luit
1375 2963 1547 3031 inexhausta
1561 2963 1691 3043 cilicina,
1708 2965 1828 3031 lavente

285 3060 316 3126 iu
339 3063 440 3146 primis
460 3065 587 3148 segnitie
606 3078 637 3134 et
659 3068 779 3150 ignavia
799 3088 899 3136 eorum
920 3071 970 3154 qui
992 3070 1152 3138 Christiani
1173 3071 1233 3138 dici
1254 3071 1393 3153 avebant,
1416 3071 1487 3155 quin
1509 3069 1631 3138 delicias
1650 3071 1750 3135 sacculi
1772 3090 1824 3137 re·

286 3171 454 3253 pudiarent,
469 3193 565 3258 neque
578 3175 758 3244 offenderent
772 3188 935 3264 martyrum
950 3181 1091 3264 patibulo.
1107 3181 1207 3264 Digito
1220 3199 1270 3248 eos
1283 3180 1366 3264 quasi
1381 3188 1523 3245 monstrat
1540 3179 1694 3263 Origenes,
1709 3180 1827 3262 quaudo

285 3277 315 3344 in
330 3278 448 3346 scholiis
462 3283 558 3366 pingit
573 3307 588 3345 a
601 3287 705 3350 mimos
726 3284 926 3366 heterodoxos,
945 3288 997 3373 qui
1010 3288 1115 3356 volunt
1135 3287 1245 3355 imitari
1263 3305 1382 3370 gregem
1401 3286 1522 3367 Christi,
1540 3287 1691 3370 episcopos
1710 3285 1766 3350 sibi
1780 3305 1826 3350 or-

282 3386 433 3471 dinantes,
449 3391 649 3476 presbyteros.
665 3394 815 3474 diaconos,
832 3395 976 3476 doctores,
990 3397 1118 3482 plebem,
1135 3394 1360 3461 catechumenos
1373 3393 1416 3472 ⁵);
1432 3413 1446 3452 s
1462 3393 1580 3476 quando
1593 3392 1707 3459 deridet
1727 3410 1827 3458 eorum

284 3497 429 3563 sacrificia
451 3523 468 3556 s
481 3519 547 3581 qum
565 3520 632 3592 cum
652 3501 730 3568 iustu
749 3513 780 3568 et
798 3503 1066 3586 superbiloquentia
1086 3501 1174 3569 altius
1193 3499 1397 3581 ascendunt,r
1420 3510 1454 3564 ut
1474 3519 1540 3565 cum
1560 3498 1732 3565 sacrificulis
1750 3515 1827 3564 eva-

283 3613 405 3670 nescant
424 3605 469 3685 6);
490 3606 560 3672 dum
582 3621 714 3676 recenset
733 3611 880 3677 Valentini
902 3611 1040 3695 psalmos,
1062 3609 1198 3676 basilidis
1218 3609 1290 3673 odas
1310 3611 1346 3686 ⁷),
1370 3605 1525 3672 hlarcionis
1545 3607 1694 3689 dogmata,
1716 3604 1828 3688 Apelle

283 3712 428 3794 convicia,
450 3733 516 3797 qum
537 3717 683 3784 indelessa
702 3719 820 3801 flagello
840 3720 1009 3786 insectatur.
1032 3721 1090 3785 Sed
1110 3735 1214 3784 vereor
1234 3734 1272 3781 ne
1293 3734 1359 3780 cum
1378 3714 1529 3780 Clemente
1541 3712 1684 3796 Origenes
1704 3713 1826 3778 nimium

282 3818 319 3885 ad
339 3819 581 3906 qualemcumque
594 3836 706 3919 γνῶσιν
722 3826 895 3908 inhiaverit,
910 3845 989 3910 quae,
1005 3826 1061 3890 nisi
1077 3823 1126 3890 ubi
1142 3843 1177 3889 ex
1191 3822 1345 3901 industria,
1360 3838 1413 3905 pro
1430 3820 1493 3886 loeo
1513 3830 1545 3886 et
1567 3830 1696 3904 tempore
1716 3819 1825 3904 aliquo,

282 3936 446 4009 opportuna
467 3927 650 4012 obversetur,
672 3933 757 4000 nobis
777 3934 948 4018 plerumque
968 3932 1088 4000 rancida
1108 3931 1203 3998 venit.

322 4033 445 4102 Etiamsi
468 4054 553 4121 porro
574 4039 657 4106 Philo
678 4043 730 4108 vix
750 4044 861 4110 ludaeis
882 4045 1023 4125 arriserit,
1044 4061 1131 4126 quem
1152 4041 1211 4107 iere
1225 4057 1277 4124 pro
1290 4040 1440 4108 desertore
1460 4038 1637 4118 habuerunt,
1659 4039 1761 4122 gravis
1781 4039 1826 4103 in·

281 4141 383 4208 cubuit
402 4145 511 4240 nostris
526 4147 684 4214 necessitas
696 4150 898 4217 cavillationes
912 4153 1100 4219 llebraeorum
1114 4160 1146 4216 ct
1165 4149 1369 4216 hereticorum
1384 4147 1570 4227 retundendi,
1586 4156 1620 4212 ut
1634 4145 1694 4211 illis
1708 4145 1826 4229 quidem

281 4249 479 4330 ostenderent,
493 4251 573 4318 haud
585 4254 684 4339 inepte
696 4256 776 4338 apud
792 4257 975 4324 Christianos
989 4258 1047 4341 legi
1062 4267 1092 4323 et
1103 4256 1227 4342 intelligi
1239 4272 1322 4322 sacra
1333 4255 1462 4335 oracula,
1477 4263 1507 4320 et
1520 4253 1619 4322 omnia
1635 4273 1701 4320 esse
1712 4251 1827 4320 Christo

281 4354 432 4422 retexenda
447 4367 478 4423 et
492 4359 665 4428 christianos
684 4365 723 4430 ad
737 4384 832 4432 mores
848 4367 1047 4451 temperanda;
1063 4365 1110 4430 bis
1124 4383 1196 4432 vero
1209 4375 1296 4431 vetus
1310 4381 1390 4448 saepe
1409 4363 1504 4430 imdus
1517 4361 1760 4446 discerpentibus,
1776 4377 1827 4425 ora

282 4459 491 4548 obtunderent,
513 4475 543 4532 et
563 4469 738 4551 sapientiam
759 4490 826 4554 quae
845 4490 862 4537 a
884 4473 943 4540 line
961 4474 1000 4539 ad
1021 4473 1109 4539 linem
1129 4472 1252 4557 attingit
1273 4493 1367 4540 suave
1387 4484 1417 4538 et
1440 4472 1564 4551 fortiter,
1580 4471 1824 4537 demonstrarent.

280 4570 353 4637 luda
375 4581 468 4638 totum
489 4591 563 4658 opus
582 4576 767 4660 Hexsplare;
789 4580 859 4646 inde
872 4581 1032 4663 allegorica
1050 4590 1082 4647 et
1101 4580 1198 4646 ethica
1219 4579 1327 4646 veteris
1346 4579 1464 4646 ioederis
1483 4577 1647 4661 expositio;
1672 4575 1742 4642 inde
1762 4574 1828 4640 col·

318 4826 340 4898 l)
359 4828 470 4884 Corder.
493 4831 597 4886 (ἶαιεηα
616 4837 647 4888 in
657 4836 759 4902 psalm.
774 4839 795 4888 t.
809 4849 840 4904 tr,
860 4854 888 4906 p.
906 4833 970 4892 662.
989 4865 1025 4879 -
1079 4831 1281 4888 termittunlur.
1294 4859 1330 4872 -
1346 4833 1370 4894 ⁴)
1384 4829 1425 4884 Ne
1445 4835 1524 4885 extra
1536 4828 1657 4902 psalmos
1671 4847 1826 4896 excurram,

281 4914 303 4978 ἵ)
325 4917 426 4971 Athen.
447 4919 475 4972 in
494 4936 537 4990 ps.
561 4919 665 4989 103,v.
686 4920 714 4975 3.
735 4923 843 4978 Patrcl.
864 4939 948 4991 nvn,
968 4925 1023 4981 col.
1079 4921 1182 4992 passim
1192 4923 1647 4992 occurruntnumeretque-perraria,
1657 4924 1767 4989 asprata,
1777 4923 1828 4973 lra-

279 5002 342 5060 436.
361 5036 396 5050 -·
415 5007 439 5074 3)
460 5008 529 5063 Vide
555 5009 675 5083 lepidum
700 5011 847 5068 reticulum
872 5013 1026 5070 dialecticis
1078 5013 1287 5080 cupresseae-
1301 5008 1657 5082 ⁵)ApudOsllsnd.Suppl.
1670 5010 1826 5075 inlobxxr,

280 5099 453 5168 propositum
474 5101 501 5150 in
515 5115 557 5167 ps.
571 5114 634 5166 cxv,
650 5119 674 5152 r.
687 5096 714 5152 2:
731 5102 828 5156 Omnis
847 5105 927 5157 homo
946 5121 1026 5159 mesa-
1084 5099 1111 5153 ll
1135 5101 1187 5154 ΒΒ.
1203 5133 1235 5142 -
1249 5101 1273 5166 6)
1293 5104 1323 5156 in
1340 5103 1402 5157 lob.
1422 5119 1470 5167 xx,
1489 5100 1516 5156 6.
1536 5117 1598 5172 opp.
1619 5119 1637 5170 ι,
1660 5120 1686 5172 p.
1706 5097 1769 5154 501.
1792 5129 1825 5141 -

279 5185 348 5252 dee,
362 5203 424 5260 quaa
438 5188 523 5241 etiarn
535 5203 552 5239 a
565 5189 642 5258 gravi
660 5188 856 5261 chrysostomo
877 5207 930 5246 nou
950 5207 1025 5262 praa·
1080 5189 1103 5254 7)
1125 5189 1252 5246 Oallsnd.
1273 5191 1290 5246 l.
1308 5191 1328 5248 l.
