3998 6080
291 482 330 546 ra
858 449 992 546 cneus
1013 481 1043 544 s.
1066 479 1272 546 autrannus

332 637 381 700 61.
397 635 476 702 Mula
491 635 607 720 punica,
626 631 832 700 tintinnabulis
856 635 897 715 [p.
922 632 990 713 tal]
1015 635 1167 714 permixta,
1189 634 1288 697 auitas
1309 632 1377 698 lidei
1398 641 1429 700 et
1446 635 1601 700 concordia
1621 635 1761 714 caritatis,
1782 635 1834 700 ubi

271 762 320 816 'et
340 769 442 834 supra.
1135 754 1137 763 '

330 867 380 930 63.
397 866 517 931 Lamina
539 883 628 930 aurea
651 866 682 930 in
703 865 806 939 lronte,
826 862 921 927 crucis
941 861 1151 945 praeliminaria,
1166 861 1215 926 vel
1229 861 1382 927 mauiiesta
1394 862 1522 945 justitia.
1537 863 1571 927 lu
1592 864 1707 929 Exodo:
1729 866 1766 929 Et
1785 865 1834 931 le-

290 990 393 1043 cerunt
413 979 553 1043 laminam
568 997 698 1055 auream,
712 988 742 1044 et
756 976 939 1060 scripsemnt
953 977 984 1040 in
997 993 1032 1041 ea
1048 976 1159 1042 litteras
1172 977 1348 1044 deformatas
1361 978 1512 1062 signaculo
1525 981 1690 1047 sanctitatis
1704 982 1835 1047 Domini.

336 1095 385 1159 bl.
408 1095 518 1160 Sancta
541 1095 726 1177 Sanctorum,
747 1092 889 1178 mysteria
904 1093 1109 1176 quaquella,
1124 1096 1170 1160 vel
1184 1094 1437 1174 regnacoelomm.
1453 1094 1486 1161 ln
1508 1095 1661 1180 Apostolo:
1678 1096 1743 1163 Non
1756 1098 1836 1163 enim

290 1210 321 1274 in
342 1229 431 1275 manu
445 1211 527 1276 lactis
540 1212 650 1276 sanetis
663 1213 746 1277 lesus
761 1210 904 1290 introivit,
930 1209 1106 1293 exemplaria
1120 1229 1268 1288 verorum,
1284 1210 1335 1275 scd
1351 1211 1381 1274 in
1396 1211 1492 1294 ipsum
1512 1212 1624 1288 coelum,
1644 1221 1679 1278 ut
1698 1225 1842 1298 appareat

290 1342 367 1388 nuno
387 1324 482 1391 vultui
504 1325 566 1390 liei.

325 1491 372 1547 63.
393 1491 437 1547 Cf.
450 1493 537 1549 Exod.
558 1511 646 1562 xxvtt,
666 1493 712 1560 36,
726 1509 816 1562 xxxix,
829 1493 875 1562 29,
889 1493 936 1549 sed
955 1495 1034 1550 lucu·
1090 1495 1198 1567 ἶγραψαυ
1209 1493 1324 1547 ἔπάὗτοῦ
1336 1497 1477 1567 γράμματα
1487 1495 1677 1564 ἐκτετοπυρίυα
1690 1499 1837 1570 αρραγὶδος,

291 1578 426 1635 lanterio
448 1597 606 1652 3111111111,
620 1582 670 1636 30:
691 1589 734 1636 καὶ
753 1583 1033 1638 insinuaverimus
1089 1585 1205 1656 &pionpant
1224 1586 1318 1656 Κυρίῳ.

288 1672 315 1721 τὸ
335 1675 446 1740 χρυσοῦν,
467 1673 593 1742 ὰφόριαμα
606 1676 647 1724 τοῦ
664 1674 735 1745 ἁγίου
748 1673 848 1743 χρυσίου
861 1676 976 1743 καθαροῦ,
989 1679 1032 1726 καὶ
1123 1673 1168 1729 64.
1190 1675 1323 1742 1113111111,
1336 1673 1380 1729 24.
1398 1675 1563 1730 Virorum...
1579 1675 1674 1730 vultus
1689 1677 1742 1730 Det'
1754 1677 1789 1741 Α,
1805 1673 1837 1730 C.

1018 1901 1041 2010 g
1061 1926 1114 1990 nt.

333 2134 361 2198 1.
379 2133 541 2218 Sapientia,
563 2134 705 2199 Christus.
727 2133 761 2197 ln
783 2133 936 2216 apostolo:
958 2131 1102 2211 Christus,
1125 2131 1177 2196 liei
1200 2131 1296 2196 virtus
1318 2141 1348 2197 et
1368 2131 1522 2217 sapientia.

334 2251 363 2312 a.
381 2249 540 2333 Sapientia,
562 2250 692 2316 doctrina
713 2249 853 2316 caelestis.
874 2248 909 2314 ln
930 2247 1086 2333 Apostolo:
1111 2246 1292 2331 Sapientiam
1312 2247 1458 2331 loquimur
1478 2247 1553 2314 inter
1575 2247 1727 2330 periectos.

334 2365 364 2428 3.
382 2363 533 2448 Sapientia
554 2365 642 2450 bajus
661 2364 773 2442 muntii,
789 2361 984 2448 philosophia.
1001 2363 1034 2427 ln
1055 2363 1225 2429 Salomone:
1241 2362 1391 2445 Sapientia
1405 2363 1555 2428 bominum
1571 2381 1629 2429 non
1649 2371 1695 2428 est
1715 2379 1840 2428 menum.

294 2479 331 2543 Et
353 2479 382 2543 in
403 2480 558 2562 apostolo:
582 2479 709 2545 Stultum
731 2478 799 2543 iecit
818 2480 897 2544 Deus
918 2478 1095 2562 sapientiam
1114 2477 1203 2561 hujus
1223 2476 1337 2544 muudi.

335 2596 363 2659 l.
379 2594 512 2679 Sapiens,
537 2596 627 2660 Deus.
650 2594 685 2659 ln
706 2595 778 2660 lob:
801 2594 880 2659 lleus
900 2594 1017 2678 sapiens
1037 2593 1135 2673 eorde,
1157 2601 1189 2658 et
1210 2593 1294 2658 lortis
1315 2593 1428 2659 roboro.

339 2711 368 2773 ii.
386 2710 550 2794 Sapientes,
566 2711 670 2776 saneti.
687 2710 723 2776 ln
737 2710 826 2776 Osee:
843 2709 918 2790 Quis
932 2708 1050 2792 sopiens
1064 2708 1209 2792 intelliget
1222 2717 1253 2774 et
1265 2707 1338 2774 sciet
1351 2707 1418 2788 hoc,
1433 2707 1501 2791 quia
1521 2716 1609 2772 rectae
1629 2707 1687 2771 vira
1708 2705 1839 2786 Domini,

297 2837 327 2892 ct
343 2828 419 2911 justi
440 2828 631 2893 ambulabunt
651 2828 683 2892 in
703 2827 769 2891 eis‘l

338 2944 366 3006 6.
384 2942 548 3026 Sapientes,
562 2941 737 3024 philosophi,
747 2941 856 3022 ludaei,
869 2943 935 3007 sive
950 2939 1091 3005 haeretici.
1103 2939 1138 3004 In
1150 2940 1306 3024 Apostolo:
1322 2939 1460 3006 Dicentes
1470 2939 1590 3006 seeuim
1601 2957 1666 3005 esse
1677 2939 1839 3024 sapientes,

297 3061 380 3126 stulti
401 3060 471 3125 lacti
491 3069 570 3126 sunt.
1542 3072 1544 3076 ’

338 3181 368 3244 l.
388 3182 428 3262 [p.
452 3180 522 3260 tal]
546 3176 635 3242 Stulti
656 3175 816 3242 meantium
831 3173 1102 3255 seculumsancoi,
1117 3171 1195 3238 sicut
1208 3171 1239 3236 in
1253 3172 1405 3238 &lamone
1419 3173 1456 3239 de
1469 3172 1573 3238 iisdem
1586 3173 1696 3238 sanctis
1715 3171 1839 3238 dieitur:

297 3295 492 3361 stultissimus
513 3313 578 3360 sum
599 3295 741 3375 virorum,
764 3302 795 3358 et
814 3292 959 3378 sapientia
981 3289 1133 3356 bominum
1154 3306 1214 3353 non
1234 3297 1280 3353 est
1299 3308 1422 3354 mecum.

336 3412 366 3475 8.
382 3409 470 3476 Stulti
491 3410 651 3476 secundum
671 3409 776 3491 belm,
799 3408 947 3492 sapientes
969 3407 1055 3492 bujus
1075 3405 1188 3471 muudi.
1210 3407 1245 3472 ln
1266 3407 1393 3490 psalmo:
1415 3405 1507 3472 Simul
1521 3407 1666 3492 insipiens
1684 3418 1716 3475 et
1735 3407 1842 3474 stultus

298 3527 443 3608 peribunt.

337 3646 367 3708 9.
383 3645 530 3726 Languor,
554 3642 690 3709 vitiorum
710 3642 840 3707 morbus.
862 3641 898 3705 Io
918 3641 1036 3707 Exodo:
1050 3641 1081 3706 Si
1095 3638 1323 3706 observaveritis
1340 3647 1485 3723 precepta
1499 3657 1576 3719 mea,
1591 3657 1707 3706 omnem
1719 3639 1844 3722 languo-

300 3781 370 3842 rem,
393 3779 481 3845 quem
503 3760 603 3826 induxi
624 3779 713 3843 super
733 3761 902 3843 AEgyptum,
923 3777 982 3824 non
1004 3759 1139 3823 inducam
1161 3776 1248 3842 super
1269 3767 1308 3822 le.

338 3879 385 3940 10.
402 3875 573 3956 lalirmitas,
598 3873 819 3958 impossibilitas
839 3873 957 3939 mentis.
979 3874 1014 3938 lu
1034 3873 1196 3957 apostolo:
1220 3873 1277 3952 Qui
1299 3872 1431 3938 infirmus
1451 3881 1506 3952 est,
1528 3872 1593 3938 olus
1614 3873 1782 3940 manducet.

337 3995 386 4058 11.
402 3992 514 4071 Febris,
531 3991 658 4056 earnalis
672 3991 818 4075 cupiditas
833 3990 1037 4078 insatiabiliter
1051 3990 1166 4069 ardeas,
1187 3989 1264 4056 sicut
1283 3989 1315 4055 in
1336 3989 1510 4069 Evangelio,
1533 4007 1645 4054 socmm
1660 3989 1739 4056 Petri
1761 3989 1842 4073 ligu-

297 4111 398 4178 ruliten
418 4110 634 4177 febricitantem
653 4110 734 4176 dicit.

337 4231 386 4294 la.
402 4228 594 4312 Paralyticus,
614 4227 712 4292 anima
732 4226 816 4292 vitiis
838 4225 991 4305 dissoluta,
1014 4232 1102 4309 atque
1122 4225 1152 4289 ia
1172 4225 1296 4308 grabato
1310 4223 1405 4289 earnis
1419 4240 1482 4288 sua
1495 4221 1637 4304 languore
1657 4230 1839 4304 peccatorum

296 4324 446 4430 depressa.
469 4347 504 4410 ln
523 4343 700 4427 Evangelio:
723 4343 799 4408 llcce
820 4341 1000 4426 paralyticus
1020 4343 1051 4408 in
1071 4342 1195 4424 grabato
1216 4340 1388 4425 portabatur
1408 4359 1425 4406 a
1446 4348 1580 4422 quatuor.

331 4591 359 4652 5.
380 4586 424 4641 lll.
444 4585 487 4641 ad
505 4590 630 4640 saturam
648 4585 693 4638 hie
712 4588 902 4656 congerantur
920 4584 953 4637 de
975 4584 1041 4640 uni·
1131 4583 1159 4638 8.
1180 4584 1227 4638 Pa.
1248 4597 1344 4650 xuvrrr,
1366 4581 1407 4637 ll.
1540 4651 1545 4658 ¹

295 4678 427 4731 versitate
446 4693 539 4730 rerum
558 4679 586 4730 et
603 4675 761 4741 hominum,
786 4671 868 4744 plura
892 4690 955 4745 quos
975 4672 1041 4727 alibi
1132 4673 1158 4728 9.
1180 4671 1267 4728 Exod.
1292 4689 1340 4741 xv,
1359 4671 1405 4728 26.
1428 4673 1545 4729 Omnem
1569 4673 1736 4744 lanquorem
1755 4691 1843 4743 quam

295 4765 387 4822 locum
406 4765 528 4836 reperire
547 4765 714 4836 potuissent,
734 4764 782 4818 ssd
802 4780 855 4818 uon
869 4764 1041 4819 invenerant.
1096 4764 1203 4819 induat
1221 4765 1255 4832 A,
1276 4764 1306 4832 C,
1326 4763 1435 4818 scilicet
1449 4766 1531 4813 πᾶσαν
1543 4762 1612 4813 νόσου
1625 4765 1654 4818 aia
1668 4763 1804 4834 ἐπήγαγον.

335 4851 577 4923 1.100r.1‚24.
1136 4849 1178 4906 10.
1199 4851 1279 4907 Rom.
1298 4867 1356 4917 nav,
1376 4850 1403 4905 2.
1730 4841 1733 4848 ’

331 4943 360 5000 2.
380 4944 419 4998 lb.
440 4959 470 5011 11,
489 4943 516 4998 6.
1137 4939 1180 4994 ll.
1200 4941 1289 4996 Marc.
1310 4956 1330 5008 1,
1349 4938 1394 4997 30.
1413 4942 1584 5014 fiqurttlv'ler,
1605 4939 1733 5001 renuntia!

332 5031 360 5087 3.
381 5031 463 5087 Prov.
482 5047 549 5099 xxx,
568 5030 633 5099 231
654 5032 715 5087 Corn
734 5047 754 5098 t,
773 5028 819 5086 20.
1137 5030 1179 5087 12.
1200 5031 1288 5087 blare.
1309 5046 1339 5096 rr,
1357 5028 1402 5086 36.
1423 5032 1475 5086 Hie
1491 5030 1575 5084 etiam
1588 5031 1726 5086 dissoluta
1744 5034 1844 5086 aalma

332 5120 360 5174 l.
381 5120 432 5175 Job
451 5134 490 5188 lx,
509 5119 537 5176 4,
557 5149 591 5160 -
609 5119 635 5175 5.
658 5122 728 5174 Osee
747 5136 804 5186 xlv,
827 5117 870 5172 10.
1099 5122 1239 5192 παραλύοπ,
1259 5119 1472 5191 παραλυσαμέοηῖ
1493 5135 1585 5191 gattico
1604 5123 1711 5175 1111111111
1732 5118 1847 5174 ludebat

333 5210 361 5264 6.
382 5209 462 5265 Rom.
483 5227 503 5280 r,
521 5208 567 5266 22.
587 5239 622 5251 -
640 5211 668 5263 7.
691 5210 773 5266 Prov.
794 5207 908 5276 111111,2.
1099 5229 1161 5266 cum
1181 5229 1246 5266 voce
1263 5212 1450 5281 paralyticus.
