4064 6108
218 423 224 436 ’
279 459 337 528 ιιι
874 455 924 524 oe
947 447 1228 522 ruaxsroarrtrs

279 609 463 694 paginarum,
486 615 520 670 ut
541 621 609 689 que
628 604 730 670 mutila
754 614 823 671 sunt
845 604 1004 680 Armeniae,
1027 601 1120 668 latiae
1136 600 1264 684 pleniora
1281 601 1424 683 legantur,
1440 617 1475 665 ae
1492 600 1614 667 tortasse
1632 601 1721 686 lastae
1741 603 1825 668 molis

280 713 430 780 volumina
452 710 581 776 Philonis
595 709 776 776 adhucdum
790 710 902 775 lateant
917 709 1234 776 interbledlolansnsis
1250 707 1424 790 elegantias.
1441 706 1616 771 lnde‘etiam
1638 707 1760 774 tortasse
1780 720 1825 775 est

280 817 359 902 quod
380 815 512 882 nonnihil
534 814 670 882 recedere
689 815 827 882 rideatur
847 814 1019 881 Ambrosius
1039 831 1056 878 a
1077 825 1194 898 recepta
1208 815 1285 880 inter
1299 822 1421 879 ramnes
1435 821 1533 895 patres
1551 813 1661 880 latinos
1682 813 1825 898 theologia

279 922 459 1007 symbolica:
482 941 540 1005 qua
562 923 599 988 de
619 941 660 1003 re,
683 938 736 987 suo
756 922 830 987 loco.

321 1031 453 1096 alterum
467 1038 512 1095 est
526 1029 623 1094 minus
633 1038 745 1111 notum,
759 1047 796 1095 ne
810 1029 927 1114 penitus
940 1027 1035 1093 dicam
1050 1027 1196 1110 sepultum
1211 1027 1241 1092 in
1255 1037 1342 1096 noete
1354 1034 1385 1091 et
1398 1026 1565 1094 oblivione:
1581 1027 1731 1094 exstitisse
1744 1026 1830 1092 nimi·

280 1155 357 1218 rum,
372 1137 494 1202 tortasse
507 1145 576 1202 ante
589 1135 783 1214 ambrosium,
795 1133 924 1200 Philonis
934 1143 1066 1200 veterem
1076 1133 1201 1199 latinum
1213 1135 1413 1217 interpretem,
1425 1135 1476 1217 qni
1488 1133 1618 1217 ejusdem
1629 1133 1727 1219 plures
1737 1133 1829 1198 libros

282 1247 385 1322 aaut,
394 1244 543 1328 vertitque
554 1243 620 1309 rudi
633 1261 776 1322 sermone,
789 1261 863 1326 quos
873 1240 1101 1311 blediclanensis
1110 1241 1296 1309 ambrosiana
1306 1241 1429 1308 restirit
1439 1241 1598 1324 elegantia,
1610 1241 1696 1306 simul
1708 1259 1744 1306 aa
1754 1241 1829 1305 elaa-

281 1351 333 1415 sioi
348 1355 538 1417 armenorum
553 1350 708 1434 scriptores
723 1349 849 1416 haioano
859 1369 910 1417 cos
924 1369 994 1417 auro
1004 1350 1192 1416 decorabant.
1208 1350 1237 1416 ιι
1249 1366 1319 1416 vero
1333 1347 1443 1414 latinus
1454 1349 1597 1431 interpres
1612 1347 1709 1414 adbuc
1722 1347 1828 1414 lateret

281 1456 312 1520 in
331 1457 490 1522 rarissimis
510 1457 699 1536 membranis,
715 1457 772 1522 nisi
794 1457 879 1523 unica
894 1457 986 1523 editio
1006 1456 1173 1541 prodiisset,
1189 1475 1217 1522 a.
1234 1457 1324 1537 lb38,
1341 1457 1476 1536 merres,
1491 1474 1580 1541 quam
1594 1473 1665 1521 casu
1682 1463 1828 1540 repertam

278 1563 316 1628 ab
337 1579 403 1628 creo
418 1564 574 1630 revocarit
588 1562 690 1628 doctus
704 1564 733 1627 ι.
749 1565 782 1628 lt.
799 1562 960 1642 bouherus,
977 1568 1033 1630 hcc
1047 1564 1134 1630 titulo
1148 1563 1336 1648 inscriptam:
1359 1563 1492 1628 Pbr'lcals
1505 1563 1611 1628 ludaei
1626 1561 1828 1641 Ωοοοιιιοιιιιιο

278 1675 305 1733 et
320 1669 501 1734 Solatioouor
514 1673 545 1733 to
568 1670 697 1736 Genesim
710 1670 779 1734 taber
793 1671 829 1748 1).
850 1670 972 1736 Inerant
992 1688 1078 1754 porro
1099 1670 1177 1735 haud
1193 1671 1343 1756 pauciores
1358 1689 1447 1755 qnam
1462 1679 1521 1736 tres
1534 1688 1623 1754 supra
1643 1680 1761 1736 eentum
1781 1687 1828 1732 so·

280 1779 350 1843 lutae
370 1778 549 1861 questiones
569 1795 635 1860 quae
656 1777 733 1862 apud
756 1781 897 1843 armenos
917 1797 933 1842 a
958 1796 1078 1844 numero
1098 1787 1166 1843 sunt
1186 1777 1259 1846 CLV
1280 1796 1372 1861 nsque
1392 1778 1430 1843 ad
1452 1776 1586 1846 ccxlv.

320 1886 384 1950 lom
396 1902 467 1950 vero
478 1885 614 1968 quamvis
625 1885 741 1950 libellus
751 1885 826 1950 adeo
836 1885 875 1950 sit
885 1885 962 1950 inter
973 1886 1071 1967 spuria
1082 1885 1254 1968 rejectus‚nt
1264 1902 1301 1951 ne
1312 1883 1395 1949 illum
1405 1882 1578 1966 quidemrel
1590 1882 1709 1947 minima
1722 1898 1828 1947 memo-

280 1991 324 2056 ria
339 1991 460 2074 dignum
475 1991 643 2057 censuerint
658 1991 873 2074 locupletissimi
889 2001 1016 2057 veterum
1031 1991 1205 2074 scriptorum
1219 1990 1461 2070 nomenclatores,
1478 1991 1520 2056 uti
1536 1990 1698 2069 Fabricius,
1710 1989 1828 2054 Harles-

282 2099 355 2178 sius‚
377 2099 438 2180 alii,
462 2099 588 2164 maeret
610 2108 787 2165 tamencum
807 2099 873 2164 Clll
894 2099 1038 2181 capitibus
1056 2101 1259 2175 armenorum,
1281 2097 1416 2176 sinceris,
1437 2097 1526 2162 immo
1545 2097 1636 2163 etiam
1655 2097 1826 2162 authentica

281 2215 382 2271 serrat
402 2207 537 2274 undecim
558 2208 672 2291 integra
694 2208 916 2291 capitulaque
936 2223 1082 2290 nusquam
1096 2207 1151 2270 nisi
1175 2205 1205 2270 in
1226 2205 1282 2270 hac
1295 2222 1399 2287 aspera
1412 2204 1561 2270 latinitate
1577 2213 1745 2288 supersunt.
1762 2203 1829 2282 Quo

282 2329 353 2380 raro
368 2314 468 2380 rudior
489 2315 561 2382 liber
581 2325 637 2397 est,
653 2317 803 2399 seatetque
822 2315 975 2381 vocabulis
995 2314 1244 2396 insolentioribus,
1260 2331 1295 2380 eo
1309 2317 1454 2382 vetustior
1468 2316 1612 2400 interpres
1626 2315 1696 2379 mihi
1713 2325 1776 2381 est:
1792 2334 1828 2381 ιο

282 2419 341 2483 nisi
354 2429 442 2504 rupto
457 2419 614 2488 identidem
629 2421 760 2487 Philonis
773 2439 918 2501 sermone,
933 2422 1042 2487 scholia
1056 2421 1167 2487 inserta
1181 2432 1292 2503 emant,
1307 2423 1459 2506 inquibus
1473 2423 1667 2506 litrespeetus
1686 2421 1725 2488 ad
1739 2421 1829 2506 hpol-

281 2523 404 2591 linurem
424 2527 512 2611 (quod
532 2529 653 2596 rorasse
674 2530 729 2595 ιιιιι
749 2529 788 2594 ab
802 2529 860 2595 alio
873 2531 1034 2596 recentiore
1048 2530 1280 2614 interpolatum),
1295 2549 1399 2616 parurn
1412 2531 1539 2608 abesset,
1549 2530 1620 2614 quin
1635 2529 1684 2594 hic
1696 2529 1828 2596 riderem

281 2650 372 2718 unum
393 2652 428 2699 ex
450 2625 510 2700 illis
528 2636 751 2718 interpretibus,
773 2637 868 2719 magis
889 2637 995 2720 graecis
1014 2655 1101 2720 quom
1116 2636 1229 2720 latinis,
1245 2639 1296 2721 qui
1317 2639 1416 2704 statim
1436 2638 1475 2704 ab
1495 2638 1599 2704 irenaei
1622 2654 1688 2702 aero
1707 2648 1738 2704 et
1758 2637 1826 2703 inde

282 2740 321 2805 ad
342 2741 515 2809 Eucherium
535 2752 567 2810 et
585 2743 814 2822 Cassiodorium,
830 2761 884 2809 neo
899 2742 1012 2825 sudori,
1035 2761 1090 2809 neo
1111 2743 1229 2810 lastidio
1249 2754 1455 2829 pepercerunt,
1471 2753 1503 2810 ut
1524 2743 1676 2810 thesauros
1696 2743 1828 2810 Helladis

282 2846 491 2929 qualicumque
505 2869 571 2918 cum
585 2851 732 2917 latinitate
742 2849 1001 2917 communicarent.
1014 2849 1106 2916 hiulta
1119 2850 1198 2916 enlm
1212 2862 1312 2919 noster
1326 2853 1416 2918 habet
1431 2869 1498 2936 quaa
1511 2851 1550 2917 ad
1560 2851 1664 2918 Irenaei
1676 2851 1828 2919 librarium

283 2957 540 3041 graeco-celticum,
562 2959 600 3025 ad
615 2959 763 3026 blelitonis
784 2957 983 3042 interpretem,
1004 2959 1041 3025 ιι
1063 2958 1263 3026 Commodiani
1284 2969 1315 3026 et
1328 2959 1500 3026 Tertulliani
1521 2959 1677 3026 dialectum
1695 2968 1726 3025 et
1746 2959 1828 3026 indo

283 3063 339 3128 lem
361 3065 520 3148 pertinent.
535 3067 570 3132 ld
585 3066 710 3133 libenter
724 3083 894 3149 persequor,
910 3085 976 3132 oum
990 3066 1154 3133 rarissimus
1167 3068 1240 3134 liber
1254 3069 1378 3136 basileae
1390 3069 1497 3148 editus,
1519 3078 1654 3153 typorum
1668 3077 1721 3134 aut
1740 3068 1828 3134 codi-

282 3189 349 3236 cum
364 3172 528 3240 incredibili
543 3173 676 3240 barbaria
692 3173 827 3253 loedatus,
843 3173 1004 3258 reperiatur
1015 3176 1046 3241 in
1056 3175 1172 3241 duobus
1183 3175 1336 3244 Vaticanis
1350 3175 1562 3260 exemplaribus
1573 3175 1768 3242 membraneis
1782 3186 1829 3242 sat

283 3278 371 3344 bcaae
390 3291 486 3363 notae,
502 3282 608 3365 quibus
628 3299 738 3348 noram
758 3281 916 3349 editionem
930 3287 1036 3349 mirum
1050 3283 1081 3348 in
1096 3284 1213 3350 modum
1227 3285 1376 3350 emendari
1390 3302 1487 3369 posse,
1503 3285 1599 3368 palam
1621 3284 1732 3350 laeiunt
1751 3283 1829 3363 laag-

282 3395 381 3451 menta
401 3397 432 3454 et
452 3388 624 3454 adversaria
638 3388 795 3470 Vaticana,
811 3389 935 3457 subinde
948 3392 1057 3476 posita.
1073 3391 1156 3457 hdde
1169 3393 1249 3477 qnod
1270 3411 1306 3458 ex
1328 3393 1431 3459 iisdem
1446 3393 1530 3459 codd.
1547 3393 1706 3474 Vaticanis,
1721 3403 1829 3478 praeter

285 3493 446 3559 Solutiooea
460 3496 660 3579 quaestionum
671 3497 701 3561 ιιι
711 3497 852 3580 danaim,
866 3501 1025 3566 innotescit
1034 3519 1113 3566 nuno
1123 3499 1260 3583 primum,
1274 3519 1311 3566 err
1322 3519 1389 3567 mon
1400 3500 1592 3585 proterendis,
1608 3501 1743 3566 eumdem
1757 3518 1829 3584 quo·

269 3621 338 3692 ⁸que
349 3603 535 3688 interpretem
545 3603 721 3671 sollicitam
730 3607 884 3689 egregium
895 3606 1140 3673 Philonislibrum
1151 3605 1197 3672 De
1205 3607 1395 3694 lbaropeuho,
1404 3627 1458 3675 seu
1469 3608 1514 3673 lle
1523 3609 1584 3672 otta
1594 3607 1824 3692 cotemptottoa.

321 3711 427 3776 'lotum
442 3712 496 3776 boc
510 3713 705 3795 fragmentum
725 3732 760 3781 eo
780 3714 943 3799 promptius
962 3715 1091 3779 omnium
1105 3716 1205 3782 oculos
1220 3717 1306 3800 sugit,
1322 3715 1399 3799 quod
1420 3717 1485 3783 sine
1498 3715 1556 3782 ullo
1573 3716 1659 3798 siguo
1671 3718 1722 3782 rel
1743 3716 1827 3800 apice

282 3820 524 3906 intercapedinis,
546 3821 578 3886 in
597 3821 702 3888 seriem
723 3822 916 3907 interruptam
930 3822 1041 3888 ultima
1054 3823 1227 3906 questionis
1240 3823 1279 3890 ιι
1292 3825 1431 3892 Genesim
1450 3843 1486 3892 er
1500 3825 1626 3908 abrupto
1643 3825 1826 3889 intrudatur:

284 3925 392 3992 idcirco
406 3927 504 3992 nullus
517 3927 652 3995 dubitari
667 3928 738 4012 quin
752 3928 824 3996 illud
838 3945 874 3994 ex
889 3929 1046 3996 cimmeriis
1061 3932 1189 3998 tenebris
1202 3933 1363 4016 eriperem:
1379 3935 1431 4001 sed
1444 3952 1483 4001 ne
1496 3933 1606 3999 sarim
1617 3932 1734 3998 horreat
1745 3943 1826 4000 ιιιιιι

284 4032 442 4116 barbaries,
464 4052 482 4099 e
501 4035 621 4117 repone
639 4036 752 4116 reniet,
768 4036 1015 4121 opportunissima
1034 4039 1264 4122 sentententia
1284 4040 1413 4126 ejusdem
1434 4039 1500 4106 libri
1522 4041 1722 4124 interpretatio
1743 4057 1828 4124 eque

284 4141 396 4221 ignota,
419 4141 571 4226 ignotique
591 4142 668 4224 riri,
690 4143 742 4208 sed
762 4144 965 4228 disertissimi,
985 4164 1043 4229 quo
1062 4147 1135 4230 qnid
1155 4147 1319 4231 elegantius
1339 4149 1393 4214 rix
1413 4147 1484 4213 alibi
1504 4166 1551 4214 me
1573 4148 1669 4232 legere
1696 4148 1825 4217 memini.

322 4248 433 4328 Quidni
453 4253 574 4316 accedat
593 4260 623 4317 et
643 4250 733 4316 illud:
757 4252 787 4317 in
808 4251 902 4317 altero
921 4271 956 4318 ex
978 4253 1080 4319 iisdem
1100 4254 1265 4335 Vaticanis,
1285 4257 1350 4322 sire
1370 4253 1440 4337 aaa,
1462 4256 1676 4340 questionibus
1696 4257 1827 4340 premit·

284 4357 357 4423 titur
376 4357 508 4440 spurium
529 4356 602 4422 illud
621 4357 752 4426 Philonis
773 4359 931 4432 Obroaioos
950 4361 987 4425 ab
1008 4361 1123 4427 ιιιοιο
1143 4363 1184 4427 οι
1203 4363 1340 4444 Saulem,
1364 4365 1441 4447 quod
1461 4381 1479 4430 a
1501 4365 1596 4432 tribus
1621 4365 1737 4432 meotis
1758 4375 1825 4449 post

282 4461 383 4545 plures
403 4463 586 4543 editiones2)
608 4465 714 4532 iterum
728 4466 832 4534 recidit
848 4468 878 4533 in
893 4469 1036 4536 tenebras.
1052 4469 1164 4553 Turget
1181 4471 1298 4538 libellus
1318 4473 1476 4540 rabbinicis
1496 4473 1657 4557 tigmentis,
1671 4473 1725 4539 sed
1745 4481 1829 4539 reste

281 4583 378 4651 greca
399 4568 469 4634 olim
490 4587 562 4635 usus
575 4581 629 4655 est,
645 4589 712 4657 quae
725 4575 816 4640 etiam
831 4593 910 4642 nuno
929 4577 983 4642 suh
1003 4578 1096 4644 latino
1116 4573 1178 4644 iudi
1201 4599 1299 4664 panno
1319 4581 1434 4648 emieat.
1457 4581 1580 4647 Latinus
1598 4599 1669 4648 rero
1683 4582 1827 4667 interpres

317 4747 339 4812 ¹)
353 4749 528 4820 Paralipom.
541 4753 622 4810 Arm.
638 4760 659 4811 t.
678 4755 956 4828 repedassem
970 4763 1026 4814 tam
1079 4760 1217 4832 prolixam
1236 4761 1354 4816 Fabricii
1374 4761 1408 4816 ιο
1427 4760 1543 4816 Philone
1561 4761 1709 4816 diatribam
1722 4763 1824 4834 (aaut.

280 4839 437 4912 hecquem
455 4841 543 4898 multa
561 4841 618 4898 alis
635 4862 697 4918 quse
710 4848 837 4904 consulto
856 4850 948 4920 omisi,
962 4855 1027 4906 tan-
1079 4868 1125 4924 qr.
1139 4868 1177 4923 rr,
1192 4869 1220 4923 p.
1231 4847 1362 4916 aar-750>
1382 4849 1539 4922 elegantem
1551 4848 1645 4923 legera
1659 4851 1827 4922 disputatio-

281 4927 344 4983 dem
353 4927 530 4986 declarentur
538 4933 573 4988 ab
583 4935 691 4992 erudito
701 4941 729 4992 et
738 4937 835 4994 solerti
845 4939 905 4996 rirc
914 4939 1027 4996 Ferdin.
1082 4925 1829 5012 neminacriptam:Philond'dleooaradrr'e.Eera'tabr‘s-

283 5017 436 5093 Delaunay,
446 5022 494 5093 qui
502 5023 675 5082 vindicandis
684 5027 949 5100 operibuaPhilonis
957 5031 1029 5086 haud
1083 5035 1217 5102 toriqraaa,
1236 5032 1402 5101 influeneoa,
1422 5031 1514 5098 lutras,
1533 5029 1761 5101 etpsrsoeuttons
1777 5027 1827 5082 des

285 5107 473 5182 perfunctorie
490 5129 603 5172 manum
625 5120 813 5189 nuperrimam
834 5119 970 5179 adhibuit.
987 5122 1031 5178 Ad
1084 5119 1159 5193 Jus'ss
1179 5121 1251 5175 dans
1271 5121 1296 5174 la
1313 5121 1416 5176 moade
1433 5125 1557 5177 romairo.
1583 5120 1673 5174 Paris.
1697 5115 1774 5173 teto.
1796 5145 1829 5160 -
1895 5169 1903 5178 ,

289 5216 369 5275 quem
383 5202 631 5278 egolubensmitto
645 5204 788 5278 lectorem,
801 5210 823 5262 si
838 5208 915 5278 volit,
929 5215 1033 5285 praeter
1084 5211 1105 5278 't
1125 5209 1234 5266 Fabrio.
1256 5209 1333 5268 aaut.
1352 5227 1398 5285 qr.
1418 5225 1457 5278 rr,
1477 5229 1503 5283 p.
1520 5207 1587 5266 743.
