4044 6098
846 515 889 580 m
910 513 1082 582 nsrnnos
1486 471 1491 488 ’
1684 513 1742 580 aro

193 673 277 762 ρίαν.
301 669 526 762 'Expone-apest
546 663 580 737 δὲ
602 670 657 735 καί
678 670 751 748 τοὺς
778 671 942 761 ἄρχοντας.
997 683 1112 750 quoque
1132 664 1330 730 subsannabit
1351 664 1511 749 principes.
1528 666 1599 729 lime
1621 664 1673 729 iari
1694 667 1745 732 de·

185 778 324 870 Ἔπρεπε
341 771 375 844 tt
390 791 488 870 ρῆοαι
503 789 548 864 τῷ
573 785 634 864 Υίῷ
658 788 714 844 τοῦ
738 784 828 844 Θεοῦ·
851 783 891 856 ὡς
913 786 941 844 et
994 773 1080 837 cebat
1100 770 1209 836 Filium
1231 771 1303 836 Dei:
1327 771 1450 836 Etiamsi
1471 772 1549 836 enim
1574 772 1745 838 fremuerint

191 886 246 950 καὶ
266 884 309 950 τὰ
332 883 404 958 ἔθνη
430 881 592 976 ἑνιρΰαξαν,
616 887 669 952 καί
692 892 721 951 ot
743 886 815 951 λαοί
835 885 942 975 ἑμελέ-
994 889 1118 962 genieS,
1140 888 1171 943 et
1195 879 1294 963 popuii
1315 879 1448 944 meditati
1470 879 1527 943 sint
1551 880 1669 960 inania,
1691 898 1745 945 nos

192 1015 295 1065 τησαν
312 990 396 1070 nenia,
412 998 503 1082 ἡμεῖς
520 985 554 1058 δὲ
568 1003 631 1058 τῶν
649 992 791 1080 μὲντοὺς
809 985 941 1081 δεσμοὺς
994 993 1092 1050 autem
1112 993 1142 1050 et
1163 985 1280 1050 iliarum
1300 985 1435 1067 gentium
1455 985 1575 1050 vincula
1601 986 1745 1052 dissolva-

193 1089 416 1189 λαορρήξωμον,
432 1109 495 1165 τῶν
520 1092 554 1166 δὲ
576 1101 632 1166 τον
648 1095 741 1193 (opto
766 1097 941 1192 ἀπορρίψω.
994 1111 1071 1172 mus,
1083 1101 1114 1156 et
1128 1091 1231 1156 horum
1242 1092 1415 1175 populorum
1428 1093 1617 1178 projiciamus
1629 1094 1743 1176 jugam:

193 1227 265 1293 μιν,
289 1205 357 1270 ἐπεὶ
382 1205 497 1296 μηκέτι
521 1198 668 1297 δέχονται
690 1207 750 1283 ria
775 1207 940 1299 θεραπείαν
995 1197 1234 1284 quandoquidem
1254 1199 1386 1264 nondum
1415 1208 1548 1283 prompto
1570 1199 1669 1266 animo
1695 1201 1747 1266 vel

193 1305 312 1404 ῥαδίως,
331 1318 374 1380 οο
398 1314 458 1406 γὰρ
481 1313 587 1380 dietae
612 1317 684 1381 eteo
700 1327 758 1393 τῆς
784 1322 863 1407 νερος
887 1341 942 1380 ee·
994 1305 1139 1371 medelam
1155 1306 1316 1389 recipiunt3
1335 1307 1494 1372 noluerunt
1514 1307 1592 1373 enim
1613 1307 1676 1374 iieri
1694 1309 1745 1373 in·

191 1420 292 1514 γήνης
307 1420 461 1513 γενέσθαι,
477 1423 548 1514 περί
562 1419 599 1499 ἧς
614 1422 940 1516 ρίρροοοοοο-ὀροοοός
994 1420 1039 1478 tra
1060 1431 1223 1494 sagenam,
1247 1416 1283 1480 de
1304 1431 1362 1498 qua
1390 1415 1531 1498 seriptum
1558 1425 1622 1480 est:
1653 1441 1668 1476 α
1691 1416 1779 1490 δίψ,

192 1533 276 1594 ἐστιν
300 1535 319 1605 ἡ
347 1530 492 1615 βασιλεία
506 1541 569 1596 τῶν
589 1535 724 1621 οὐρανῶν
749 1543 789 1619 τῇ
815 1534 937 1625 σαγήνῃ
995 1521 1063 1586 milo
1083 1530 1128 1588 est
1148 1539 1272 1605 regnum
1292 1522 1431 1588 eoelorum
1451 1541 1570 1606 sagenae
1591 1525 1688 1588 missa
1712 1525 1745 1590 in

193 1636 346 1725 βληθείσῃ
373 1643 415 1714 είς
438 1637 498 1712 τὴν
523 1636 694 1705 θάλασσαν.
995 1647 1116 1696 mare.»

237 1761 269 1809 v.
293 1743 323 1806 t.
340 1744 423 1810 Τότε
438 1746 572 1818 λαλήσει
587 1747 661 1840 πρὸς
678 1747 790 1826 αὐτοὺς
807 1753 838 1816 ἐν
861 1754 938 1843 ὀργῇ
1033 1763 1066 1811 v.
1088 1746 1118 1810 δ.
1130 1745 1223 1848 ιΤίτιον
1243 1743 1371 1828 inqneittr
1391 1745 1432 1810 dd
1450 1731 1497 1810 eoa
1518 1745 1550 1809 ιἰι
1569 1748 1616 1810 ira
1635 1765 1700 1810 tna.

194 1863 299 1916 αυτοῦ.

237 1959 334 2052 Ὀργή
360 1963 427 2026 ἐστι
455 1967 536 2027 Θεοῦ
567 1962 694 2040 κόλασις
725 1966 867 2043 ἐπίπονος
891 1966 942 2032 ἐπί
1034 1959 1081 2023 lra
1101 1967 1148 2024 est
1168 1958 1324 2042 castigatio
1337 1959 1392 2024 Dei
1407 1959 1493 2041 dura,
1516 1976 1569 2043 pro
1586 1959 1665 2025 bono
1679 1979 1746 2044 peo-

194 2075 240 2149 τῷ
257 2068 444 2160 συμφέροντι
459 2081 515 2137 τοο
531 2073 764 2162 ἡμαρτηκότος,
783 2113 823 2126 ..
840 2075 941 2142 Ἀλλὰ
994 2069 1100 2134 catoris
1121 2071 1261 2152 irrogata.
1278 2105 1316 2118 -
1331 2070 1409 2134 Sane
1431 2069 1461 2132 in
1482 2078 1611 2153 temporo
1628 2071 1743 2153 judieii,

194 2175 247 2238 καί
270 2180 301 2240 ἐν
324 2187 370 2260 τῷ
394 2189 451 2255 τῆς
474 2180 603 2269 κρίσεως
618 2191 715 2271 καιρῷ
740 2181 836 2274 ὁρμὴν
860 2189 941 2248 Θεοῦ
997 2177 1521 2260 perieulumiraedirinaeiacient,ae
1535 2177 1631 2241 surore
1651 2177 1745 2260 ipsius

194 2282 447 2373 πειραθήσονται,
463 2287 518 2350 καί
532 2297 577 2370 τῷ
594 2286 681 2377 θυμῷ
705 2294 799 2355 αὐτοῦ
822 2314 943 2382 ταραχ-
995 2286 1195 2350 turbabuntur
1210 2304 1311 2351 omnes
1326 2285 1412 2352 Verbi
1428 2285 1566 2349 salutaris
1580 2284 1691 2350 hostes.
1704 2288 1745 2350 nt

195 2386 346 2463 θήσονται
376 2391 491 2469 πάντες
516 2399 546 2457 οἱ
567 2405 623 2459 τοῦ
655 2398 809 2488 σωτηρίου
841 2398 942 2490 λόγου
997 2409 1057 2458 non
1077 2392 1166 2457 dixit:
1185 2392 1291 2457 Puniet
1311 2410 1374 2469 eos,
1389 2392 1440 2456 sed
1457 2391 1586 2475 loquetur
1601 2392 1641 2456 nd
1653 2411 1700 2456 ιοο
1714 2394 1745 2456 in

192 2495 345 2585 πολέμιοι.
360 2494 503 2565 otniae
520 2492 563 2566 δι’·
580 2501 710 2568 eordan
725 2502 943 2582 novenaria&
995 2499 1042 2562 ιἰν
1067 2517 1133 2562 sne.
1161 2499 1344 2563 poenitentes
1371 2498 1450 2563 enin
1477 2516 1536 2565 non
1563 2497 1741 2579 castigavit,

191 2605 330 2682 antidea
348 2607 422 2697 πρὸς
446 2607 557 2685 αὐτοὺς
581 2613 612 2676 ἐν
629 2614 706 2703 ὀργῇ
724 2613 828 2677 αὑτοῦ·
847 2636 944 2702 μετα-
997 2605 1240 2689 quemadmodnm
1261 2606 1431 2685 Ninivitas3
1448 2623 1521 2689 qnos
1534 2604 1663 2669 minatus
1684 2614 1742 2684 est,

193 2720 338 2787 νοοῦντας
361 2711 421 2804 γὰρ
445 2719 501 2778 οὺνι
532 2715 683 2796 ἐκόλασε,
706 2717 847 2810 καθάπερ
870 2720 942 2796 τοὺς
997 2713 1105 2796 inquit,
1123 2723 1241 2797 propter
1255 2711 1391 2795 satutem,
1404 2713 1566 2796 Jonamque
1578 2713 1617 2778 ad
1630 2731 1681 2778 eos
1694 2713 1745 2778 de-

193 2821 359 2896 Νινεοΐτας.
376 2819 520 2888 Ἀπειλεῖ
539 2823 600 2916 γὰρ
624 2825 675 2890 ἐπί
698 2829 839 2918 σωτηρία
854 2829 942 2908 Θεὸς,
998 2821 1121 2904 legavit.

195 2923 265 3015 ἔφη,
288 2926 343 2990 καί
364 2937 430 3006 τοῖς
453 2932 623 3007 Νινενίταις
646 2930 782 3021 ἔπεμψεν
807 2933 919 2999 Ἰωνᾶν.

242 3047 272 3094 ν.
296 3031 325 3094 7.
352 3033 433 3126 Ἐγὼ
457 3037 593 3128 σήμερον
616 3039 794 3131 γεγέννηκά
809 3063 853 3106 σε,
1040 3052 1070 3096 ν.
1094 3036 1124 3098 7.
1147 3033 1212 3117 Ερο
1233 3033 1316 3099 indie
1337 3035 1477 3116 pendite.
1752 3119 1755 3124 ,

241 3137 307 3204 Ἀεί
329 3141 368 3206 τὸ
392 3143 527 3236 σήμερον
552 3150 708 3216 καλεῖται,
1038 3141 1142 3222 Hodie,
1157 3159 1215 3224 qua
1229 3141 1357 3206 dictione
1370 3159 1479 3219 semper
1493 3141 1687 3222 significatur.

239 3262 271 3309 ν.
295 3245 324 3308 8.
347 3250 484 3323 Αίτησαι
507 3251 579 3342 παρ’
596 3256 681 3342 ἐμοῦ,
705 3253 759 3317 καὶ
782 3244 872 3319 δώσω
896 3277 945 3319 σοι
1036 3270 1069 3314 ν.
1086 3252 1122 3346 ⁸8.
1146 3250 1270 3314 Poetnie
1290 3269 1310 3314 e
1329 3269 1387 3327 nee,
1409 3257 1437 3314 et
1455 3251 1529 3314 dedo
1552 3251 1601 3314 titt
1628 3255 1742 3332 pentes,

196 3348 281 3438 ἔθνη,
304 3352 364 3426 τὴν
388 3358 597 3447 κληρονομίαν
622 3383 686 3423 σου.
997 3359 1200 3422 haereditatem
1221 3365 1310 3422 inem.

242 3458 367 3525 Τούτων
383 3461 441 3539 τὰς
458 3465 617 3548 βασιλείας
634 3457 748 3544 ἔδειξεν
766 3470 782 3530 ὁ
799 3457 944 3544 tantona
1038 3465 1169 3545 Quarum
1182 3481 1272 3546 regna
1287 3462 1419 3528 ostendit
1438 3462 1578 3527 Diabolus
1599 3462 1745 3528 Salvatori

133 3639 139 3649 ,
196 3578 241 3653 τῷ
259 3577 383 3662 Σωτῆρι
398 3572 453 3637 καί
468 3573 528 3648 τὴν
542 3566 635 3653 δόξαν
648 3581 679 3642 ἐν
692 3587 809 3669 στιγμῇ
823 3576 944 3668 χρόνον.
997 3580 1028 3636 et
1047 3571 1173 3654 gloriam
1192 3589 1293 3636 aarum
1313 3570 1345 3634 in
1367 3569 1506 3653 temporis
1528 3579 1649 3653 puncto.

240 3694 274 3739 ν.
297 3678 347 3740 12.
370 3674 530 3771 Δράξασθε
554 3675 705 3761 παιδείας.
1037 3699 1069 3744 ν.
1093 3680 1142 3743 ta.
1164 3677 1375 3764 deprehendite
1395 3676 1586 3761 disciplinam.
1616 3746 1618 3750 .

241 3778 373 3852 Παιδεία
396 3790 464 3853 ἐστί
486 3790 712 3882 μετριοπαθεία
735 3793 852 3858 ποθῶν·
869 3795 944 3886 ὅπερ
1037 3787 1199 3869 Disciplina
1210 3795 1256 3852 ost
1269 3785 1427 3852 affectuum
1440 3785 1743 3870 aequanimitaszquae

198 3886 376 3983 συμῧαίνειν
393 3897 529 3988 πέφυκεν
545 3902 581 3964 ἐκ
596 3911 654 3978 τῆς
670 3903 890 3992 πρακτικῆςῆ
906 3926 945 3995 γε
998 3898 1134 3964 derivare
1161 3897 1236 3961 solet
1260 3915 1297 3962 ex
1320 3897 1401 3978 praxi
1426 3896 1618 3976 [virtutum.
1641 3893 1746 3959 Praxis

197 4004 355 4091 πρακτική
380 4007 448 4068 ἐστι
469 3997 657 4072 διδασκαλία
679 4008 890 4099 πνευματικὴ,
905 4010 944 4076 τὸ
997 4015 1097 4076 autem
1117 4014 1162 4070 est
1180 4004 1313 4069 doctrina
1333 4004 1507 4088 spiritualis,
1525 4021 1583 4086 qua
1597 4021 1667 4085 pars
1682 4001 1746 4065 ani·

199 4107 375 4184 παθητικὸν
392 4113 481 4204 μέρος
504 4126 562 4192 τῆς
586 4113 687 4204 ψυχῆς
708 4115 943 4208 ἐκκαθαίρουσι.
998 4131 1052 4177 mae
1074 4113 1103 4177 in
1125 4110 1246 4176 affectus
1267 4128 1360 4194 prona
1381 4111 1418 4174 ad
1441 4108 1559 4192 puriora
1579 4108 1717 4174 vertitur.

234 4341 261 4378 n.
280 4322 309 4392 5,
327 4323 356 4378 7.
374 4326 440 4381 Vnt.
459 4325 486 4382 5.
1035 4345 1062 4381 n.
1085 4323 1126 4382 12.
1145 4325 1211 4380 vm.
1229 4323 1256 4382 5.
1282 4323 1412 4378 Aaeeticn
1436 4322 1574 4394 Origenes
1596 4320 1665 4377 adeo
1684 4321 1746 4375 ire·

234 4431 261 4469 ο.
280 4413 308 4469 8.
329 4414 392 4470 Vae.
416 4413 458 4472 16.
999 4420 1122 4488 queritat,
1135 4419 1167 4470 ut
1178 4413 1257 4470 iocur
1270 4428 1324 4468 non
1343 4415 1383 4468 eit
1394 4413 1501 4468 rariora
1513 4409 1709 4468 subodorandi.

876 4649 1046 4722 Peelmna
1069 4648 1146 4723 III.

241 4873 273 4920 ν.
295 4857 326 4919 2.
350 4856 451 4949 Κύριε,
475 4859 509 4921 τί
523 4854 760 4930 ἑπληθύνθησαν
780 4860 808 4922 ot
823 4801 943 4921 θλίῧον-
1035 4873 1067 4917 ν.
1090 4857 1121 4918 2.
1144 4853 1282 4935 Domine,
1305 4851 1376 4936 qaid
1400 4849 1582 4933 mnitipiienti
1608 4854 1676 4912 anni
1700 4855 1750 4931 qne·

198 4969 249 5048 τίς
275 4992 331 5058 με;
361 4963 423 5031 Vei.
447 4984 476 5047 p.
501 4965 572 5046 tat,
595 4967 626 5029 2.
959 5029 966 5043 ,
999 4961 1137 5026 tribulent
1157 4966 1224 5024 me?

237 5169 285 5224 Pa.
305 5167 360 5223 ΙΙΙ.
380 5169 419 5223 Ut
432 5166 528 5238 paucis
547 5182 609 5237 quae
629 5181 714 5237 snpra
733 5167 806 5234 sunt,
819 5161 947 5238 symbola
1001 5178 1065 5232 gen.
1077 5159 1149 5232 apud
1159 5159 1204 5212 BB
1217 5155 1315 5226 540tt,
1326 5174 1389 5211 cum
1399 5158 1463 5212 Vnt,
1478 5153 1521 5224 13,
1536 5153 1577 5226 16,
1588 5171 1620 5208 εο
1633 5153 1746 5225 legera:

201 5257 327 5334 quandam
336 5253 632 5321 aecedent‚emendaro
643 5251 875 5328 lieeaivuigatum
885 5253 947 5309 Ori·
1001 5251 1058 5330 'Ep'
1069 5249 1102 5313 οἷς
1114 5251 1269 5326 σεμνύνονται
1282 5252 1304 5303 οἱ
1318 5251 1378 5303 θεὸν
1392 5250 1542 5326 ἀγνοοῦντες,
1554 5261 1605 5318 pro
1618 5243 1748 5301 insolenti

362 5347 427 5393 tan.
441 5347 472 5389 11.
485 5343 524 5391 aa.
