3976 6078
926 579 1033 667 ,XXV

197 731 277 792 mihi
294 730 418 810 juniori
440 731 635 812 investigare
658 734 878 816 Responsioues
897 736 1081 815 Polycarpi,
1100 753 1136 796 ac
1159 735 1343 800 subodorari
1375 737 1498 817 aliquid
1527 735 1632 800 simile
1662 734 1763 799 codici

197 838 395 900 virdunensi
415 840 448 900 in
470 841 748 922 sangermanensi,
772 843 825 904 ubi
847 843 929 904 idem
951 845 1064 905 Victor
1083 846 1248 924 Capuanus
1270 847 1380 908 aderat
1405 850 1438 907 et
1459 864 1530 906 cum
1550 862 1763 923 responsorum

198 947 334 1026 capitulo
354 948 505 1026 ripesimo
521 949 640 1027 primo.
663 950 780 1012 Statim
795 951 902 1012 monui
918 950 1081 1029 lectorem,
1098 951 1151 1013 ubi
1173 955 1255 1014 hanc
1276 953 1470 1032 epigraphen
1489 952 1584 1030 edidi,
1605 952 1639 1013 in
1658 951 1763 1012 codice

199 1053 299 1114 scribi
320 1057 352 1115 iu
372 1057 452 1119 libro
471 1075 537 1135 seo,
559 1059 639 1120 unde
661 1058 771 1138 cuique
791 1058 922 1138 planum
943 1065 975 1124 et
996 1059 1132 1122 liberum
1164 1065 1234 1122 erat
1264 1061 1424 1124 Victorem
1457 1078 1476 1121 a
1507 1061 1690 1142 Polycarpo
1717 1077 1765 1121 se·

200 1182 365 1234 secernere
388 1163 428 1247 ¹).

268 1295 419 1346 Senarus
441 1297 633 1352 Artissimis,
1032 1316 1034 1320 ’

259 1394 309 1454 Ex
346 1396 504 1473 Apolopiu
534 1397 573 1458 ad
603 1394 777 1457 Adrianum
802 1396 972 1477 imperato-
1093 1397 1446 1478 Fragmentaepistotee
1477 1395 1519 1458 ad
1545 1395 1762 1490 Philosopbos,

200 1517 278 1576 rem,
300 1506 327 1566 t.
349 1504 405 1581 lV,
427 1522 457 1582 p.
479 1504 510 1582 6,
532 1501 604 1566 282.
867 1555 871 1563 .
1010 1527 1041 1588 p.
1066 1507 1115 1587 ll,
1138 1507 1209 1572 286.

258 1614 304 1673 De
318 1614 456 1675 latronis
478 1615 618 1678 elamore
632 1615 662 1678 in
679 1633 784 1696 cruce,
799 1636 830 1696 p.
844 1616 874 1695 8,
886 1614 955 1677 284.
1077 1616 1173 1678 Aliud
1195 1613 1407 1706 fragmentum
1422 1613 1562 1694 ejusdem
1576 1612 1670 1696 epist.
1686 1613 1762 1676 ibid.

270 1737 423 1792 SANCTUS
446 1743 575 1794 Parias.
1757 1767 1759 1774 ¹

217 1899 221 1907 ,
278 1839 305 1902 I.
320 1840 362 1900 De
382 1839 599 1904 incarnatione
627 1840 728 1922 Verbi,
742 1842 821 1906 111.
839 1860 869 1921 p.
885 1841 955 1921 157,
1079 1843 1137 1905 111.
1162 1843 1301 1938 1111111
1322 1845 1489 1921 Ecclesiae,
1513 1863 1544 1926 p.
1569 1843 1638 1921 159,
1663 1841 1731 1906 160.

201 1945 273 2011 158.
1080 1954 1413 2016 marsicanus
1440 1955 1610 2032 occupatio,
1631 1974 1663 2034 p.
1689 1954 1760 2015 160.

276 2057 320 2119 11.
337 2057 381 2119 nc
401 2057 520 2120 euoeu
540 2062 674 2139 tacitus,
699 2080 729 2140 p.
755 2059 823 2138 158,
848 2060 917 2122 159.
1075 2062 1115 2123 v.
1139 2041 1430 2142 1111111111,
1453 2084 1484 2143 p.
1510 2063 1579 2143 161,

278 2167 364 2233 Quae
385 2145 581 2247 omniajsm¹
598 2172 682 2250 typis
703 2173 872 2234 commissa
893 2175 996 2250 erant,
1030 2189 1125 2250 quum
1157 2174 1237 2252 apud
1260 2173 1433 2234 Germanos
1464 2191 1555 2234 novae
1587 2171 1654 2232 luci
1684 2173 1760 2233 dats

200 2277 274 2334 sunt
295 2271 324 2356 ²)
344 2274 524 2357 fragmenta
545 2279 661 2358 Papiae
680 2279 800 2359 XVlll,
823 2299 955 2362 quorum
988 2281 1019 2340 X
1041 2286 1171 2343 exstant
1193 2281 1225 2340 in
1249 2282 1372 2342 Petrei.
1396 2286 1421 2343 t.
1444 2282 1482 2346 V.
1507 2280 1689 2344 1255-1262.
1713 2281 1762 2340 Ex

198 2381 324 2442 caeteris
345 2400 441 2444 unum
462 2383 599 2447 latinum
621 2388 775 2468 recipitur
801 2407 844 2449 ex
876 2389 1046 2469 Spicilepio
1079 2390 1210 2452 Sotesm.
1242 2391 1322 2468 quod
1353 2390 1470 2454 iterum
1504 2390 1640 2452 habetur
1672 2385 1762 2447 inira

199 2490 358 2552 armenica
379 2500 412 2557 et
433 2494 533 2558 latine
554 2500 579 2558 t.
603 2496 656 2557 lV.
672 2498 723 2573 33,
746 2519 776 2578 p.
792 2498 868 2575 3013
882 2497 950 2558 ,duo
971 2501 1047 2558 sunt
1061 2497 1168 2558 eadem
1184 2517 1252 2576 queo
1274 2515 1372 2578 supra
1391 2513 1476 2563 num.
1494 2498 1551 2575 IV,
1566 2495 1605 2558 V.
1619 2493 1777 2582 ,Reliqua

196 2602 321 2662 tantum
344 2603 384 2662 ad
404 2603 589 2667 testimonia
610 2613 753 2670 veterum
774 2607 811 2666 de
833 2606 949 2685 Papiae
980 2605 1076 2670 libris
1105 2625 1138 2670 se
1169 2605 1325 2668 referunt.
1360 2607 1488 2668 Utinam
1519 2607 1597 2670 haec
1630 2609 1663 2666 11
1694 2603 1762 2676 alia

198 2707 316 2772 ducant
337 2711 376 2771 ad
396 2711 586 2793 detegendos
607 2712 727 2774 alicubi
749 2713 850 2776 libros
872 2717 1041 2792 caepeticor
1062 2722 1266 2794 memoratus,
1288 2735 1364 2796 quos
1387 2733 1460 2780 saec.
1484 2716 1564 2778 XIII
1585 2713 1762 2794 possedisse

201 2816 381 2881 Thesaurus
415 2821 571 2884 ecclcsiae
605 2821 827 2886 Nemausensis
848 2824 985 2902 videtur,
1022 2831 1055 2888 et
1090 2841 1168 2903 quae
1203 2843 1276 2886 socc.
1299 2823 1359 2886 XV
1393 2823 1509 2902 legisse
1538 2841 1617 2903 pene
1646 2820 1763 2882 asserit

196 2923 402 2994 Trithem‘ius.
426 2931 499 2991 dum
520 2932 557 2993 de
578 2931 686 3012 Papiae
707 2932 837 2996 scribit:
863 2954 880 2990 e
908 2931 1089 2994 EXSTAT
1107 2952 1184 3012 opus
1216 2932 1356 3012 insigne,
1388 2932 1526 3011 quinque
1548 2929 1763 2994 voluminibus

195 3032 393 3115 distinctum,
418 3041 498 3119 quod
522 3041 726 3118 praenotavit
746 3041 810 3102 sio:
834 3041 1034 3118 Eeplauatio
1055 3060 1231 3104 sermonum
1254 3041 1391 3122 Domini,
1413 3042 1503 3103 libris
1524 3036 1764 3122 quinquelibri

196 3164 275 3224 quae
294 3147 438 3227 scripsit,
463 3147 561 3211 NON
584 3149 763 3212 VllilMUS
784 3148 848 3232 (cte
872 3150 1057 3230 Scriptorib.
1075 3154 1175 3213 eccles.
1198 3169 1226 3212 o.
1250 3149 1332 3232 IX).

265 3277 417 3328 SANCTUS
440 3278 569 3328 MELl'l'O
593 3278 793 3332 SARDENSIS·

277 3375 304 3435 I.
327 3375 373 3436 De
394 3376 566 3455 Baptiauo,
588 3381 613 3442 t.
636 3379 678 3456 11,
701 3399 731 3458 p.
754 3381 785 3444 2.
1083 3381 1331 3459 Anonymorum,
1355 3401 1384 3462 p.
1410 3381 1574 3445 143-145.

280 3483 324 3543 ΙΙ.
354 3484 459 3544 Clanis
489 3502 530 3545 ex
560 3485 667 3548 codice
695 3477 957 3564 claromontano,
1021 3525 1024 3530 ·
1081 3488 1112 3548 S.
1150 3489 1302 3552 Eucherii
1333 3491 1479 3566 formulae
1509 3490 1687 3570 spirituales
1719 3503 1761 3548 cx

198 3609 230 3670 p.
261 3591 367 3656 alar.
1001 3596 1069 3658 cod.
1093 3613 1176 3662 saec.
1201 3599 1256 3676 VI,
1279 3619 1310 3678 p.
1334 3599 1477 3664 481175.

276 3699 440 3763 Accedunt
461 3702 658 3783 appendices:
691 3703 844 3784 Adriani,
864 3723 958 3788 pagg.
1081 3707 1203 3770 Codicis
1224 3708 1464 3772 claromontani
1480 3705 1623 3770 recensio
1638 3705 1763 3787 palaeo·

199 3805 340 3872 lat-136.
1006 3817 1147 3898 grapica,
1168 3837 1200 3898 p.
1223 3817 1365 3880 571583.

275 3919 448 3996 Assumit,
473 3939 502 4001 p.
528 3918 596 4000 137,
622 3923 689 3986 139.
1062 3927 1237 4006 Parcrgon:
1260 3927 1307 3986 Lu
1343 3925 1416 4003 Cles
1442 3923 1487 3985 du
1514 3923 1706 4006 symbolmme
1727 3940 1758 4004 p.

275 4027 311 4088 S.
334 4025 484 4107 Mamimi,
507 4049 537 4110 p.
568 4030 636 4094 142.
991 4031 1137 4095 585-623.
1179 4071 1182 4076 -

272 4140 309 4200 11
329 4156 391 4218 qua
412 4138 582 4220 appendice
604 4139 688 4202 nihil
710 4141 872 4204 omisimus
894 4148 931 4207 ut
951 4142 1073 4204 abunde
1104 4146 1230 4223 pateret
1251 4147 1284 4206 et
1316 4141 1509 4222 luculenter,
1539 4139 1691 4222 quidquid
1722 4140 1760 4201 de

194 4244 227 4310 S.
249 4245 403 4308 Melitone
423 4247 589 4310 dicendum
613 4250 795 4328 habeamus,
817 4235 851 4314 et
871 4267 933 4331 qua
953 4251 991 4310 de
1011 4266 1108 4312 cansa
1128 4251 1270 4331 ineptum
1292 4248 1336 4313 sit
1359 4249 1456 4326 velle,
1479 4250 1560 4329 quod
1589 4264 1690 4327 nuper
1705 4265 1760 4309 vo·

194 4353 258 4417 luit
276 4355 386 4418 doctus
406 4356 469 4432 vir,
491 4357 611 4419 clavim
632 4361 774 4438 spurium
799 4376 876 4438 opus
897 4379 978 4437 essa,
1002 4376 1044 4421 ex
1072 4359 1202 4440 integro
1231 4359 1353 4438 fictum,
1387 4369 1421 4426 11
1451 4359 1542 4422 falso
1566 4359 1757 4440 inscriptum
1866 4411 1870 4419 .

194 4463 322 4526 nomine
342 4465 447 4528 sancti
468 4465 610 4546 episcopi
631 4465 808 4530 sardensis.

250 4704 516 4771 0618111118σί.
535 4711 553 4762 t.
573 4708 592 4776 1,
612 4721 638 4774 p.
657 4712 711 4764 itt.
729 4711 835 4777 proleg.
854 4724 881 4776 p.
900 4711 942 4765 11.
1002 4712 1254 4779 interpungnmusu
1279 4715 1336 4766 tum
1354 4713 1501 4779 quominus
1529 4729 1542 4762 u
1560 4711 1667 4767 litterae
1683 4723 1750 4765 rum

196 4785 948 4858 1111111111111111111111111,1111111111-
1006 4807 1039 4846 11
1069 4794 1183 4860 alicujus
1212 4795 1319 4848 numeri
1343 4795 1422 4859 signo
1446 4795 1613 4859 depravatae
1638 4795 1754 4848 videan-

195 4880 247 4921 nos
263 4872 292 4920 11
308 4869 381 4934 quod
398 4871 524 4940 11111111,
537 4871 563 4922 in
581 4884 625 4923 me
642 4873 781 4926 seniorem
794 4873 950 4938 insurgeret
1000 4875 1236 4928 marcomede
1253 4888 1318 4928 sane
1336 4888 1381 4928 crs
1398 4875 1668 4928 criticaibicmincrit
1680 4887 1749 4926 unus

195 4956 270 5002 totus
287 4949 475 5003 triumviratus
488 4951 950 5018 ’11111111111111111111111111·
1001 4968 1034 5006 11
1060 4955 1212 5008 triumviris
1229 4968 1297 5020 quas
1314 4955 1431 5020 ineptias
1449 4953 1613 5008 britannicos
1631 4955 1666 5007 dc
1683 4965 1750 5006 con·

195 5031 304 5083 manico
323 5031 538 5098 incandesceret,
551 5045 582 5083 nc
593 5032 615 5084 si
627 5032 686 5084 orbi
704 5034 794 5086 lucum
811 5034 949 5088 iecissem.
999 5035 1061 5087 cilio
1084 5036 1248 5088 Eliberitnno
1273 5048 1360 5100 nuper
1376 5035 1577 5100 deglutiverit?
1605 5035 1750 5087 Caeterum

195 5109 246 5172 (ci.
264 5109 384 5164 Petrum
399 5123 465 5174 nuri.
483 5123 547 5174 opp.
565 5113 631 5166 insc.
651 5113 682 5166 ΙΙ.
701 5115 731 5166 D.
750 5115 784 5166 61
803 5115 951 5180 61111161,
1004 5115 1039 5168 de
1055 5115 1155 5168 iisdem
1182 5116 1272 5170 doctis
1300 5117 1368 5169 viris
1385 5128 1447 5170 cum
1465 5116 1544 5170 tonde
1571 5121 1599 5168 et
1622 5116 1751 5169 comitere

196 5193 228 5244 n
246 5191 381 5257 llarnsck,
399 5192 439 5244 Tb
467 5193 550 5245 Zaba.
568 5195 640 5258 1875)
659 5193 713 5258 ipsi
729 5194 842 5247 videant
852 5208 885 5247 an
903 5209 953 5248 non
1004 5197 1115 5261 saepius
1132 5195 1360 5264 111111111111,
1379 5197 1460 5250 eisin
1477 5199 1530 5250 boc
1553 5200 1629 5251 tomo
1646 5209 1673 5262 p.
1692 5196 1746 5262 613,

197 5269 365 5336 cumulique
391 5273 503 5326 audacia
529 5279 558 5326 at
582 5275 777 5340 imprudentia,
806 5276 842 5328 de
869 5277 963 5330 codice
1006 5279 1193 5343 61161111.
1371 5273 1374 5278 ’

197 5351 370 5405 11111611ιί1
387 5359 608 5417 percunctantur:
630 5373 645 5404 u
658 5355 726 5418 Quid
750 5368 817 5408 vero
840 5357 939 5423 obstat,
1044 5358 1070 5424 1)
1089 5357 1140 5412 ΡΡ.
1159 5371 1225 5422 epp.
1241 5360 1372 5424 suscicut.
1391 5361 1411 5415 1.
1431 5362 1505 5427 Lips.
1525 5363 1593 5414 1816.

197 5433 343 5500 quominus
356 5436 421 5498 post
431 5445 526 5488 voces:
544 5433 732 5498 economum
744 5435 945 5500 capitulorum
