4038 6088
289 434 347 544 aaa
828 471 1093 540 nonuunrnuu
1115 471 1295 538 nuenaan

330 627 362 707 [1.
385 627 434 706 bl]
458 626 508 692 81.
532 625 676 707 Flumina,
700 623 866 712 infidelium,
885 623 997 710 populi.
1021 622 1056 689 ln
1073 621 1193 707 psalmo
1213 621 1356 692 cxxxvi
1364 643 1371 686 ι
1396 623 1491 710 Supu
1514 625 1637 710 damino
1658 625 1829 692 Bobiltonir.

328 733 391 797 81·.
402 733 486 814 [ltem
494 731 524 796 in
532 731 637 796 bonam
648 733 784 814 partem]:
792 729 1082 800 I'tuminudaoeutre
1093 730 1155 811 eju
1164 727 1251 811 pluent
1261 745 1354 812 oquae
1363 728 1456 809 aione,
1464 730 1492 796 id
1503 742 1548 796 cst
1558 732 1833 816 gratiaetpiritalea.

328 839 378 903 89.
400 839 506 918 Lacus,
522 837 677 902 inlernum.
696 835 741 917 [ln
757 836 867 921 psalmo
887 831 1072 910 LXXXVll]:
1095 830 1258 895 Potuerunt
1276 849 1321 895 me
1340 832 1370 895 iu
1388 831 1455 897 lucu
1474 835 1616 918 basaion,
1636 835 1725 902 idest
1739 837 1769 900 in
1784 835 1833 902 illo

287 943 398 1010 inlerni
423 945 496 1022 loco,
517 943 547 1007 in
568 959 626 1025 quo
648 951 817 1027 peccatores
836 939 891 1006 soli
914 941 944 1004 in
966 936 1099 1004 infernali
1120 937 1254 1003 custodia
1276 937 1454 1005 detinentur.

330 1053 379 1117 83.
403 1052 496 1133 ldare,
519 1050 670 1129 saeoulum,
691 1049 756 1115 sire
777 1048 888 1132 populi.
912 1047 945 1111 lu
967 1046 1094 1130 psalmo:
1117 1043 1183 1108 IIoc
1203 1064 1283 1108 ruore
1302 1063 1439 1130 mupnurn
1459 1052 1487 1113 et
1505 1050 1677 1133 spetiosum.

330 1158 380 1222 8l.
403 1157 514 1239 Pisces,
531 1156 638 1237 sancti,
660 1156 727 1221 sira
747 1153 856 1237 angeli.
879 1152 914 1216 ln
934 1149 1112 1232 Evangelio:
1135 1149 1178 1213 Et
1195 1155 1345 1216 nunaunt
1366 1159 1423 1216 reto
1442 1152 1557 1236 pbnum
1570 1155 1695 1238 placitu
1709 1156 1835 1235 munis.

332 1266 383 1329 811.
407 1264 481 1329 ltem
502 1263 534 1328 in
556 1261 645 1327 aliam
666 1270 790 1346 partem.
814 1257 916 1322 Molos
937 1263 1031 1320 nutent
1051 1257 1135 1338 sorus
1155 1257 1302 1320 muriunt.

330 1370 380 1434 86.
402 1369 533 1451 Fluctus,
549 1369 768 1450 temptationes.
786 1367 818 1430 lu
834 1364 964 1448 psalnm:
979 1361 1085 1427 unuin
1099 1363 1210 1426 cacabo
1223 1369 1274 1426 tua
1287 1371 1316 1428 ct
1328 1363 1430 1448 ,luctus
1444 1366 1485 1429 tui
1496 1385 1580 1449 super
1594 1385 1637 1429 ue
1651 1370 1827 1430 transierunt

331 1480 380 1543 87.
405 1478 499 1558 llnda,
521 1477 611 1557 idem,
637 1477 857 1560 temptationes.
880 1475 914 1539 ln
935 1475 1048 1539 cantico
1068 1473 1178 1538 Exodi:
1201 1471 1372 1537 deleverunt
1391 1479 1491 1554 puttoe
1512 1478 1542 1537 tu
1563 1473 1654 1537 medio
1675 1474 1762 1538 ucri.

331 1586 380 1650 88.
403 1584 523 1666 lnsnlae,
546 1586 594 1652 rel
617 1585 735 1663 animae,
757 1583 811 1648 uel
838 1581 968 1646 ecclesia
989 1581 1056 1660 Dei,
1078 1599 1144 1663 qum
1163 1578 1290 1646 diuersis
1312 1577 1537 1662 temptationum
1559 1578 1722 1644 tunduntur
1742 1577 1839 1644 llucti·

291 1691 357 1756 bus.
380 1692 414 1756 ln
437 1691 548 1774 psalmo
569 1689 672 1757 XCVI:
697 1689 852 1753 Laetentur
871 1686 983 1751 insutu
1003 1686 1119 1751 multoe.

331 1799 381 1862 89.
405 1798 512 1876 Littus,
527 1797 595 1862 linis
610 1797 720 1862 saeouli.
743 1794 777 1862 ln
798 1796 977 1878 Evangelio:
999 1800 1044 1860 Et
1064 1816 1147 1861 aucun
1168 1799 1253 1861 littus
1273 1799 1413 1876 aedmtes,
1434 1801 1578 1875 dicebant
1599 1801 1690 1862 bonos
1703 1800 1832 1866 inausa.

331 1906 380 1969 90.
404 1905 522 1970 llarcua
544 1907 643 1985 moris,
667 1903 889 1970 innumerabilis
908 1903 1044 1986 gentium
1065 1903 1233 1969 multitudo.
1255 1903 1290 1968 ln
1311 1904 1433 1970 Genesi:
1456 1907 1500 1968 Et
1520 1909 1724 1984 multiplicabo
1738 1925 1836 1970 semen

272 2004 275 2010 ’
291 2019 386 2091 tuum,
399 2017 476 2078 sicut
488 2017 592 2078 atellae
602 2017 674 2078 coeli
686 2012 731 2093 (id
741 2021 787 2078 est
798 2016 938 2092 muetos),
949 2019 977 2076 et
990 2013 1180 2094 (pematores)
1191 2017 1268 2078 siuet
1281 2016 1426 2078 burmann
1436 2031 1512 2092 quoe
1526 2022 1569 2080 cst
1583 2017 1625 2079 ud
1635 2033 1719 2078 muru
1732 2019 1839 2080 muria.
1898 2017 1903 2026 '

326 2226 372 2282 81.
393 2226 469 2285 clar.
492 2227 553 2296 108,
571 2227 617 2283 59.
1126 2225 1172 2280 85.
1193 2226 1232 2282 of.
1253 2225 1328 2282 clav.
1351 2224 1411 2296 108,
1429 2226 1476 2281 51.

326 2315 488 2374 81101...
512 2316 577 2385 los,
595 2301 648 2388 s's,
668 2333 730 2389 qua
755 2333 818 2370 cum
842 2315 903 2368 aaa.
931 2331 985 2370 em.
1006 2316 1036 2369 c.
1126 2314 1172 2368 so.
1193 2315 1269 2369 clav.
1292 2313 1351 2386 ror,
1370 2315 1416 2371 37.

290 2404 332 2458 1ο.
353 2419 403 2470 uui,
420 2401 465 2458 38.
1128 2403 1173 2458 87.
1195 2404 1270 2458 Clau.
1294 2403 1355 2472 107,
1375 2403 1422 2472 38,
1442 2422 1477 2460 ex
1495 2422 1549 2477 quo
1565 2403 1628 2476 lege
1647 2405 1718 2477 apud
1732 2403 1840 2459 Euche-

327 2491 372 2546 82.
392 2493 519 2548 Locus...
540 2493 674 2548 LVIII...
689 2498 722 2548 in
742 2495 833 2548 ἰοσο...
847 2493 971 2548 custodia
989 2492 1038 2546 dc·
1092 2479 1181 2548 rium:
1203 2495 1281 2549 Idem
1300 2495 1376 2564 quod
1389 2507 1415 2550 et
1433 2511 1533 2565 supra.
1547 2525 1580 2539 -
1599 2497 1693 2552 Medio
1710 2511 1789 2550 naara
1808 2495 1838 2549 C.

292 2591 426 2637 tenentur
438 2582 470 2652 G,
484 2582 557 2636 haud
568 2585 629 2636 sine
640 2585 734 2654 prisca
746 2600 819 2640 corr.
831 2583 907 2640 clav.
920 2580 982 2651 110,
991 2581 1037 2637 82.
1092 2611 1127 2624 -
1145 2585 1218 2638 Nota
1234 2593 1339 2654 puttae,
1359 2585 1405 2638 ubi
1426 2583 1517 2638 Clavus
1537 2584 1620 2638 babet
1638 2585 1743 2640 undae.

328 2669 374 2725 83.
394 2670 432 2726 ef.
454 2670 530 2725 Clau.
553 2670 613 2740 100,
632 2670 678 2726 24.
698 2673 798 2727 Marce
818 2675 847 2728 C.
1128 2671 1175 2726 88.
1195 2673 1313 2727 Omnino
1332 2679 1364 2728 ut
1382 2673 1459 2730 Glav.
1482 2671 1543 2744 107,
1563 2673 1608 2729 39.

329 2761 375 2816 84.
394 2760 432 2814 cl.
453 2760 528 2816 Clau.
551 2759 612 2831 108,
630 2760 676 2830 50,
690 2760 811 2815 formula
829 2759 928 2815 leviter
946 2765 1038 2832 eructa,
1129 2763 1175 2817 89.
1196 2761 1273 2817 Clau.
1298 2761 1359 2832 107,
1376 2761 1422 2818 36.
1444 2767 1532 2820 Fines
1553 2767 1581 2818 0.

293 2851 341 2906 aad
361 2851 477 2906 frustra.
495 2851 590 2908 Pisces
608 2851 710 2905 nullibi
721 2853 839 2924 Anpelis
851 2855 992 2922 aptantur.
1005 2881 1040 2892 —
1129 2851 1175 2905 90.
1197 2851 1272 2906 Clau.
1296 2851 1356 2921 108,
1376 2853 1421 2908 45.
1437 2855 1663 2910 Innumerabiles
1678 2890 1698 2909 ..
1713 2854 1839 2908 stillas...

294 2943 391 2997 Retem
407 2943 525 3011 plenum
541 2945 671 3014 piscedus
691 2943 722 2998 0.
1095 2945 1239 2998 harena...
1258 2959 1310 2998 ora
1330 2943 1360 2996 C.

761 3175 768 3188 ’
852 3193 938 3266 1111.
964 3193 1286 3266 martianensibus

336 3392 364 3455 l.
388 3392 479 3470 ava,
501 3389 607 3470 sancti,
629 3388 708 3474 quod
728 3388 766 3453 ad
787 3388 936 3470 superiora
950 3388 1037 3454 corde
1050 3387 1177 3454 evolent.
1194 3387 1228 3451 ln
1243 3384 1423 3468 Evangelio:
1440 3389 1483 3448 Et
1501 3389 1572 3462 secta
1593 3403 1843 3462 rontonnacum,

295 3502 341 3562 ito
360 3507 395 3562 ut
414 3504 469 3564 sub
489 3503 599 3562 urnbm
617 3502 682 3574 nus
703 3517 771 3562 aues
791 3501 866 3561 caeti
885 3498 1065 3560 babuerunt.

339 3605 371 3684 [1.
384 3605 435 3684 bd]
449 3607 478 3666 2.
491 3603 627 3681 volatus,
643 3614 810 3670 sanctorum
823 3619 960 3670 excusus
974 3605 1006 3666 in
1020 3601 1092 3683 Deo,
1108 3602 1157 3666 vel
1174 3601 1204 3665 in
1218 3599 1378 3684 scripturis
1394 3599 1570 3666 intellectus.
1588 3598 1623 3665 ln
1638 3598 1753 3681 psalmo
1767 3596 1843 3663 llll:

295 3713 340 3774 Et
359 3713 478 3790 volabo,
500 3719 528 3774 et
548 3714 739 3789 requitacum.

337 3814 367 3878 3.
390 3813 465 3892 Alae,
485 3814 543 3879 duo
563 3814 760 3880 Testamenta.
785 3814 819 3879 ln
838 3813 987 3880 Ezechiel:
1015 3819 1247 3893 Unumquodque
1267 3818 1386 3880 duodus
1406 3818 1465 3880 ulla
1485 3817 1604 3879 octabu
1620 3833 1727 3892 corpus
1747 3833 1845 3878 utun

340 3923 370 3988 l.
393 3923 512 4004 Penne,
532 3923 703 4006 Scriptura.
726 3922 760 3988 ln
781 3920 892 4006 psalmo
912 3918 1015 3988 LXVI:
1038 3925 1159 3985 Pennue
1179 3924 1332 3987 rotundae
1352 3925 1579 4000 uorpmtotoe:

337 4032 379 4120 li..
390 4030 494 4110 Nidus,
514 4031 655 4114 Ecclesia,
678 4042 730 4096 aut
743 4031 858 4114 requies
872 4029 987 4096 euulsa
1007 4029 1127 4094 sanctis.
1149 4027 1184 4093 ln
1204 4027 1331 4111 psalmo:
1346 4031 1390 4091 Et
1404 4035 1507 4092 turtur
1525 4028 1633 4094 nidum
1653 4031 1711 4093 sibi
1731 4030 1784 4090 ubi
1797 4047 1843 4092 re-

291 4144 387 4216 ponat
404 4142 505 4215 pullos
525 4157 607 4203 suna.
1316 4129 1319 4134 “

338 4243 367 4306 0.
389 4243 429 4307 111
449 4242 555 4308 iterum
575 4241 671 4324 nidus,
695 4243 771 4308 bona
792 4243 982 4324 conscientia,
1005 4243 1036 4308 in
1055 4260 1114 4326 qua
1134 4243 1276 4308 bonmum
1297 4244 1507 4327 cogitationum
1522 4245 1600 4310 letus
1619 4243 1768 4322 foventur,
1791 4249 1843 4305 at-

297 4369 354 4433 que
368 4349 503 4432 inopere
524 4350 689 4433 pariuntur,
712 4359 742 4415 et
762 4359 863 4433 postea
884 4351 936 4415 lilii
957 4350 1153 4434 appellantur.
1176 4351 1211 4415 ln
1232 4352 1345 4435 psalmo
1364 4350 1510 4419 CXXVII:
1533 4355 1613 4417 matt
1634 4355 1680 4414 tut
1698 4354 1777 4417 siout
1792 4369 1846 4413 no·

295 4463 389 4524 utrae
409 4463 559 4524 olivarum
579 4461 610 4523 in
629 4463 756 4524 cirucitu
775 4479 893 4523 manue
913 4465 990 4527 tuuc.

337 4568 366 4631 7.
389 4567 477 4648 Pulli,
499 4569 605 4633 sancti.
627 4567 664 4632 ln
684 4567 809 4650 psalmo,
833 4577 987 4650 utsupra:
1014 4571 1073 4634 Ubi
1092 4574 1217 4647 reponiu
1233 4571 1334 4645 putto:
1353 4585 1434 4631 euoa.

335 4764 389 4819 IV.
412 4764 437 4818 1.
458 4764 534 4822 Clau.
554 4766 599 4838 85,
623 4766 647 4823 l.
667 4768 762 4825 Habea
781 4769 853 4824 caeli
871 4767 902 4821 G.
1133 4761 1162 4818 5.
1181 4763 1219 4818 cl.
1242 4761 1318 4819 Clau.
1338 4762 1385 4832 87,
1408 4761 1449 4818 17.
1475 4764 1580 4818 Turtor
1600 4764 1630 4818 G.

335 4858 362 4914 2.
376 4861 442 4916 Cod.
456 4861 592 4917 Encelsus
606 4865 638 4916 tn
651 4863 718 4930 Deo,
733 4861 754 4912 1.
766 4875 910 4928 aecensus,
924 4860 956 4911 ut
968 4854 1045 4912 clav.
1134 4855 1161 4910 0.
1184 4857 1331 4911 otthonum
1348 4855 1379 4910 C.
1394 4854 1471 4910 Clau.
1484 4853 1531 4924 87,
1547 4851 1591 4921 18,
1605 4854 1651 4908 ubi
1671 4852 1749 4906 deest
1767 4850 1847 4906 locut

300 4953 347 5022 80,
369 4952 411 5011 10.
1099 4945 1264 5015 scripturae,
1283 4945 1329 4998 cui
1347 4945 1538 5016 inexspectato
1551 4943 1633 4998 modo
1651 4940 1799 5014 suppletur
1811 4955 1847 4994 ox

336 5044 364 5100 3.
386 5044 460 5103 Clau.
480 5045 527 5116 86,
549 5043 592 5098 ll.
610 5045 710 5101 Erech.
730 5061 756 5115 1,
775 5041 820 5098 23.
846 5043 913 5100 (1οά.
938 5040 1047 5096 Unum-
1099 5052 1143 5106 ps.
1163 5049 1269 5103 cxxvii,
1288 5035 1383 5105 lnapte
1402 5031 1545 5092 cohaerent
1560 5032 1622 5087 edd.
1643 5037 1671 5088 et
1688 5031 1769 5088 codd.

302 5153 414 5207 quoque
431 5137 541 5192 duobus
560 5139 615 5192 alis
633 5137 754 5192 colebat.
1135 5127 1163 5182 7.
1184 5127 1261 5182 clav.
1280 5126 1326 5196 87,
1345 5125 1390 5181 22.

338 5224 366 5280 ’1.
387 5225 463 5280 Clau.
482 5226 529 5297 80,
551 5224 594 5281 15.
615 5227 727 5282 Pinnae
746 5223 766 5279 C
785 5223 838 5276 bis.
