3998 6080
703 501 828 567 CODEX
847 503 1053 572 CLAROMON
1060 504 1185 572 Tuitus

898 791 978 874 §l

666 1019 719 1079 DE
741 1018 968 1080 NOMINIBUS
988 1020 1213 1086 HEBRAIOIS.

222 1244 251 1305 1.
269 1241 415 1307 ΑΒΟΝΑΙ
430 1242 459 1305 in
481 1241 601 1306 latinum
623 1241 774 1323 significet
795 1240 943 1304 Dominus.

222 1362 252 1424 2.
270 1359 413 1442 Suuuuor,
429 1359 629 1438 Eomcituum,
641 1359 707 1424 sive
732 1359 880 1424 Virtutum.

222 1480 252 1543 3.
269 1479 322 1559 Eu,
338 1478 429 1541 Deus.

223 1597 251 1660 l.
268 1597 334 1677 Eur,
350 1598 440 1661 Deus.

222 1718 251 1780 li.
267 1718 359 1798 Eoos,
376 1718 464 1782 Deris.

222 1838 251 1900 6.
267 1837 368 1914 Euam,
383 1836 532 1900 licoelsus.

220 1955 250 2020 7.
266 1956 389 2035 Eresos,
405 1953 455 2038 qui
476 1961 520 2019 est
540 1960 799 2035 tetragrammaton
820 1951 992 2018 ineffabilis.

219 2071 249 2135 8.
265 2071 382 2150 siuns,
398 2069 596 2153 Omnipotens.

218 2189 247 2252 9.
262 2189 379 2269 tusses,
399 2187 547 2266 Salvator,
567 2188 634 2253 siue
656 2186 813 2252 Salutaris.

199 2307 246 2369 10.
263 2305 449 2386 Numerum,
466 2305 601 2383 Sanetus,
622 2305 686 2368 siue
707 2305 846 2368 Mundus.

197 2424 247 2487 11.
263 2422 398 2497 Messius,
418 2422 533 2500 thectae,
549 2422 580 2488 id
600 2432 646 2488 est
667 2423 805 2488 Cluristus.

197 2540 246 2602 12.
262 2539 353 2616 Uricl,
369 2537 435 2602 Luc
448 2538 517 2600 aet.
912 2581 914 2587 ι

198 2657 247 2721 13.
263 2655 400 2734 Histrici,
420 2655 488 2732 Quis
510 2659 541 2716 ut
560 2654 663 2718 Deus?
683 2654 748 2718 sive
771 2654 903 2718 Potestas
926 2655 989 2720 [lei.

197 2775 246 2837 m.
263 2755 565 2849 carissimorum
585 2773 651 2836 oet.

196 2893 245 2958 re.
260 2891 405 2976 capuae,
426 2871 572 2956 meeum
591 2891 657 2956 aar.

194 3010 243 3074 tt.
259 3009 352 3088 Aziel,
373 3009 454 3074 Vesus
474 3009 540 3072 Dei.

195 3128 244 3191 17.
261 3126 585 3204 curiosissimum
604 3125 764 3190 memmiae.

194 3247 242 3310 18.
258 3243 422 3327 Seraphim,
438 3243 585 3324 Ardeates,
602 3244 667 3310 sive
688 3243 879 3310 luceuoloutee.

196 3364 245 3426 19.
264 3362 369 3441 idum,
384 3362 493 3442 Homo,
508 3361 572 3428 sire
590 3362 753 3446 Termesso,
768 3362 876 3426 Christi
899 3361 1023 3442 figurem
1044 3378 1160 3440 gerens,
1173 3361 1211 3426 de
1231 3360 1314 3444 cujus
1329 3360 1419 3426 latere
1439 3357 1578 3426 Ecclesia
1598 3377 1703 3426 socra—

136 3491 250 3568 uentu
271 3482 386 3567 proteu
406 3492 488 3547 suut.

193 3599 240 3662 20.
256 3597 332 3676 Eue,
353 3596 426 3674 Vita,
444 3594 511 3661 siue
533 3596 574 3678 [p.
592 3598 662 3676 212]
686 3597 858 3672 Catamitus,
873 3594 1036 3660 Ecclesiam
1056 3593 1240 3677 significuus,
1258 3612 1323 3676 quse
1337 3602 1488 3660 matercst
1501 3593 1632 3659 omnium
1647 3593 1700 3660 vi-

152 3714 295 3780 sentium.

193 3831 242 3893 ut.
261 3829 346 3911 Abel,
362 3829 534 3906 Luctuosus,
554 3831 602 3896 vel
624 3831 811 3912 Miserabilis,
828 3832 878 3914 qui
899 3835 931 3896 iu
952 3841 1023 3915 typo
1043 3831 1206 3898 saluatoris
1226 3849 1244 3895 a
1264 3831 1353 3896 tratre
1372 3831 1486 3918 occisus
1506 3838 1561 3896 est.

191 3949 242 4011 ii.
259 3946 344 4024 Cain,
358 3947 520 4024 Possessio,
533 3946 583 4011 vel
600 3947 790 4028 lamentatio,
804 3949 854 4033 qui
872 3948 900 4014 iu
915 3947 1009 4028 figure
1023 3947 1189 4014 ludaeorum
1205 3947 1390 4033 parricidium
1406 3946 1437 4010 iu
1458 3947 1577 4012 tratrem
1597 3964 1699 4030 perpe
1804 4017 1806 4022 ,

152 4063 252 4138 trusit,
265 4062 342 4126 sicut
362 4063 405 4126 itti
425 4063 457 4126 in
477 4060 606 4128 Christo.
729 4066 731 4070 ’

189 4177 541 4262 suscessorem,
563 4179 724 4246 Salvemris
744 4181 870 4265 figuram
891 4201 1008 4266 gerens,
1029 4183 1098 4269 quie
1120 4183 1150 4247 in
1171 4183 1235 4267 ipso
1255 4181 1414 4248 resurrexit
1431 4200 1532 4249 semen
1552 4190 1696 4250 sunctum.

190 4298 240 4360 ii.
255 4298 367 4376 Enoch,
380 4297 541 4379 Dedicatio,
557 4299 687 4364 omnium
701 4311 868 4368 sauctorum
883 4302 974 4369 hebet
987 4303 1155 4386 imaginem,
1168 4301 1206 4366 ob
1220 4300 1275 4365 hoc
1288 4301 1365 4385 quod
1387 4299 1528 4384 septimus
1545 4300 1585 4366 cb
1604 4301 1698 4368 Adam
1773 4275 1781 4302 ²

149 4415 311 4480 translatus
330 4424 387 4480 est.

189 4532 239 4596 rt.
254 4531 433 4614 Muthusels,
451 4532 586 4600 Mortuus
606 4541 657 4614 eet,
677 4537 725 4602 vel
746 4537 839 4604 Misit.
873 4537 877 4546 '

182 4839 211 4902 ἓ.
231 4839 268 4892 V.
288 4836 424 4906 Titulum,
440 4845 590 4914 utcumque
603 4845 734 4916 otiosum,
749 4845 819 4899 haud
834 4846 895 4900 fru-
950 4845 1067 4916 Origen.
1085 4843 1236 4900 Commeat.
1251 4846 1283 4898 im
1291 4842 1394 4912 psalm.
1417 4841 1489 4914 Opp.
1510 4841 1531 4895 t.
1550 4855 1580 4908 11,
1594 4857 1624 4912 p.
1643 4835 1696 4894 539

145 4931 204 4980 stru
223 4926 352 4997 neglexit
368 4929 404 4997 A,
418 4929 466 4982 sed
485 4931 572 4986 minio
584 4932 788 4986 commendavit
808 4933 837 4987 0.
853 4933 894 4987 Ob
949 4933 1070 5002 (Patrol.
1081 4949 1126 5003 pr.
1137 4937 1158 4987 t.
1169 4931 1287 5000 111,col.
1301 4927 1391 4996 1104).
1405 4930 1519 4985 Hieron.
1532 4930 1604 5002 Opp.
1615 4935 1638 4986 t.
1652 4945 1694 4997 111,

144 5015 310 5085 dignitatem
326 5020 496 5088 argumenti,
509 5019 570 5074 heec
583 5019 665 5092 paulo
679 5021 770 5076 fusius
783 5023 812 5075 in
826 5023 893 5092 Spi-
948 5040 977 5094 p.
991 5020 1068 5090 1270,
1081 5024 1124 5076 De
1135 5025 1236 5077 Decem
1245 5023 1300 5080 Dei
1311 5023 1487 5088 nominibus,
1496 5023 1549 5074 etc.
1559 5047 1594 5062 -
1604 5018 1633 5072 6.
1644 5017 1695 5072 Iae-

143 5105 190 5159 cil.
211 5118 253 5171 ιιι,
272 5102 336 5172 300,
355 5112 529 5176 persecutus,
548 5105 696 5162 nonnullus
721 5107 832 5162 uolutus
857 5108 890 5164 de
946 5129 981 5183 go
990 5113 1018 5163 τὸ
1032 5113 1256 5184 τιτραγράμματον
1266 5107 1482 5179 τοῦἈπορρητου.
1495 5105 1582 5164 -22,
1590 5124 1693 5178 perpe·

141 5196 258 5249 veritate
284 5196 414 5253 hebreice
436 5197 470 5252 srl
495 5197 607 5270 singula
631 5215 684 5253 non
709 5199 889 5270 preelermisi,
944 5208 1036 5252 matus
1050 5196 1080 5266 C,
1093 5214 1128 5251 en
1142 5214 1176 5251 ex
1188 5215 1254 5252 voce
1267 5198 1357 5252 medis
1367 5198 1572 5268 διαπραξάμενος,
1585 5198 1691 5268 ἐργασά-

142 5299 210 5353 quss
223 5285 337 5355 videsis,
351 5289 380 5339 et
391 5302 453 5357 quea
467 5287 543 5341 inira
554 5306 583 5358 p.
600 5286 661 5344 137.
673 5287 836 5358 quibuscum
849 5288 887 5344 ot.
944 5285 1030 5356 guercii
1039 5284 1128 5341 -23,
1140 5287 1196 5343 Sed
1207 5291 1425 5342 resurrectionis
1435 5287 1591 5342 Saloutaris
1602 5288 1642 5340 sic
1655 5287 1685 5341 (t.
