<?xml version="1.0" encoding="UTF-8"?>
<!DOCTYPE html PUBLIC "-//W3C//DTD XHTML 1.0 Transitional//EN"
    "http://www.w3.org/TR/xhtml1/DTD/xhtml1-transitional.dtd">
<html xmlns="http://www.w3.org/1999/xhtml" xml:lang="en" lang="en">
 <head>
  <title>
</title>
<meta http-equiv="Content-Type" content="text/html;charset=utf-8" />
  <meta name='ocr-system' content='tesseract 3.04.00' />
  <meta name='ocr-capabilities' content='ocr_page ocr_carea ocr_par ocr_line ocrx_word'/>
</head>
<body>
  <div class='ocr_page' id='page_1' title='image "./analectasacrasp01pitrgoog_0493.png"; bbox 0 0 4044 6098; ppageno 0'>
   <div class='ocr_carea' id='block_1_1' title="bbox 266 510 323 584">
    <p class='ocr_par' dir='ltr' id='par_1_1' title="bbox 266 510 323 584">
     <span class='ocr_line' id='line_1_1' title="bbox 266 510 323 584; baseline 0 0"><span class='ocrx_word' id='word_1_1' title='bbox 266 510 323 584; x_wconf 82' lang='grc' dir='ltr'><strong>ί36</strong></span> 
     </span>
    </p>
   </div>
   <div class='ocr_carea' id='block_1_2' title="bbox 265 673 1015 1091">
    <p class='ocr_par' dir='ltr' id='par_1_2' title="bbox 265 673 1015 1091">
     <span class='ocr_line' id='line_1_2' title="bbox 268 673 1015 768; baseline 0.003 -30"><span class='ocrx_word' id='word_1_2' title='bbox 268 673 451 766; x_wconf 84' lang='grc' dir='ltr'>ψαλτήριον.</span> <span class='ocrx_word' id='word_1_3' title='bbox 469 680 504 740; x_wconf 78' lang='lat' dir='ltr'><strong>Et</strong></span> <span class='ocrx_word' id='word_1_4' title='bbox 526 673 587 768; x_wconf 74' lang='grc' dir='ltr'><strong>γὰρ</strong></span> <span class='ocrx_word' id='word_1_5' title='bbox 610 673 664 740; x_wconf 84' lang='grc' dir='ltr'><strong>καί</strong></span> <span class='ocrx_word' id='word_1_6' title='bbox 687 677 789 768; x_wconf 83' lang='grc' dir='ltr'>ἕτερος</span> <span class='ocrx_word' id='word_1_7' title='bbox 813 673 852 753; x_wconf 82' lang='grc' dir='ltr'><strong>ἧν</strong></span> <span class='ocrx_word' id='word_1_8' title='bbox 876 681 892 741; x_wconf 84' lang='grc' dir='ltr'>ὁ</span> <span class='ocrx_word' id='word_1_9' title='bbox 916 702 1015 742; x_wconf 89' lang='grc' dir='ltr'>κατα-</span> 
     </span>
     <span class='ocr_line' id='line_1_3' title="bbox 267 776 1013 875; baseline 0.003 -26"><span class='ocrx_word' id='word_1_10' title='bbox 267 776 369 861; x_wconf 72' lang='grc' dir='ltr'>δείξας</span> <span class='ocrx_word' id='word_1_11' title='bbox 393 781 566 875; x_wconf 79' lang='grc' dir='ltr'>ψαλτήριον</span> <span class='ocrx_word' id='word_1_12' title='bbox 589 785 645 848; x_wconf 84' lang='grc' dir='ltr'><strong>καί</strong></span> <span class='ocrx_word' id='word_1_13' title='bbox 667 783 805 874; x_wconf 77' lang='grc' dir='ltr'>κιθάραν,</span> <span class='ocrx_word' id='word_1_14' title='bbox 824 784 891 850; x_wconf 83' lang='grc' dir='ltr'>ἀλλ’</span> <span class='ocrx_word' id='word_1_15' title='bbox 910 786 1013 865; x_wconf 86' lang='grc' dir='ltr'>ἄλλως</span> 
     </span>
     <span class='ocr_line' id='line_1_4' title="bbox 266 883 1014 983; baseline 0.005 -29"><span class='ocrx_word' id='word_1_16' title='bbox 266 893 380 966; x_wconf 85' lang='grc' dir='ltr'>ἐκεῖνος</span> <span class='ocrx_word' id='word_1_17' title='bbox 404 890 537 980; x_wconf 79' lang='grc' dir='ltr'>ἄτεχνόν</span> <span class='ocrx_word' id='word_1_18' title='bbox 554 915 586 956; x_wconf 92' lang='grc' dir='ltr'>τι</span> <span class='ocrx_word' id='word_1_19' title='bbox 603 891 656 956; x_wconf 83' lang='grc' dir='ltr'><strong>καί</strong></span> <span class='ocrx_word' id='word_1_20' title='bbox 674 883 829 958; x_wconf 75' lang='grc' dir='ltr'>ἰδιωτικὸν</span> <span class='ocrx_word' id='word_1_21' title='bbox 850 888 1014 983; x_wconf 77' lang='grc' dir='ltr'>συμπήξας</span> 
     </span>
     <span class='ocr_line' id='line_1_5' title="bbox 265 990 1013 1091; baseline 0.007 -29"><span class='ocrx_word' id='word_1_22' title='bbox 265 999 285 1071; x_wconf 83' lang='grc' dir='ltr'><strong>ἢ</strong></span> <span class='ocrx_word' id='word_1_23' title='bbox 311 990 467 1075; x_wconf 77' lang='grc' dir='ltr'>διατείνας</span> <span class='ocrx_word' id='word_1_24' title='bbox 490 998 631 1091; x_wconf 81' lang='grc' dir='ltr'>ὄργανον,</span> <span class='ocrx_word' id='word_1_25' title='bbox 648 1000 702 1064; x_wconf 84' lang='grc' dir='ltr'><strong>καί</strong></span> <span class='ocrx_word' id='word_1_26' title='bbox 725 1002 798 1066; x_wconf 79' lang='grc' dir='ltr'>οὔτε</span> <span class='ocrx_word' id='word_1_27' title='bbox 818 1002 893 1091; x_wconf 82' lang='grc' dir='ltr'>πρὸς</span> <span class='ocrx_word' id='word_1_28' title='bbox 910 1003 1013 1090; x_wconf 86' lang='grc' dir='ltr'>μέλος,</span> 
     </span>
    </p>
   </div>
   <div class='ocr_carea' id='block_1_3' title="bbox 264 1100 1017 4008">
    <p class='ocr_par' dir='ltr' id='par_1_3' title="bbox 264 1100 1017 4008">
     <span class='ocr_line' id='line_1_6' title="bbox 266 1100 1015 1202; baseline 0.004 -31"><span class='ocrx_word' id='word_1_29' title='bbox 266 1109 338 1172; x_wconf 81' lang='grc' dir='ltr'>οὔτε</span> <span class='ocrx_word' id='word_1_30' title='bbox 361 1108 435 1197; x_wconf 83' lang='grc' dir='ltr'>πρὸς</span> <span class='ocrx_word' id='word_1_31' title='bbox 458 1107 553 1198; x_wconf 85' lang='grc' dir='ltr'>λόγον</span> <span class='ocrx_word' id='word_1_32' title='bbox 572 1100 664 1192; x_wconf 77' lang='grc' dir='ltr'>ᾅδων,</span> <span class='ocrx_word' id='word_1_33' title='bbox 684 1107 753 1174; x_wconf 82' lang='grc' dir='ltr'>ἀλλ’</span> <span class='ocrx_word' id='word_1_34' title='bbox 774 1109 918 1202; x_wconf 76' lang='grc' dir='ltr'>ἀγροῖκόν</span> <span class='ocrx_word' id='word_1_35' title='bbox 942 1135 1015 1174; x_wconf 89' lang='grc' dir='ltr'>τινα</span> 
     </span>
     <span class='ocr_line' id='line_1_7' title="bbox 265 1205 1013 1305; baseline 0.004 -27"><span class='ocrx_word' id='word_1_36' title='bbox 265 1208 383 1292; x_wconf 79' lang='grc' dir='ltr'>παίζων</span> <span class='ocrx_word' id='word_1_37' title='bbox 408 1212 524 1304; x_wconf 80' lang='grc' dir='ltr'>τέρψιν.</span> <span class='ocrx_word' id='word_1_38' title='bbox 543 1215 578 1278; x_wconf 88' lang='lat'><strong>&#39;0</strong></span> <span class='ocrx_word' id='word_1_39' title='bbox 603 1205 637 1280; x_wconf 75' lang='grc' dir='ltr'><strong>δὲ</strong></span> <span class='ocrx_word' id='word_1_40' title='bbox 660 1223 781 1304; x_wconf 82' lang='grc' dir='ltr'>πρῶτος</span> <span class='ocrx_word' id='word_1_41' title='bbox 807 1215 876 1305; x_wconf 85' lang='grc' dir='ltr'>μετ’</span> <span class='ocrx_word' id='word_1_42' title='bbox 897 1219 1013 1282; x_wconf 80' lang='grc' dir='ltr'>ἐκεῖνον</span> 
     </span>
     <span class='ocr_line' id='line_1_8' title="bbox 268 1317 1014 1414; baseline 0.004 -30"><span class='ocrx_word' id='word_1_43' title='bbox 268 1324 310 1395; x_wconf 85' lang='grc' dir='ltr'>εἰς</span> <span class='ocrx_word' id='word_1_44' title='bbox 335 1319 448 1410; x_wconf 79' lang='grc' dir='ltr'>ῥυθμὸν</span> <span class='ocrx_word' id='word_1_45' title='bbox 473 1320 601 1412; x_wconf 84' lang='grc' dir='ltr'>ἀγαγὼν</span> <span class='ocrx_word' id='word_1_46' title='bbox 625 1322 663 1386; x_wconf 79' lang='grc' dir='ltr'><strong>τὸ</strong></span> <span class='ocrx_word' id='word_1_47' title='bbox 687 1332 818 1414; x_wconf 82' lang='grc' dir='ltr'>πρᾶγμα</span> <span class='ocrx_word' id='word_1_48' title='bbox 850 1323 903 1388; x_wconf 86' lang='grc' dir='ltr'><strong>καί</strong></span> <span class='ocrx_word' id='word_1_49' title='bbox 925 1317 1014 1403; x_wconf 74' lang='grc' dir='ltr'>τάξιν</span> 
     </span>
     <span class='ocr_line' id='line_1_9' title="bbox 266 1428 1016 1525; baseline 0.008 -33"><span class='ocrx_word' id='word_1_50' title='bbox 266 1428 320 1492; x_wconf 87' lang='grc' dir='ltr'><strong>καί</strong></span> <span class='ocrx_word' id='word_1_51' title='bbox 342 1429 470 1518; x_wconf 85' lang='grc' dir='ltr'>τέχνην,</span> <span class='ocrx_word' id='word_1_52' title='bbox 489 1429 573 1494; x_wconf 75' lang='grc' dir='ltr'>ἀλλὰ</span> <span class='ocrx_word' id='word_1_53' title='bbox 597 1429 650 1494; x_wconf 86' lang='grc' dir='ltr'><strong>καί</strong></span> <span class='ocrx_word' id='word_1_54' title='bbox 673 1441 719 1514; x_wconf 86' lang='grc' dir='ltr'><strong>τῷ</strong></span> <span class='ocrx_word' id='word_1_55' title='bbox 745 1431 832 1520; x_wconf 79' lang='grc' dir='ltr'>μέλει</span> <span class='ocrx_word' id='word_1_56' title='bbox 856 1456 1016 1525; x_wconf 87' lang='grc' dir='ltr'>συγκατα-</span> 
     </span>
     <span class='ocr_line' id='line_1_10' title="bbox 267 1530 1013 1630; baseline 0.007 -29"><span class='ocrx_word' id='word_1_57' title='bbox 267 1530 357 1626; x_wconf 82' lang='grc' dir='ltr'>μίξας</span> <span class='ocrx_word' id='word_1_58' title='bbox 381 1538 418 1602; x_wconf 78' lang='grc' dir='ltr'><strong>τὸ</strong></span> <span class='ocrx_word' id='word_1_59' title='bbox 443 1531 539 1627; x_wconf 86' lang='grc' dir='ltr'>ᾆσμα,</span> <span class='ocrx_word' id='word_1_60' title='bbox 564 1537 618 1602; x_wconf 87' lang='grc' dir='ltr'><strong>καί</strong></span> <span class='ocrx_word' id='word_1_61' title='bbox 640 1539 679 1603; x_wconf 77' lang='grc' dir='ltr'><strong>τὸ</strong></span> <span class='ocrx_word' id='word_1_62' title='bbox 704 1534 809 1627; x_wconf 83' lang='grc' dir='ltr'>μεῖζον</span> <span class='ocrx_word' id='word_1_63' title='bbox 832 1541 906 1630; x_wconf 78' lang='grc' dir='ltr'>πρὸς</span> <span class='ocrx_word' id='word_1_64' title='bbox 922 1541 1013 1620; x_wconf 74' lang='grc' dir='ltr'>Θεὸν,</span> 
     </span>
     <span class='ocr_line' id='line_1_11' title="bbox 265 1641 1015 1738; baseline 0.004 -28"><span class='ocrx_word' id='word_1_65' title='bbox 265 1644 285 1718; x_wconf 71' lang='grc' dir='ltr'>ἦ</span> <span class='ocrx_word' id='word_1_66' title='bbox 304 1646 384 1711; x_wconf 81' lang='grc' dir='ltr'>Θεὸν</span> <span class='ocrx_word' id='word_1_67' title='bbox 400 1645 488 1733; x_wconf 83' lang='grc' dir='ltr'>ᾄσας,</span> <span class='ocrx_word' id='word_1_68' title='bbox 506 1641 596 1723; x_wconf 78' lang='grc' dir='ltr'>οὗτος</span> <span class='ocrx_word' id='word_1_69' title='bbox 617 1651 633 1710; x_wconf 85' lang='grc' dir='ltr'>ὁ</span> <span class='ocrx_word' id='word_1_70' title='bbox 651 1645 895 1738; x_wconf 85' lang='grc' dir='ltr'>θεορορὼτατος,</span> <span class='ocrx_word' id='word_1_71' title='bbox 920 1642 1015 1738; x_wconf 78' lang='grc' dir='ltr'>ἀρξά-</span> 
     </span>
     <span class='ocr_line' id='line_1_12' title="bbox 267 1748 1015 1844; baseline 0.004 -24"><span class='ocrx_word' id='word_1_72' title='bbox 267 1778 357 1843; x_wconf 86' lang='grc' dir='ltr'>μενος</span> <span class='ocrx_word' id='word_1_73' title='bbox 375 1753 430 1843; x_wconf 81' lang='grc' dir='ltr'>μὲν</span> <span class='ocrx_word' id='word_1_74' title='bbox 454 1759 490 1820; x_wconf 80' lang='grc' dir='ltr'><strong>ἐκ</strong></span> <span class='ocrx_word' id='word_1_75' title='bbox 513 1754 667 1844; x_wconf 83' lang='grc' dir='ltr'>ποιμένων</span> <span class='ocrx_word' id='word_1_76' title='bbox 691 1756 746 1820; x_wconf 88' lang='grc' dir='ltr'><strong>καί</strong></span> <span class='ocrx_word' id='word_1_77' title='bbox 762 1748 880 1822; x_wconf 76' lang='grc' dir='ltr'>παίδων</span> <span class='ocrx_word' id='word_1_78' title='bbox 899 1749 1015 1823; x_wconf 73' lang='grc' dir='ltr'>ἰδιωτι-</span> 
     </span>
     <span class='ocr_line' id='line_1_13' title="bbox 266 1857 1015 1957; baseline 0.008 -32"><span class='ocrx_word' id='word_1_79' title='bbox 266 1859 403 1952; x_wconf 76' lang='grc' dir='ltr'>κώτερον</span> <span class='ocrx_word' id='word_1_80' title='bbox 426 1885 464 1927; x_wconf 87' lang='grc' dir='ltr'>τε</span> <span class='ocrx_word' id='word_1_81' title='bbox 480 1862 534 1926; x_wconf 85' lang='grc' dir='ltr'><strong>καί</strong></span> <span class='ocrx_word' id='word_1_82' title='bbox 549 1862 781 1953; x_wconf 83' lang='grc' dir='ltr'>ταπεινότερον,</span> <span class='ocrx_word' id='word_1_83' title='bbox 798 1865 965 1957; x_wconf 86' lang='grc' dir='ltr'>γενόμενος</span> <span class='ocrx_word' id='word_1_84' title='bbox 981 1857 1015 1931; x_wconf 73' lang='grc' dir='ltr'><strong>δὲ</strong></span> 
     </span>
     <span class='ocr_line' id='line_1_14' title="bbox 267 1963 1014 2065; baseline 0.011 -33"><span class='ocrx_word' id='word_1_85' title='bbox 267 1969 321 2033; x_wconf 84' lang='grc' dir='ltr'><strong>καί</strong></span> <span class='ocrx_word' id='word_1_86' title='bbox 353 1973 394 2046; x_wconf 88' lang='grc' dir='ltr'>είς</span> <span class='ocrx_word' id='word_1_87' title='bbox 426 1963 524 2061; x_wconf 70' lang='grc' dir='ltr'>ἄνδρα</span> <span class='ocrx_word' id='word_1_88' title='bbox 555 1972 609 2037; x_wconf 86' lang='grc' dir='ltr'><strong>καί</strong></span> <span class='ocrx_word' id='word_1_89' title='bbox 642 1973 792 2058; x_wconf 80' lang='grc' dir='ltr'>βασιλέα,</span> <span class='ocrx_word' id='word_1_90' title='bbox 815 1965 1014 2065; x_wconf 76' lang='grc' dir='ltr'>ἐνδοξότερον</span> 
     </span>
     <span class='ocr_line' id='line_1_15' title="bbox 267 2072 1016 2174; baseline 0.009 -34"><span class='ocrx_word' id='word_1_91' title='bbox 267 2081 344 2167; x_wconf 86' lang='grc' dir='ltr'>ὁμοῦ</span> <span class='ocrx_word' id='word_1_92' title='bbox 360 2078 414 2144; x_wconf 89' lang='grc' dir='ltr'><strong>καί</strong></span> <span class='ocrx_word' id='word_1_93' title='bbox 429 2080 616 2173; x_wconf 85' lang='grc' dir='ltr'>κοινότερον.</span> <span class='ocrx_word' id='word_1_94' title='bbox 633 2075 746 2148; x_wconf 67' lang='grc' dir='ltr'>Λαῧετν</span> <span class='ocrx_word' id='word_1_95' title='bbox 762 2072 795 2146; x_wconf 77' lang='grc' dir='ltr'><strong>δὲ</strong></span> <span class='ocrx_word' id='word_1_96' title='bbox 810 2081 940 2174; x_wconf 77' lang='grc' dir='ltr'>λέγεται</span> <span class='ocrx_word' id='word_1_97' title='bbox 958 2083 1016 2172; x_wconf 87' lang='grc' dir='ltr'>μά-</span> 
     </span>
     <span class='ocr_line' id='line_1_16' title="bbox 265 2180 1016 2277; baseline 0.004 -27"><span class='ocrx_word' id='word_1_98' title='bbox 265 2189 361 2252; x_wconf 91' lang='grc' dir='ltr'>λιστα</span> <span class='ocrx_word' id='word_1_99' title='bbox 374 2185 434 2261; x_wconf 79' lang='grc' dir='ltr'><strong>τὴν</strong></span> <span class='ocrx_word' id='word_1_100' title='bbox 451 2180 589 2254; x_wconf 77' lang='grc' dir='ltr'>ἐπίδοσιν</span> <span class='ocrx_word' id='word_1_101' title='bbox 605 2199 711 2266; x_wconf 79' lang='grc' dir='ltr'>τοῦτο,</span> <span class='ocrx_word' id='word_1_102' title='bbox 726 2188 809 2277; x_wconf 83' lang='grc' dir='ltr'>μετὰ</span> <span class='ocrx_word' id='word_1_103' title='bbox 825 2188 884 2260; x_wconf 73' lang='grc' dir='ltr'><strong>τὴν</strong></span> <span class='ocrx_word' id='word_1_104' title='bbox 902 2188 952 2254; x_wconf 84' lang='grc' dir='ltr'><strong>ὑπ’</strong></span> <span class='ocrx_word' id='word_1_105' title='bbox 963 2194 1016 2253; x_wconf 85' lang='grc' dir='ltr'><strong>αὺ-</strong></span> 
     </span>
     <span class='ocr_line' id='line_1_17' title="bbox 265 2290 1016 2389; baseline 0.003 -29"><span class='ocrx_word' id='word_1_106' title='bbox 265 2303 321 2360; x_wconf 87' lang='grc' dir='ltr'><strong>τοῢ</strong></span> <span class='ocrx_word' id='word_1_107' title='bbox 344 2306 402 2372; x_wconf 73' lang='grc' dir='ltr'><strong>τῆς</strong></span> <span class='ocrx_word' id='word_1_108' title='bbox 425 2290 561 2362; x_wconf 66' lang='grc' dir='ltr'>κιῧωτοῦ</span> <span class='ocrx_word' id='word_1_109' title='bbox 584 2298 659 2389; x_wconf 83' lang='grc' dir='ltr'>πρὸς</span> <span class='ocrx_word' id='word_1_110' title='bbox 686 2296 747 2371; x_wconf 85' lang='grc' dir='ltr'><strong>τὴν</strong></span> <span class='ocrx_word' id='word_1_111' title='bbox 771 2296 862 2361; x_wconf 85' lang='grc' dir='ltr'>πόλιν</span> <span class='ocrx_word' id='word_1_112' title='bbox 887 2301 1016 2362; x_wconf 86' lang='grc' dir='ltr'>ἀποκα-</span> 
     </span>
     <span class='ocr_line' id='line_1_18' title="bbox 266 2397 1016 2495; baseline 0.003 -31"><span class='ocrx_word' id='word_1_113' title='bbox 266 2399 431 2466; x_wconf 83' lang='grc' dir='ltr'>τάστασιν·</span> <span class='ocrx_word' id='word_1_114' title='bbox 451 2397 487 2478; x_wconf 80' lang='grc' dir='ltr'><strong>ἦς</strong></span> <span class='ocrx_word' id='word_1_115' title='bbox 503 2401 610 2467; x_wconf 77' lang='grc' dir='ltr'>πολλὰ</span> <span class='ocrx_word' id='word_1_116' title='bbox 625 2403 701 2469; x_wconf 83' lang='grc' dir='ltr'>τότε</span> <span class='ocrx_word' id='word_1_117' title='bbox 716 2401 938 2495; x_wconf 75' lang='grc' dir='ltr'>προχορεὺσας,</span> <span class='ocrx_word' id='word_1_118' title='bbox 962 2402 1016 2469; x_wconf 84' lang='grc' dir='ltr'><strong>καί</strong></span> 
     </span>
     <span class='ocr_line' id='line_1_19' title="bbox 266 2509 1016 2602; baseline 0.004 -27"><span class='ocrx_word' id='word_1_119' title='bbox 266 2512 429 2600; x_wconf 82' lang='grc' dir='ltr'>πολλαχοῦ</span> <span class='ocrx_word' id='word_1_120' title='bbox 454 2509 530 2594; x_wconf 88' lang='grc' dir='ltr'>ᾄσας</span> <span class='ocrx_word' id='word_1_121' title='bbox 562 2511 787 2602; x_wconf 75' lang='grc' dir='ltr'>εὐχαριστίριοί</span> <span class='ocrx_word' id='word_1_122' title='bbox 810 2535 847 2577; x_wconf 81' lang='grc' dir='ltr'>τε</span> <span class='ocrx_word' id='word_1_123' title='bbox 870 2513 924 2577; x_wconf 85' lang='grc' dir='ltr'><strong>καί</strong></span> <span class='ocrx_word' id='word_1_124' title='bbox 950 2519 1016 2578; x_wconf 81' lang='grc' dir='ltr'>εἱσ-</span> 
     </span>
     <span class='ocr_line' id='line_1_20' title="bbox 267 2609 1014 2712; baseline 0.004 -29"><span class='ocrx_word' id='word_1_125' title='bbox 267 2609 429 2708; x_wconf 71' lang='grc' dir='ltr'>δεκτήρια,</span> <span class='ocrx_word' id='word_1_126' title='bbox 451 2619 518 2708; x_wconf 87' lang='grc' dir='ltr'><strong>ἅμα</strong></span> <span class='ocrx_word' id='word_1_127' title='bbox 534 2618 604 2708; x_wconf 84' lang='grc' dir='ltr'>μετ’</span> <span class='ocrx_word' id='word_1_128' title='bbox 622 2621 728 2712; x_wconf 78' lang='grc' dir='ltr'>ὀλίγον</span> <span class='ocrx_word' id='word_1_129' title='bbox 752 2619 807 2684; x_wconf 84' lang='grc' dir='ltr'><strong>καί</strong></span> <span class='ocrx_word' id='word_1_130' title='bbox 829 2620 890 2694; x_wconf 72' lang='grc' dir='ltr'><strong>τὴν</strong></span> <span class='ocrx_word' id='word_1_131' title='bbox 913 2622 1014 2712; x_wconf 76' lang='grc' dir='ltr'>φυλὴν</span> 
     </span>
     <span class='ocr_line' id='line_1_21' title="bbox 267 2723 1015 2820; baseline 0.007 -29"><span class='ocrx_word' id='word_1_132' title='bbox 267 2728 344 2799; x_wconf 77' lang='grc' dir='ltr'>ὅλην</span> <span class='ocrx_word' id='word_1_133' title='bbox 362 2731 403 2803; x_wconf 89' lang='grc' dir='ltr'>είς</span> <span class='ocrx_word' id='word_1_134' title='bbox 420 2731 536 2818; x_wconf 81' lang='grc' dir='ltr'>κλῆρον</span> <span class='ocrx_word' id='word_1_135' title='bbox 554 2738 617 2792; x_wconf 83' lang='grc' dir='ltr'><strong>τῶν</strong></span> <span class='ocrx_word' id='word_1_136' title='bbox 633 2736 770 2793; x_wconf 82' lang='grc' dir='ltr'>Λευιτῶν</span> <span class='ocrx_word' id='word_1_137' title='bbox 786 2723 902 2807; x_wconf 71' lang='grc' dir='ltr'>λαίιὼν,</span> <span class='ocrx_word' id='word_1_138' title='bbox 918 2731 1015 2820; x_wconf 80' lang='grc' dir='ltr'>ἀρχὰς</span> 
     </span>
     <span class='ocr_line' id='line_1_22' title="bbox 268 2834 1015 2928; baseline 0.005 -31"><span class='ocrx_word' id='word_1_139' title='bbox 268 2834 322 2924; x_wconf 78' lang='grc' dir='ltr'>μὲν</span> <span class='ocrx_word' id='word_1_140' title='bbox 333 2835 525 2925; x_wconf 81' lang='grc' dir='ltr'>ἀπολέγεται</span> <span class='ocrx_word' id='word_1_141' title='bbox 537 2845 600 2900; x_wconf 84' lang='grc' dir='ltr'><strong>τῶν</strong></span> <span class='ocrx_word' id='word_1_142' title='bbox 614 2845 715 2926; x_wconf 86' lang='grc' dir='ltr'>χορῶν</span> <span class='ocrx_word' id='word_1_143' title='bbox 729 2835 891 2927; x_wconf 77' lang='grc' dir='ltr'>τέσσαρας,</span> <span class='ocrx_word' id='word_1_144' title='bbox 904 2835 1015 2928; x_wconf 75' lang='grc' dir='ltr'>Ἀσάφ,</span> 
     </span>
     <span class='ocr_line' id='line_1_23' title="bbox 267 2936 1014 3034; baseline 0.004 -27"><span class='ocrx_word' id='word_1_145' title='bbox 267 2939 380 3030; x_wconf 77' lang='grc' dir='ltr'>Αίμάν,</span> <span class='ocrx_word' id='word_1_146' title='bbox 393 2941 507 3032; x_wconf 79' lang='grc' dir='ltr'>Αίθάμ,</span> <span class='ocrx_word' id='word_1_147' title='bbox 522 2936 667 3034; x_wconf 73' lang='grc' dir='ltr'>’ίδιθοὺμ</span> <span class='ocrx_word' id='word_1_148' title='bbox 685 2937 792 3018; x_wconf 77' lang='grc' dir='ltr'>ἐπειδὴ</span> <span class='ocrx_word' id='word_1_149' title='bbox 811 2945 865 3010; x_wconf 86' lang='grc' dir='ltr'><strong>καί</strong></span> <span class='ocrx_word' id='word_1_150' title='bbox 887 2944 1014 3010; x_wconf 87' lang='grc' dir='ltr'>πάντων</span> 
     </span>
     <span class='ocr_line' id='line_1_24' title="bbox 265 3044 1017 3144; baseline 0.007 -29"><span class='ocrx_word' id='word_1_151' title='bbox 265 3056 329 3115; x_wconf 87' lang='grc' dir='ltr'><strong>τῶν</strong></span> <span class='ocrx_word' id='word_1_152' title='bbox 353 3049 515 3139; x_wconf 79' lang='grc' dir='ltr'>ὁρωμένων</span> <span class='ocrx_word' id='word_1_153' title='bbox 533 3050 627 3141; x_wconf 82' lang='grc' dir='ltr'>ἀρχαί</span> <span class='ocrx_word' id='word_1_154' title='bbox 641 3051 800 3144; x_wconf 77' lang='grc' dir='ltr'>τέσσαρες·</span> <span class='ocrx_word' id='word_1_155' title='bbox 823 3052 895 3129; x_wconf 86' lang='grc' dir='ltr'>τοὺς</span> <span class='ocrx_word' id='word_1_156' title='bbox 912 3044 945 3119; x_wconf 72' lang='grc' dir='ltr'><strong>δὲ</strong></span> <span class='ocrx_word' id='word_1_157' title='bbox 961 3077 1017 3143; x_wconf 88' lang='grc' dir='ltr'><strong>χο-</strong></span> 
     </span>
     <span class='ocr_line' id='line_1_25' title="bbox 268 3151 1016 3250; baseline 0.004 -27"><span class='ocrx_word' id='word_1_158' title='bbox 268 3157 335 3250; x_wconf 82' lang='grc' dir='ltr'>ροὺς</span> <span class='ocrx_word' id='word_1_159' title='bbox 357 3151 390 3237; x_wconf 81' lang='grc' dir='ltr'><strong>ἐξ</strong></span> <span class='ocrx_word' id='word_1_160' title='bbox 406 3151 524 3250; x_wconf 77' lang='grc' dir='ltr'>ἀνδρῶν</span> <span class='ocrx_word' id='word_1_161' title='bbox 542 3161 733 3239; x_wconf 87' lang='grc' dir='ltr'>συνίστησιν,</span> <span class='ocrx_word' id='word_1_162' title='bbox 749 3155 862 3241; x_wconf 79' lang='grc' dir='ltr'>ἐξελὼν</span> <span class='ocrx_word' id='word_1_163' title='bbox 879 3171 942 3227; x_wconf 83' lang='grc' dir='ltr'><strong>τῶν</strong></span> <span class='ocrx_word' id='word_1_164' title='bbox 960 3161 1016 3226; x_wconf 85' lang='grc' dir='ltr'><strong>ἄλ-</strong></span> 
     </span>
     <span class='ocr_line' id='line_1_26' title="bbox 266 3261 1013 3362; baseline 0.005 -29"><span class='ocrx_word' id='word_1_165' title='bbox 266 3271 329 3333; x_wconf 92' lang='grc' dir='ltr'><strong>λων</strong></span> <span class='ocrx_word' id='word_1_166' title='bbox 362 3266 416 3333; x_wconf 85' lang='grc' dir='ltr'><strong>καί</strong></span> <span class='ocrx_word' id='word_1_167' title='bbox 444 3267 575 3346; x_wconf 79' lang='grc' dir='ltr'>τούτους</span> <span class='ocrx_word' id='word_1_168' title='bbox 607 3261 662 3335; x_wconf 75' lang='grc' dir='ltr'><strong>δύο</strong></span> <span class='ocrx_word' id='word_1_169' title='bbox 692 3269 747 3335; x_wconf 84' lang='grc' dir='ltr'><strong>καί</strong></span> <span class='ocrx_word' id='word_1_170' title='bbox 776 3261 1013 3362; x_wconf 67' lang='grc' dir='ltr'>ἑίὸομήκοντα,</span> 
     </span>
     <span class='ocr_line' id='line_1_27' title="bbox 265 3375 1014 3470; baseline 0.005 -29"><span class='ocrx_word' id='word_1_171' title='bbox 265 3377 339 3468; x_wconf 75' lang='grc' dir='ltr'>πρὸς</span> <span class='ocrx_word' id='word_1_172' title='bbox 354 3375 411 3453; x_wconf 74' lang='grc' dir='ltr'><strong>τὰς</strong></span> <span class='ocrx_word' id='word_1_173' title='bbox 426 3376 573 3469; x_wconf 79' lang='grc' dir='ltr'>γλώσσας</span> <span class='ocrx_word' id='word_1_174' title='bbox 595 3376 825 3469; x_wconf 81' lang='grc' dir='ltr'>ἀπαριθμήσας,</span> <span class='ocrx_word' id='word_1_175' title='bbox 842 3375 940 3470; x_wconf 88' lang='grc' dir='ltr'>οίμαι,</span> <span class='ocrx_word' id='word_1_176' title='bbox 957 3378 1014 3457; x_wconf 76' lang='grc' dir='ltr'><strong>τὰς</strong></span> 
     </span>
     <span class='ocr_line' id='line_1_28' title="bbox 266 3478 1012 3579; baseline 0.007 -29"><span class='ocrx_word' id='word_1_177' title='bbox 266 3485 484 3578; x_wconf 80' lang='grc' dir='ltr'>συγχυθείσας,</span> <span class='ocrx_word' id='word_1_178' title='bbox 502 3482 522 3560; x_wconf 73' lang='grc' dir='ltr'><strong>ἢ</strong></span> <span class='ocrx_word' id='word_1_179' title='bbox 542 3491 663 3576; x_wconf 83' lang='grc' dir='ltr'>μᾶλλον</span> <span class='ocrx_word' id='word_1_180' title='bbox 689 3478 896 3579; x_wconf 74' lang='grc' dir='ltr'>διακριθείσας</span> <span class='ocrx_word' id='word_1_181' title='bbox 916 3490 948 3554; x_wconf 80' lang='grc' dir='ltr'><strong>ἐν</strong></span> <span class='ocrx_word' id='word_1_182' title='bbox 971 3498 1012 3577; x_wconf 77' lang='grc' dir='ltr'><strong>τῇ</strong></span> 
     </span>
     <span class='ocr_line' id='line_1_29' title="bbox 265 3587 1013 3685; baseline 0.005 -27"><span class='ocrx_word' id='word_1_183' title='bbox 265 3595 463 3685; x_wconf 76' lang='grc' dir='ltr'>πυργοποιίᾳ·</span> <span class='ocrx_word' id='word_1_184' title='bbox 486 3594 520 3658; x_wconf 90' lang='grc' dir='ltr'><strong>τί</strong></span> <span class='ocrx_word' id='word_1_185' title='bbox 534 3594 655 3660; x_wconf 72' lang='grc' dir='ltr'>τούτων</span> <span class='ocrx_word' id='word_1_186' title='bbox 672 3603 790 3682; x_wconf 76' lang='grc' dir='ltr'>τυπῷν,</span> <span class='ocrx_word' id='word_1_187' title='bbox 805 3600 832 3660; x_wconf 86' lang='grc' dir='ltr'>εἰ</span> <span class='ocrx_word' id='word_1_188' title='bbox 848 3595 891 3684; x_wconf 82' lang='grc' dir='ltr'>μὴ</span> <span class='ocrx_word' id='word_1_189' title='bbox 908 3587 1013 3670; x_wconf 73' lang='grc' dir='ltr'>δηλῶν</span> 
     </span>
     <span class='ocr_line' id='line_1_30' title="bbox 265 3697 1016 3795; baseline 0.005 -29"><span class='ocrx_word' id='word_1_190' title='bbox 265 3701 303 3767; x_wconf 77' lang='grc' dir='ltr'><strong>τὸ</strong></span> <span class='ocrx_word' id='word_1_191' title='bbox 319 3701 373 3766; x_wconf 83' lang='grc' dir='ltr'><strong>καί</strong></span> <span class='ocrx_word' id='word_1_192' title='bbox 388 3701 489 3777; x_wconf 86' lang='grc' dir='ltr'>πάσας</span> <span class='ocrx_word' id='word_1_193' title='bbox 506 3705 592 3785; x_wconf 84' lang='grc' dir='ltr'><strong>αὐτῷ</strong></span> <span class='ocrx_word' id='word_1_194' title='bbox 605 3700 749 3793; x_wconf 79' lang='grc' dir='ltr'>γλώσσας</span> <span class='ocrx_word' id='word_1_195' title='bbox 762 3703 890 3794; x_wconf 86' lang='grc' dir='ltr'>ὕστερον</span> <span class='ocrx_word' id='word_1_196' title='bbox 904 3697 1016 3795; x_wconf 78' lang='grc' dir='ltr'>ἐξομο-</span> 
     </span>
     <span class='ocr_line' id='line_1_31' title="bbox 264 3806 1015 3904; baseline 0.004 -30"><span class='ocrx_word' id='word_1_197' title='bbox 264 3806 426 3901; x_wconf 78' lang='grc' dir='ltr'>λογεῖσθαι</span> <span class='ocrx_word' id='word_1_198' title='bbox 438 3815 546 3884; x_wconf 83' lang='grc' dir='ltr'>κοινῶς</span> <span class='ocrx_word' id='word_1_199' title='bbox 559 3809 685 3898; x_wconf 77' lang='grc' dir='ltr'>μέλλειν</span> <span class='ocrx_word' id='word_1_200' title='bbox 701 3809 739 3899; x_wconf 80' lang='lat'><strong>¹),</strong></span> <span class='ocrx_word' id='word_1_201' title='bbox 753 3811 807 3876; x_wconf 84' lang='grc' dir='ltr'>ὅτε</span> <span class='ocrx_word' id='word_1_202' title='bbox 820 3809 902 3875; x_wconf 88' lang='grc' dir='ltr'><strong>καίὸ</strong></span> <span class='ocrx_word' id='word_1_203' title='bbox 916 3811 1015 3904; x_wconf 82' lang='grc' dir='ltr'>Λόγος</span> 
     </span>
     <span class='ocr_line' id='line_1_32' title="bbox 265 3909 769 4008; baseline 0.002 -26"><span class='ocrx_word' id='word_1_204' title='bbox 265 3909 419 4006; x_wconf 72' lang='grc' dir='ltr'>περιλάίνῃ</span> <span class='ocrx_word' id='word_1_205' title='bbox 445 3913 506 3992; x_wconf 67' lang='grc' dir='ltr'><strong>τὴν</strong></span> <span class='ocrx_word' id='word_1_206' title='bbox 530 3917 716 4008; x_wconf 76' lang='grc' dir='ltr'>οἰκουμένην</span> <span class='ocrx_word' id='word_1_207' title='bbox 731 3919 769 4008; x_wconf 58' lang='lat'><strong>²23</strong></span> 
     </span>
    </p>
   </div>
   <div class='ocr_carea' id='block_1_4' title="bbox 305 4451 1016 4537">
    <p class='ocr_par' dir='ltr' id='par_1_4' title="bbox 305 4451 1016 4537">
     <span class='ocr_line' id='line_1_33' title="bbox 305 4451 1016 4537; baseline -0.013 -19"><span class='ocrx_word' id='word_1_208' title='bbox 305 4454 328 4532; x_wconf 71' lang='grc' dir='ltr'><strong>ί)</strong></span> <span class='ocrx_word' id='word_1_209' title='bbox 348 4456 457 4537; x_wconf 64' lang='grc' dir='ltr'>ἤμελλεν</span> <span class='ocrx_word' id='word_1_210' title='bbox 477 4456 537 4518; x_wconf 83' lang='lat' dir='ltr'><strong>cod.</strong></span> <span class='ocrx_word' id='word_1_211' title='bbox 550 4487 585 4503; x_wconf 91' lang='lat'><em>-</em></span> <span class='ocrx_word' id='word_1_212' title='bbox 597 4455 665 4515; x_wconf 84' lang='lat' dir='ltr'><strong>Mox</strong></span> <span class='ocrx_word' id='word_1_213' title='bbox 684 4453 748 4517; x_wconf 77' lang='lat' dir='ltr'><strong>sort.</strong></span> <span class='ocrx_word' id='word_1_214' title='bbox 761 4455 862 4512; x_wconf 84' lang='lat' dir='ltr'><strong>melius</strong></span> <span class='ocrx_word' id='word_1_215' title='bbox 877 4451 1016 4528; x_wconf 73' lang='grc' dir='ltr'>πιριλάίοι.</span> 
     </span>
    </p>
   </div>
   <div class='ocr_carea' id='block_1_5' title="bbox 783 511 1296 590">
    <p class='ocr_par' dir='ltr' id='par_1_5' title="bbox 783 511 1296 590">
     <span class='ocr_line' id='line_1_34' title="bbox 783 511 1296 590; baseline 0.006 -4"><span class='ocrx_word' id='word_1_216' title='bbox 783 511 981 587; x_wconf 81' lang='lat' dir='ltr'><strong>trnrounn</strong></span> <span class='ocrx_word' id='word_1_217' title='bbox 1003 513 1296 590; x_wconf 71' lang='lat' dir='ltr'>PROLEGOMENA</span> 
     </span>
    </p>
   </div>
   <div class='ocr_carea' id='block_1_6' title="bbox 1067 665 1826 4330">
    <p class='ocr_par' dir='ltr' id='par_1_6' title="bbox 1067 665 1826 4330">
     <span class='ocr_line' id='line_1_35' title="bbox 1068 665 1820 762; baseline 0.008 -22"><span class='ocrx_word' id='word_1_218' title='bbox 1068 675 1242 758; x_wconf 89' lang='lat' dir='ltr'><strong>aptandum.</strong></span> <span class='ocrx_word' id='word_1_219' title='bbox 1264 675 1341 744; x_wconf 91' lang='lat' dir='ltr'><strong>Nam</strong></span> <span class='ocrx_word' id='word_1_220' title='bbox 1360 665 1385 741; x_wconf 83' lang='lat' dir='ltr'><strong>&#39;si</strong></span> <span class='ocrx_word' id='word_1_221' title='bbox 1401 678 1468 761; x_wconf 87' lang='lat' dir='ltr'><strong>quis</strong></span> <span class='ocrx_word' id='word_1_222' title='bbox 1486 675 1564 744; x_wconf 88' lang='lat' dir='ltr'><strong>aiius</strong></span> <span class='ocrx_word' id='word_1_223' title='bbox 1578 675 1711 762; x_wconf 81' lang='lat' dir='ltr'><strong>psalterii</strong></span> <span class='ocrx_word' id='word_1_224' title='bbox 1731 696 1820 746; x_wconf 88' lang='lat' dir='ltr'><strong>nsum</strong></span> 
     </span>
     <span class='ocr_line' id='line_1_36' title="bbox 1068 781 1816 871; baseline 0.007 -23"><span class='ocrx_word' id='word_1_225' title='bbox 1068 791 1099 848; x_wconf 91' lang='lat' dir='ltr'><strong>ct</strong></span> <span class='ocrx_word' id='word_1_226' title='bbox 1118 781 1242 846; x_wconf 77' lang='lat' dir='ltr'><strong>citharae</strong></span> <span class='ocrx_word' id='word_1_227' title='bbox 1262 783 1344 866; x_wconf 86' lang='lat' dir='ltr'><strong>prins</strong></span> <span class='ocrx_word' id='word_1_228' title='bbox 1364 785 1506 867; x_wconf 75' lang='lat' dir='ltr'><strong>ostendit,</strong></span> <span class='ocrx_word' id='word_1_229' title='bbox 1531 785 1556 851; x_wconf 88' lang='lat' dir='ltr'><strong>is</strong></span> <span class='ocrx_word' id='word_1_230' title='bbox 1577 786 1666 871; x_wconf 90' lang='lat' dir='ltr'><strong>plane</strong></span> <span class='ocrx_word' id='word_1_231' title='bbox 1686 787 1816 869; x_wconf 76' lang='lat' dir='ltr'>diverse,</span> 
     </span>
     <span class='ocr_line' id='line_1_37' title="bbox 1068 890 1819 978; baseline 0.012 -25"><span class='ocrx_word' id='word_1_232' title='bbox 1068 891 1141 956; x_wconf 92' lang='lat' dir='ltr'><strong>rude</strong></span> <span class='ocrx_word' id='word_1_233' title='bbox 1156 890 1297 974; x_wconf 84' lang='lat' dir='ltr'>quiddam</span> <span class='ocrx_word' id='word_1_234' title='bbox 1312 900 1343 958; x_wconf 86' lang='lat' dir='ltr'><strong>et</strong></span> <span class='ocrx_word' id='word_1_235' title='bbox 1356 893 1480 976; x_wconf 81' lang='lat' dir='ltr'><strong>vulgare</strong></span> <span class='ocrx_word' id='word_1_236' title='bbox 1493 893 1695 978; x_wconf 80' lang='lat' dir='ltr'><strong>compingens,</strong></span> <span class='ocrx_word' id='word_1_237' title='bbox 1710 896 1757 962; x_wconf 83' lang='lat' dir='ltr'><strong>tei</strong></span> <span class='ocrx_word' id='word_1_238' title='bbox 1774 895 1819 962; x_wconf 90' lang='lat' dir='ltr'><strong>in·</strong></span> 
     </span>
     <span class='ocr_line' id='line_1_38' title="bbox 1067 999 1819 1090; baseline 0.012 -29"><span class='ocrx_word' id='word_1_239' title='bbox 1067 1007 1263 1063; x_wconf 90' lang='lat' dir='ltr'><strong>strumentum</strong></span> <span class='ocrx_word' id='word_1_240' title='bbox 1274 1017 1382 1079; x_wconf 78' lang='lat' dir='ltr'><strong>cogens</strong></span> <span class='ocrx_word' id='word_1_241' title='bbox 1393 999 1594 1085; x_wconf 87' lang='lat' dir='ltr'><strong>latius‚neqnc</strong></span> <span class='ocrx_word' id='word_1_242' title='bbox 1605 1002 1642 1067; x_wconf 93' lang='lat' dir='ltr'><strong>ad</strong></span> <span class='ocrx_word' id='word_1_243' title='bbox 1650 1005 1819 1090; x_wconf 71' lang='lat' dir='ltr'><strong>rhythmum</strong></span> 
     </span>
     <span class='ocr_line' id='line_1_39' title="bbox 1068 1102 1817 1202; baseline 0.013 -34"><span class='ocrx_word' id='word_1_244' title='bbox 1068 1102 1192 1169; x_wconf 83' lang='lat' dir='ltr'><strong>deduxit</strong></span> <span class='ocrx_word' id='word_1_245' title='bbox 1211 1114 1395 1202; x_wconf 73' lang='lat' dir='ltr'><strong>concentum,</strong></span> <span class='ocrx_word' id='word_1_246' title='bbox 1410 1109 1559 1190; x_wconf 79' lang='lat' dir='ltr'><strong>nequead</strong></span> <span class='ocrx_word' id='word_1_247' title='bbox 1576 1127 1749 1192; x_wconf 86' lang='lat' dir='ltr'><strong>sermonem,</strong></span> <span class='ocrx_word' id='word_1_248' title='bbox 1765 1112 1817 1177; x_wconf 89' lang='lat' dir='ltr'><strong>sed</strong></span> 
     </span>
     <span class='ocr_line' id='line_1_40' title="bbox 1069 1212 1821 1296; baseline 0.013 -20"><span class='ocrx_word' id='word_1_249' title='bbox 1069 1212 1322 1296; x_wconf 68' lang='lat' dir='ltr'><strong>agrestijquodam</strong></span> <span class='ocrx_word' id='word_1_250' title='bbox 1338 1214 1404 1280; x_wconf 88' lang='lat' dir='ltr'><strong>lusu</strong></span> <span class='ocrx_word' id='word_1_251' title='bbox 1418 1215 1580 1282; x_wconf 86' lang='lat' dir='ltr'><strong>delectatus</strong></span> <span class='ocrx_word' id='word_1_252' title='bbox 1599 1226 1656 1283; x_wconf 89' lang='lat' dir='ltr'><strong>est.</strong></span> <span class='ocrx_word' id='word_1_253' title='bbox 1672 1219 1748 1285; x_wconf 82' lang='lat' dir='ltr'><strong>Huic</strong></span> <span class='ocrx_word' id='word_1_254' title='bbox 1765 1237 1821 1286; x_wconf 91' lang='lat' dir='ltr'><strong>au·</strong></span> 
     </span>
     <span class='ocr_line' id='line_1_41' title="bbox 1069 1321 1818 1409; baseline 0.012 -24"><span class='ocrx_word' id='word_1_255' title='bbox 1069 1328 1130 1385; x_wconf 87' lang='lat' dir='ltr'><strong>tem</strong></span> <span class='ocrx_word' id='word_1_256' title='bbox 1150 1321 1201 1385; x_wconf 90' lang='lat' dir='ltr'><strong>illc</strong></span> <span class='ocrx_word' id='word_1_257' title='bbox 1221 1322 1366 1403; x_wconf 80' lang='lat' dir='ltr'><strong>praeeunti</strong></span> <span class='ocrx_word' id='word_1_258' title='bbox 1387 1323 1548 1390; x_wconf 81' lang='lat' dir='ltr'><strong>succedens</strong></span> <span class='ocrx_word' id='word_1_259' title='bbox 1562 1324 1686 1409; x_wconf 88' lang='lat' dir='ltr'><strong>primns,</strong></span> <span class='ocrx_word' id='word_1_260' title='bbox 1700 1345 1759 1393; x_wconf 92' lang='lat' dir='ltr'><strong>rcm</strong></span> <span class='ocrx_word' id='word_1_261' title='bbox 1779 1329 1818 1394; x_wconf 90' lang='lat' dir='ltr'><strong>ad</strong></span> 
     </span>
     <span class='ocr_line' id='line_1_42' title="bbox 1069 1426 1819 1513; baseline 0.011 -23"><span class='ocrx_word' id='word_1_262' title='bbox 1069 1426 1241 1510; x_wconf 76' lang='lat' dir='ltr'><strong>rhythmum</strong></span> <span class='ocrx_word' id='word_1_263' title='bbox 1261 1437 1291 1495; x_wconf 90' lang='lat' dir='ltr'><strong>et</strong></span> <span class='ocrx_word' id='word_1_264' title='bbox 1310 1427 1442 1496; x_wconf 83' lang='lat' dir='ltr'>ordinem</span> <span class='ocrx_word' id='word_1_265' title='bbox 1464 1440 1493 1494; x_wconf 86' lang='lat' dir='ltr'><strong>et</strong></span> <span class='ocrx_word' id='word_1_266' title='bbox 1512 1439 1605 1496; x_wconf 90' lang='lat' dir='ltr'><strong>artem</strong></span> <span class='ocrx_word' id='word_1_267' title='bbox 1625 1430 1761 1513; x_wconf 85' lang='lat' dir='ltr'><strong>deduxit,</strong></span> <span class='ocrx_word' id='word_1_268' title='bbox 1783 1451 1819 1498; x_wconf 95' lang='lat' dir='ltr'><strong>ac</strong></span> 
     </span>
     <span class='ocr_line' id='line_1_43' title="bbox 1070 1537 1821 1624; baseline 0.008 -23"><span class='ocrx_word' id='word_1_269' title='bbox 1070 1544 1212 1618; x_wconf 76' lang='lat' dir='ltr'><strong>preterca</strong></span> <span class='ocrx_word' id='word_1_270' title='bbox 1226 1537 1348 1604; x_wconf 78' lang='lat' dir='ltr'><strong>carmini</strong></span> <span class='ocrx_word' id='word_1_271' title='bbox 1363 1547 1483 1603; x_wconf 88' lang='lat' dir='ltr'><strong>cantum</strong></span> <span class='ocrx_word' id='word_1_272' title='bbox 1498 1539 1666 1621; x_wconf 82' lang='lat' dir='ltr'><strong>immiscuit3</strong></span> <span class='ocrx_word' id='word_1_273' title='bbox 1683 1541 1821 1624; x_wconf 90' lang='lat' dir='ltr'><strong>quodque</strong></span> 
     </span>
     <span class='ocr_line' id='line_1_44' title="bbox 1069 1644 1821 1729; baseline 0.013 -24"><span class='ocrx_word' id='word_1_274' title='bbox 1069 1645 1260 1727; x_wconf 65' lang='lat' dir='ltr'><strong>praestantius</strong></span> <span class='ocrx_word' id='word_1_275' title='bbox 1273 1654 1333 1724; x_wconf 87' lang='lat' dir='ltr'><strong>est,</strong></span> <span class='ocrx_word' id='word_1_276' title='bbox 1348 1644 1412 1712; x_wconf 82' lang='lat' dir='ltr'><strong>sive</strong></span> <span class='ocrx_word' id='word_1_277' title='bbox 1426 1655 1562 1729; x_wconf 87' lang='lat' dir='ltr'><strong>respectu</strong></span> <span class='ocrx_word' id='word_1_278' title='bbox 1582 1647 1621 1713; x_wconf 92' lang='lat' dir='ltr'><strong>ad</strong></span> <span class='ocrx_word' id='word_1_279' title='bbox 1636 1648 1741 1727; x_wconf 73' lang='lat' dir='ltr'><strong>Deum</strong></span> <span class='ocrx_word' id='word_1_280' title='bbox 1755 1650 1821 1716; x_wconf 83' lang='lat' dir='ltr'><strong>sire</strong></span> 
     </span>
     <span class='ocr_line' id='line_1_45' title="bbox 1068 1749 1821 1838; baseline 0.011 -25"><span class='ocrx_word' id='word_1_281' title='bbox 1068 1749 1163 1816; x_wconf 87' lang='lat' dir='ltr'><strong>Deum</strong></span> <span class='ocrx_word' id='word_1_282' title='bbox 1176 1750 1271 1835; x_wconf 89' lang='lat' dir='ltr'><strong>ipsum</strong></span> <span class='ocrx_word' id='word_1_283' title='bbox 1283 1769 1402 1832; x_wconf 81' lang='lat' dir='ltr'><strong>canem,</strong></span> <span class='ocrx_word' id='word_1_284' title='bbox 1415 1753 1550 1838; x_wconf 82' lang='lat' dir='ltr'><strong>idemque</strong></span> <span class='ocrx_word' id='word_1_285' title='bbox 1561 1755 1747 1822; x_wconf 82' lang='lat' dir='ltr'><strong>divinissimo</strong></span> <span class='ocrx_word' id='word_1_286' title='bbox 1757 1774 1821 1822; x_wconf 85' lang='lat' dir='ltr'><strong>cur·</strong></span> 
     </span>
     <span class='ocr_line' id='line_1_46' title="bbox 1069 1859 1820 1947; baseline 0.009 -24"><span class='ocrx_word' id='word_1_287' title='bbox 1069 1868 1171 1942; x_wconf 84' lang='lat' dir='ltr'><strong>neptus</strong></span> <span class='ocrx_word' id='word_1_288' title='bbox 1185 1859 1298 1941; x_wconf 87' lang='lat' dir='ltr'><strong>afflatu,</strong></span> <span class='ocrx_word' id='word_1_289' title='bbox 1313 1879 1433 1929; x_wconf 80' lang='lat' dir='ltr'><strong>exorsus</strong></span> <span class='ocrx_word' id='word_1_290' title='bbox 1447 1863 1574 1946; x_wconf 90' lang='lat' dir='ltr'><strong>primum</strong></span> <span class='ocrx_word' id='word_1_291' title='bbox 1590 1863 1667 1930; x_wconf 90' lang='lat' dir='ltr'><strong>inter</strong></span> <span class='ocrx_word' id='word_1_292' title='bbox 1687 1874 1820 1947; x_wconf 90' lang='lat' dir='ltr'><strong>pastores</strong></span> 
     </span>
     <span class='ocr_line' id='line_1_47' title="bbox 1069 1967 1820 2054; baseline 0.013 -25"><span class='ocrx_word' id='word_1_293' title='bbox 1069 1975 1100 2030; x_wconf 92' lang='lat' dir='ltr'><strong>et</strong></span> <span class='ocrx_word' id='word_1_294' title='bbox 1115 1985 1131 2031; x_wconf 93' lang='lat' dir='ltr'><strong>a</strong></span> <span class='ocrx_word' id='word_1_295' title='bbox 1147 1967 1271 2049; x_wconf 88' lang='lat' dir='ltr'><strong>pueritia</strong></span> <span class='ocrx_word' id='word_1_296' title='bbox 1285 1968 1450 2054; x_wconf 85' lang='lat' dir='ltr'><strong>simplicius</strong></span> <span class='ocrx_word' id='word_1_297' title='bbox 1465 1969 1578 2054; x_wconf 87' lang='lat' dir='ltr'><strong>aliquid</strong></span> <span class='ocrx_word' id='word_1_298' title='bbox 1600 1987 1636 2035; x_wconf 88' lang='lat' dir='ltr'><strong>ac</strong></span> <span class='ocrx_word' id='word_1_299' title='bbox 1655 1973 1750 2054; x_wconf 80' lang='lat' dir='ltr'><strong>magis</strong></span> <span class='ocrx_word' id='word_1_300' title='bbox 1768 1972 1820 2038; x_wconf 90' lang='lat' dir='ltr'><strong>de·</strong></span> 
     </span>
     <span class='ocr_line' id='line_1_48' title="bbox 1069 2072 1820 2160; baseline 0.011 -24"><span class='ocrx_word' id='word_1_301' title='bbox 1069 2072 1201 2151; x_wconf 84' lang='lat' dir='ltr'><strong>missurn,</strong></span> <span class='ocrx_word' id='word_1_302' title='bbox 1216 2084 1318 2157; x_wconf 88' lang='lat' dir='ltr'><strong>postca</strong></span> <span class='ocrx_word' id='word_1_303' title='bbox 1338 2093 1427 2159; x_wconf 91' lang='lat' dir='ltr'><strong>quam</strong></span> <span class='ocrx_word' id='word_1_304' title='bbox 1443 2077 1474 2140; x_wconf 93' lang='lat' dir='ltr'><strong>in</strong></span> <span class='ocrx_word' id='word_1_305' title='bbox 1488 2077 1586 2143; x_wconf 78' lang='lat' dir='ltr'><strong>virum</strong></span> <span class='ocrx_word' id='word_1_306' title='bbox 1600 2087 1630 2143; x_wconf 92' lang='lat' dir='ltr'><strong>et</strong></span> <span class='ocrx_word' id='word_1_307' title='bbox 1645 2095 1743 2160; x_wconf 79' lang='lat' dir='ltr'><strong>regem</strong></span> <span class='ocrx_word' id='word_1_308' title='bbox 1759 2096 1820 2144; x_wconf 90' lang='lat' dir='ltr'><strong>cre·</strong></span> 
     </span>
     <span class='ocr_line' id='line_1_49' title="bbox 1069 2180 1820 2269; baseline 0.007 -24"><span class='ocrx_word' id='word_1_309' title='bbox 1069 2180 1127 2260; x_wconf 82' lang='lat' dir='ltr'><strong>nit,</strong></span> <span class='ocrx_word' id='word_1_310' title='bbox 1148 2181 1274 2248; x_wconf 90' lang='lat' dir='ltr'><strong>nobilius</strong></span> <span class='ocrx_word' id='word_1_311' title='bbox 1295 2183 1407 2269; x_wconf 86' lang='lat' dir='ltr'><strong>aliquid</strong></span> <span class='ocrx_word' id='word_1_312' title='bbox 1421 2194 1452 2250; x_wconf 91' lang='lat' dir='ltr'><strong>et</strong></span> <span class='ocrx_word' id='word_1_313' title='bbox 1464 2185 1563 2268; x_wconf 89' lang='lat' dir='ltr'><strong>aptius</strong></span> <span class='ocrx_word' id='word_1_314' title='bbox 1583 2184 1734 2252; x_wconf 89' lang='lat' dir='ltr'><strong>hominum</strong></span> <span class='ocrx_word' id='word_1_315' title='bbox 1755 2187 1820 2251; x_wconf 80' lang='lat' dir='ltr'><strong>irc·</strong></span> 
     </span>
     <span class='ocr_line' id='line_1_50' title="bbox 1069 2291 1821 2380; baseline 0.007 -24"><span class='ocrx_word' id='word_1_316' title='bbox 1069 2291 1198 2373; x_wconf 80' lang='lat' dir='ltr'><strong>quentia</strong></span> <span class='ocrx_word' id='word_1_317' title='bbox 1212 2293 1316 2360; x_wconf 84' lang='lat' dir='ltr'><strong>edidit.</strong></span> <span class='ocrx_word' id='word_1_318' title='bbox 1332 2294 1419 2373; x_wconf 82' lang='lat' dir='ltr'><strong>Quod</strong></span> <span class='ocrx_word' id='word_1_319' title='bbox 1433 2296 1596 2380; x_wconf 76' lang='lat' dir='ltr'><strong>sumpsisse</strong></span> <span class='ocrx_word' id='word_1_320' title='bbox 1611 2306 1681 2362; x_wconf 91' lang='lat' dir='ltr'><strong>tunc</strong></span> <span class='ocrx_word' id='word_1_321' title='bbox 1694 2295 1821 2361; x_wconf 83' lang='lat' dir='ltr'><strong>maxime</strong></span> 
     </span>
     <span class='ocr_line' id='line_1_51' title="bbox 1068 2397 1821 2488; baseline 0.007 -27"><span class='ocrx_word' id='word_1_322' title='bbox 1068 2397 1281 2468; x_wconf 89' lang='lat' dir='ltr'><strong>incrementum</strong></span> <span class='ocrx_word' id='word_1_323' title='bbox 1293 2403 1393 2484; x_wconf 78' lang='lat' dir='ltr'><strong>dentur,</strong></span> <span class='ocrx_word' id='word_1_324' title='bbox 1407 2423 1497 2488; x_wconf 90' lang='lat' dir='ltr'><strong>quum</strong></span> <span class='ocrx_word' id='word_1_325' title='bbox 1511 2421 1577 2470; x_wconf 85' lang='lat' dir='ltr'><strong>arca</strong></span> <span class='ocrx_word' id='word_1_326' title='bbox 1594 2404 1634 2468; x_wconf 90' lang='lat' dir='ltr'><strong>ab</strong></span> <span class='ocrx_word' id='word_1_327' title='bbox 1650 2404 1713 2488; x_wconf 92' lang='lat' dir='ltr'><strong>ipso</strong></span> <span class='ocrx_word' id='word_1_328' title='bbox 1727 2403 1758 2467; x_wconf 94' lang='lat' dir='ltr'><strong>in</strong></span> <span class='ocrx_word' id='word_1_329' title='bbox 1772 2421 1821 2467; x_wconf 91' lang='lat' dir='ltr'><strong>nr·</strong></span> 
     </span>
     <span class='ocr_line' id='line_1_52' title="bbox 1069 2503 1820 2597; baseline 0.007 -26"><span class='ocrx_word' id='word_1_330' title='bbox 1069 2503 1135 2572; x_wconf 89' lang='lat' dir='ltr'><strong>henr</strong></span> <span class='ocrx_word' id='word_1_331' title='bbox 1152 2509 1312 2576; x_wconf 91' lang='lat' dir='ltr'><strong>constituta</strong></span> <span class='ocrx_word' id='word_1_332' title='bbox 1326 2521 1381 2590; x_wconf 81' lang='lat' dir='ltr'><strong>cst3</strong></span> <span class='ocrx_word' id='word_1_333' title='bbox 1397 2530 1455 2596; x_wconf 88' lang='lat' dir='ltr'><strong>qua</strong></span> <span class='ocrx_word' id='word_1_334' title='bbox 1475 2531 1583 2592; x_wconf 87' lang='lat' dir='ltr'><strong>coram,</strong></span> <span class='ocrx_word' id='word_1_335' title='bbox 1597 2512 1738 2597; x_wconf 80' lang='lat' dir='ltr'><strong>plurimas</strong></span> <span class='ocrx_word' id='word_1_336' title='bbox 1753 2510 1820 2576; x_wconf 91' lang='lat' dir='ltr'><strong>cho·</strong></span> 
     </span>
     <span class='ocr_line' id='line_1_53' title="bbox 1068 2607 1822 2703; baseline 0.004 -23"><span class='ocrx_word' id='word_1_337' title='bbox 1068 2630 1134 2680; x_wconf 85' lang='lat' dir='ltr'><strong>reas</strong></span> <span class='ocrx_word' id='word_1_338' title='bbox 1153 2615 1273 2696; x_wconf 89' lang='lat' dir='ltr'><strong>ducens,</strong></span> <span class='ocrx_word' id='word_1_339' title='bbox 1286 2617 1395 2702; x_wconf 84' lang='lat' dir='ltr'><strong>pluries</strong></span> <span class='ocrx_word' id='word_1_340' title='bbox 1408 2637 1526 2703; x_wconf 91' lang='lat' dir='ltr'><strong>quoque</strong></span> <span class='ocrx_word' id='word_1_341' title='bbox 1539 2620 1577 2686; x_wconf 89' lang='lat' dir='ltr'><strong>ad</strong></span> <span class='ocrx_word' id='word_1_342' title='bbox 1592 2607 1753 2703; x_wconf 81' lang='lat' dir='ltr'><strong>gratiarnm</strong></span> <span class='ocrx_word' id='word_1_343' title='bbox 1772 2635 1822 2683; x_wconf 92' lang='lat' dir='ltr'><strong>oc·</strong></span> 
     </span>
     <span class='ocr_line' id='line_1_54' title="bbox 1069 2722 1821 2811; baseline 0.004 -23"><span class='ocrx_word' id='word_1_344' title='bbox 1069 2722 1174 2804; x_wconf 87' lang='lat' dir='ltr'><strong>tiones,</strong></span> <span class='ocrx_word' id='word_1_345' title='bbox 1191 2724 1377 2809; x_wconf 77' lang='lat' dir='ltr'><strong>faustumque</strong></span> <span class='ocrx_word' id='word_1_346' title='bbox 1396 2727 1483 2792; x_wconf 88' lang='lat' dir='ltr'><strong>simui</strong></span> <span class='ocrx_word' id='word_1_347' title='bbox 1502 2737 1648 2811; x_wconf 90' lang='lat' dir='ltr'><strong>receptum</strong></span> <span class='ocrx_word' id='word_1_348' title='bbox 1670 2727 1821 2794; x_wconf 83' lang='lat' dir='ltr'><strong>celebran-</strong></span> 
     </span>
     <span class='ocr_line' id='line_1_55' title="bbox 1068 2830 1821 2918; baseline 0.007 -22"><span class='ocrx_word' id='word_1_349' title='bbox 1068 2830 1148 2910; x_wconf 87' lang='lat' dir='ltr'><strong>dunr,</strong></span> <span class='ocrx_word' id='word_1_350' title='bbox 1161 2832 1277 2912; x_wconf 80' lang='lat' dir='ltr'><strong>cecinit3</strong></span> <span class='ocrx_word' id='word_1_351' title='bbox 1300 2841 1364 2899; x_wconf 91' lang='lat' dir='ltr'><strong>tum</strong></span> <span class='ocrx_word' id='word_1_352' title='bbox 1379 2833 1466 2917; x_wconf 88' lang='lat' dir='ltr'><strong>paulo</strong></span> <span class='ocrx_word' id='word_1_353' title='bbox 1485 2844 1564 2918; x_wconf 88' lang='lat' dir='ltr'><strong>post,</strong></span> <span class='ocrx_word' id='word_1_354' title='bbox 1579 2835 1748 2901; x_wconf 76' lang='lat' dir='ltr'><strong>nniversam</strong></span> <span class='ocrx_word' id='word_1_355' title='bbox 1767 2834 1821 2901; x_wconf 88' lang='lat' dir='ltr'><strong>Le·</strong></span> 
     </span>
     <span class='ocr_line' id='line_1_56' title="bbox 1068 2936 1826 3026; baseline 0.003 -22"><span class='ocrx_word' id='word_1_356' title='bbox 1068 2936 1200 3004; x_wconf 79' lang='lat' dir='ltr'><strong>vitarum</strong></span> <span class='ocrx_word' id='word_1_357' title='bbox 1222 2940 1331 3006; x_wconf 87' lang='lat' dir='ltr'><strong>tribum</strong></span> <span class='ocrx_word' id='word_1_358' title='bbox 1346 2940 1376 3005; x_wconf 94' lang='lat' dir='ltr'><strong>in</strong></span> <span class='ocrx_word' id='word_1_359' title='bbox 1397 2950 1506 3007; x_wconf 87' lang='lat' dir='ltr'><strong>sortem</strong></span> <span class='ocrx_word' id='word_1_360' title='bbox 1527 2941 1657 3023; x_wconf 82' lang='lat' dir='ltr'><strong>mittens,</strong></span> <span class='ocrx_word' id='word_1_361' title='bbox 1673 2941 1826 3026; x_wconf 87' lang='lat' dir='ltr'><strong>principes</strong></span> 
     </span>
     <span class='ocr_line' id='line_1_57' title="bbox 1069 3047 1821 3134; baseline 0.003 -22"><span class='ocrx_word' id='word_1_362' title='bbox 1069 3064 1155 3130; x_wconf 88' lang='lat' dir='ltr'><strong>porro</strong></span> <span class='ocrx_word' id='word_1_363' title='bbox 1180 3047 1230 3131; x_wconf 92' lang='lat' dir='ltr'><strong>qni</strong></span> <span class='ocrx_word' id='word_1_364' title='bbox 1255 3048 1358 3115; x_wconf 88' lang='lat' dir='ltr'><strong>choros</strong></span> <span class='ocrx_word' id='word_1_365' title='bbox 1377 3049 1525 3128; x_wconf 87' lang='lat' dir='ltr'><strong>ducerent,</strong></span> <span class='ocrx_word' id='word_1_366' title='bbox 1550 3060 1675 3134; x_wconf 91' lang='lat' dir='ltr'><strong>quatuor</strong></span> <span class='ocrx_word' id='word_1_367' title='bbox 1699 3049 1821 3130; x_wconf 73' lang='lat' dir='ltr'><strong>delegit,</strong></span> 
     </span>
     <span class='ocr_line' id='line_1_58' title="bbox 1068 3155 1822 3242; baseline 0.003 -23"><span class='ocrx_word' id='word_1_368' title='bbox 1068 3155 1180 3240; x_wconf 71' lang='lat' dir='ltr'><strong>asaph,</strong></span> <span class='ocrx_word' id='word_1_369' title='bbox 1193 3157 1308 3238; x_wconf 77' lang='lat' dir='ltr'><strong>dinan,</strong></span> <span class='ocrx_word' id='word_1_370' title='bbox 1324 3155 1609 3239; x_wconf 84' lang='lat' dir='ltr'><strong>AEtham,1dithum‚</strong></span> <span class='ocrx_word' id='word_1_371' title='bbox 1625 3157 1743 3242; x_wconf 91' lang='lat' dir='ltr'><strong>quando</strong></span> <span class='ocrx_word' id='word_1_372' title='bbox 1756 3156 1822 3240; x_wconf 91' lang='lat' dir='ltr'><strong>qui·</strong></span> 
     </span>
     <span class='ocr_line' id='line_1_59' title="bbox 1068 3260 1823 3351; baseline 0.003 -26"><span class='ocrx_word' id='word_1_373' title='bbox 1068 3260 1135 3328; x_wconf 91' lang='lat' dir='ltr'><strong>dem</strong></span> <span class='ocrx_word' id='word_1_374' title='bbox 1149 3272 1219 3329; x_wconf 92' lang='lat' dir='ltr'><strong>sunt</strong></span> <span class='ocrx_word' id='word_1_375' title='bbox 1230 3273 1357 3347; x_wconf 83' lang='lat' dir='ltr'><strong>quatuor</strong></span> <span class='ocrx_word' id='word_1_376' title='bbox 1370 3265 1502 3330; x_wconf 89' lang='lat' dir='ltr'><strong>omnium</strong></span> <span class='ocrx_word' id='word_1_377' title='bbox 1516 3283 1582 3351; x_wconf 81' lang='lat' dir='ltr'><strong>quae</strong></span> <span class='ocrx_word' id='word_1_378' title='bbox 1595 3272 1754 3330; x_wconf 88' lang='lat' dir='ltr'><strong>cernuntur</strong></span> <span class='ocrx_word' id='word_1_379' title='bbox 1763 3263 1823 3347; x_wconf 93' lang='lat' dir='ltr'><strong>pri·</strong></span> 
     </span>
     <span class='ocr_line' id='line_1_60' title="bbox 1068 3367 1824 3452; baseline 0.001 -18"><span class='ocrx_word' id='word_1_380' title='bbox 1068 3388 1117 3435; x_wconf 88' lang='lat' dir='ltr'><strong>ma</strong></span> <span class='ocrx_word' id='word_1_381' title='bbox 1130 3367 1295 3452; x_wconf 86' lang='lat' dir='ltr'><strong>elementa;</strong></span> <span class='ocrx_word' id='word_1_382' title='bbox 1312 3381 1374 3436; x_wconf 91' lang='lat' dir='ltr'><strong>tum</strong></span> <span class='ocrx_word' id='word_1_383' title='bbox 1388 3372 1491 3438; x_wconf 89' lang='lat' dir='ltr'><strong>choros</strong></span> <span class='ocrx_word' id='word_1_384' title='bbox 1506 3372 1657 3439; x_wconf 91' lang='lat' dir='ltr'><strong>hominum</strong></span> <span class='ocrx_word' id='word_1_385' title='bbox 1670 3372 1824 3438; x_wconf 84' lang='lat' dir='ltr'><strong>constituit</strong></span> 
     </span>
     <span class='ocr_line' id='line_1_61' title="bbox 1069 3482 1823 3568; baseline 0.001 -22"><span class='ocrx_word' id='word_1_386' title='bbox 1069 3497 1105 3546; x_wconf 88' lang='lat' dir='ltr'><strong>ac</strong></span> <span class='ocrx_word' id='word_1_387' title='bbox 1125 3489 1298 3548; x_wconf 76' lang='lat' dir='ltr'><strong>aetermam</strong></span> <span class='ocrx_word' id='word_1_388' title='bbox 1311 3500 1349 3548; x_wconf 85' lang='lat' dir='ltr'><strong>ex</strong></span> <span class='ocrx_word' id='word_1_389' title='bbox 1362 3501 1483 3550; x_wconf 89' lang='lat' dir='ltr'><strong>numero</strong></span> <span class='ocrx_word' id='word_1_390' title='bbox 1500 3483 1607 3568; x_wconf 79' lang='lat' dir='ltr'><strong>selegit</strong></span> <span class='ocrx_word' id='word_1_391' title='bbox 1621 3483 1674 3549; x_wconf 85' lang='lat' dir='ltr'><strong>hus</strong></span> <span class='ocrx_word' id='word_1_392' title='bbox 1689 3482 1762 3548; x_wconf 89' lang='lat' dir='ltr'><strong>duos</strong></span> <span class='ocrx_word' id='word_1_393' title='bbox 1773 3499 1823 3548; x_wconf 88' lang='lat' dir='ltr'><strong>su·</strong></span> 
     </span>
     <span class='ocr_line' id='line_1_62' title="bbox 1067 3589 1820 3677; baseline 0.004 -25"><span class='ocrx_word' id='word_1_394' title='bbox 1067 3606 1122 3672; x_wconf 92' lang='lat' dir='ltr'><strong>pro</strong></span> <span class='ocrx_word' id='word_1_395' title='bbox 1132 3591 1333 3674; x_wconf 82' lang='lat' dir='ltr'><strong>septuaginta,</strong></span> <span class='ocrx_word' id='word_1_396' title='bbox 1343 3591 1510 3672; x_wconf 78' lang='lat' dir='ltr'><strong>adlinguat</strong></span> <span class='ocrx_word' id='word_1_397' title='bbox 1520 3591 1690 3677; x_wconf 82' lang='lat' dir='ltr'><strong>respiciens,</strong></span> <span class='ocrx_word' id='word_1_398' title='bbox 1702 3589 1820 3674; x_wconf 86' lang='lat' dir='ltr'><strong>opinor,</strong></span> 
     </span>
     <span class='ocr_line' id='line_1_63' title="bbox 1068 3696 1822 3783; baseline 0.003 -21"><span class='ocrx_word' id='word_1_399' title='bbox 1068 3696 1205 3764; x_wconf 79' lang='lat' dir='ltr'><strong>eortmm</strong></span> <span class='ocrx_word' id='word_1_400' title='bbox 1218 3698 1267 3764; x_wconf 85' lang='lat' dir='ltr'><strong>rei</strong></span> <span class='ocrx_word' id='word_1_401' title='bbox 1282 3699 1378 3783; x_wconf 86' lang='lat' dir='ltr'><strong>potius</strong></span> <span class='ocrx_word' id='word_1_402' title='bbox 1399 3700 1511 3768; x_wconf 84' lang='lat' dir='ltr'><strong>divisas</strong></span> <span class='ocrx_word' id='word_1_403' title='bbox 1532 3701 1562 3767; x_wconf 94' lang='lat' dir='ltr'><strong>in</strong></span> <span class='ocrx_word' id='word_1_404' title='bbox 1585 3700 1674 3766; x_wconf 89' lang='lat' dir='ltr'><strong>turris</strong></span> <span class='ocrx_word' id='word_1_405' title='bbox 1694 3698 1822 3766; x_wconf 82' lang='lat' dir='ltr'><strong>aediiicu·</strong></span> 
     </span>
     <span class='ocr_line' id='line_1_64' title="bbox 1070 3802 1823 3893; baseline 0.008 -26"><span class='ocrx_word' id='word_1_406' title='bbox 1070 3802 1161 3871; x_wconf 89' lang='lat' dir='ltr'><strong>tione.</strong></span> <span class='ocrx_word' id='word_1_407' title='bbox 1179 3806 1293 3890; x_wconf 84' lang='lat' dir='ltr'><strong>Ecquid</strong></span> <span class='ocrx_word' id='word_1_408' title='bbox 1305 3807 1359 3873; x_wconf 86' lang='lat' dir='ltr'><strong>hoc</strong></span> <span class='ocrx_word' id='word_1_409' title='bbox 1370 3807 1661 3893; x_wconf 84' lang='lat' dir='ltr'><strong>ipsojamerhihuit‚</strong></span> <span class='ocrx_word' id='word_1_410' title='bbox 1674 3808 1730 3873; x_wconf 88' lang='lat' dir='ltr'><strong>nisi</strong></span> <span class='ocrx_word' id='word_1_411' title='bbox 1743 3806 1823 3892; x_wconf 92' lang='lat' dir='ltr'><strong>quod</strong></span> 
     </span>
     <span class='ocr_line' id='line_1_65' title="bbox 1069 3915 1822 4000; baseline 0.003 -23"><span class='ocrx_word' id='word_1_412' title='bbox 1069 3915 1247 3997; x_wconf 87' lang='lat' dir='ltr'><strong>ostenderet,</strong></span> <span class='ocrx_word' id='word_1_413' title='bbox 1273 3934 1374 3983; x_wconf 89' lang='lat' dir='ltr'><strong>omnes</strong></span> <span class='ocrx_word' id='word_1_414' title='bbox 1399 3917 1557 4000; x_wconf 85' lang='lat' dir='ltr'><strong>aliquando</strong></span> <span class='ocrx_word' id='word_1_415' title='bbox 1581 3916 1700 3999; x_wconf 77' lang='lat' dir='ltr'><strong>linguas</strong></span> <span class='ocrx_word' id='word_1_416' title='bbox 1721 3933 1822 3980; x_wconf 85' lang='lat' dir='ltr'><strong>secum</strong></span> 
     </span>
     <span class='ocr_line' id='line_1_66' title="bbox 1069 4025 1824 4110; baseline 0 -20"><span class='ocrx_word' id='word_1_417' title='bbox 1069 4025 1248 4108; x_wconf 87' lang='lat' dir='ltr'><strong>conjunctim</strong></span> <span class='ocrx_word' id='word_1_418' title='bbox 1268 4037 1402 4110; x_wconf 89' lang='lat' dir='ltr'><strong>oportere</strong></span> <span class='ocrx_word' id='word_1_419' title='bbox 1423 4027 1454 4091; x_wconf 93' lang='lat' dir='ltr'><strong>in</strong></span> <span class='ocrx_word' id='word_1_420' title='bbox 1480 4027 1615 4093; x_wconf 88' lang='lat' dir='ltr'><strong>eamdem</strong></span> <span class='ocrx_word' id='word_1_421' title='bbox 1637 4025 1733 4092; x_wconf 83' lang='lat' dir='ltr'><strong>laudis</strong></span> <span class='ocrx_word' id='word_1_422' title='bbox 1759 4025 1824 4091; x_wconf 84' lang='lat' dir='ltr'><strong>ior·</strong></span> 
     </span>
     <span class='ocr_line' id='line_1_67' title="bbox 1069 4133 1823 4218; baseline 0.004 -23"><span class='ocrx_word' id='word_1_423' title='bbox 1069 4149 1149 4196; x_wconf 90' lang='lat' dir='ltr'><strong>mam</strong></span> <span class='ocrx_word' id='word_1_424' title='bbox 1163 4151 1335 4214; x_wconf 87' lang='lat' dir='ltr'><strong>consonare,</strong></span> <span class='ocrx_word' id='word_1_425' title='bbox 1349 4152 1439 4218; x_wconf 90' lang='lat' dir='ltr'><strong>qaum</strong></span> <span class='ocrx_word' id='word_1_426' title='bbox 1450 4133 1564 4202; x_wconf 88' lang='lat' dir='ltr'><strong>scilicet</strong></span> <span class='ocrx_word' id='word_1_427' title='bbox 1577 4135 1707 4210; x_wconf 77' lang='lat' dir='ltr'><strong>Verbum</strong></span> <span class='ocrx_word' id='word_1_428' title='bbox 1722 4136 1823 4202; x_wconf 88' lang='lat' dir='ltr'><strong>orbem</strong></span> 
     </span>
     <span class='ocr_line' id='line_1_68' title="bbox 1070 4238 1618 4330; baseline 0.009 -26"><span class='ocrx_word' id='word_1_429' title='bbox 1070 4238 1219 4308; x_wconf 92' lang='lat' dir='ltr'><strong>hominum</strong></span> <span class='ocrx_word' id='word_1_430' title='bbox 1235 4243 1407 4311; x_wconf 83' lang='lat' dir='ltr'><strong>universum</strong></span> <span class='ocrx_word' id='word_1_431' title='bbox 1422 4245 1618 4330; x_wconf 72' lang='lat' dir='ltr'><strong>occupasset?</strong></span> 
     </span>
    </p>
   </div>
   <div class='ocr_carea' id='block_1_7' title="bbox 1071 4459 1820 4535">
    <p class='ocr_par' dir='ltr' id='par_1_7' title="bbox 1071 4459 1820 4535">
     <span class='ocr_line' id='line_1_69' title="bbox 1071 4459 1820 4535; baseline 0 -19"><span class='ocrx_word' id='word_1_432' title='bbox 1071 4487 1104 4500; x_wconf 88' lang='lat'><em>-</em></span> <span class='ocrx_word' id='word_1_433' title='bbox 1124 4459 1148 4526; x_wconf 62' lang='grc' dir='ltr'><strong>Ξ)</strong></span> <span class='ocrx_word' id='word_1_434' title='bbox 1169 4459 1268 4516; x_wconf 84' lang='lat' dir='ltr'><strong>Omnia</strong></span> <span class='ocrx_word' id='word_1_435' title='bbox 1285 4476 1347 4516; x_wconf 89' lang='lat' dir='ltr'><strong>cunr</strong></span> <span class='ocrx_word' id='word_1_436' title='bbox 1367 4477 1395 4518; x_wconf 87' lang='lat' dir='ltr'><strong>u.</strong></span> <span class='ocrx_word' id='word_1_437' title='bbox 1415 4477 1444 4517; x_wconf 86' lang='lat' dir='ltr'><strong>vr</strong></span> <span class='ocrx_word' id='word_1_438' title='bbox 1462 4478 1514 4535; x_wconf 90' lang='lat' dir='ltr'><strong>per</strong></span> <span class='ocrx_word' id='word_1_439' title='bbox 1532 4463 1620 4518; x_wconf 78' lang='lat' dir='ltr'><strong>ictum</strong></span> <span class='ocrx_word' id='word_1_440' title='bbox 1638 4459 1820 4518; x_wconf 77' lang='lat' dir='ltr'><strong>conveniunt.</strong></span> 
     </span>
    </p>
   </div>
   <div class='ocr_carea' id='block_1_8' title="bbox 0 0 2027 6098">
    <p class='ocr_par' dir='ltr' id='par_1_8' title="bbox 0 0 2027 6098">
     <span class='ocr_line' id='line_1_70' title="bbox 0 0 2027 6098; baseline 0 0"><span class='ocrx_word' id='word_1_441' title='bbox 0 0 2027 6098; x_wconf 95' lang='lat' dir='ltr'><strong> </strong></span> 
     </span>
    </p>
   </div>
  </div>
 </body>
</html>
