3978 6086
658 521 990 590 lllElilPOLleNUS
1010 523 1217 590 aelstanus
1655 520 1711 586 tlt

157 691 257 752 scens,
272 669 382 738 homiui
394 673 444 757 qui
457 672 583 756 perierat
596 673 719 738 salutem
731 677 909 757 praestaret}
965 676 1065 740 nectit.
1093 674 1205 740 ltadius
1226 675 1385 755 textorius,
1411 673 1547 740 Verbum.
1571 672 1713 738 Tortores

156 779 213 843 list
233 779 327 861 igitar
346 778 505 844 tentorium
525 797 610 863 opus,
629 779 650 861 1)
675 778 773 863 passio
794 799 860 864 quae
881 781 911 846 in
965 801 1067 866 porro,
1090 782 1265 867 patriarche
1285 791 1315 848 et
1340 781 1508 866 prophetae,
1531 779 1582 863 qui
1603 777 1713 844 Christi

155 904 244 951 cruce
258 895 376 968 peracta
391 896 446 952 est.
461 886 581 952 Stamcn
595 905 680 966 vero,
691 887 833 954 sanctitas
847 885 909 952 ani·
964 900 1125 958 contexunt
1139 891 1274 975 poderem
1289 899 1319 956 et
1332 890 1489 974 perfectam
1505 888 1647 966 tunicam;
1661 904 1713 968 per

156 1011 231 1074 mae;
247 993 270 1074 ²)
291 1002 383 1059 trama
398 1003 508 1072 autern,
523 1004 657 1061 sanctum
678 1013 783 1079 corpus
798 996 910 1080 Spiritu
965 1015 1032 1080 quae
1052 997 1180 1065 Verbum
1206 1014 1369 1081 permeans,
1393 993 1543 1061 radiorum
1564 1010 1655 1070 more,
1677 1007 1712 1056 ca

155 1108 336 1166 contextum.
352 1099 427 1164 'lum
443 1099 552 1184 licium,
568 1101 664 1184 gratia
679 1119 745 1186 qum
760 1120 813 1186 per
827 1102 910 1168 Chri·
965 1121 1053 1189 opera
1075 1105 1205 1172 contexit
1224 1122 1290 1188 qum
1310 1104 1390 1169 Patri
1410 1101 1606 1186 complacent.

155 1207 194 1272 sti
215 1207 392 1274 charitatem
414 1217 537 1292 utraque
558 1208 698 1292 astringit
718 1218 749 1274 et
768 1209 799 1274 in
820 1228 910 1274 unum

912 1531 959 1607 II.

198 1745 235 1809 tti
256 1743 358 1828 itaque
375 1744 397 1824 8)
421 1743 586 1824 venientes,
609 1743 813 1828 praedicabunt
833 1745 910 1810 iutu-
962 1755 992 1813 et
1011 1745 1166 1812 devorabit
1186 1743 1320 1810 inimicos
1340 1762 1451 1811 eorum.
1467 1744 1505 1809 Et
1524 1743 1549 1809 ei
1571 1743 1638 1828 quis
1659 1762 1712 1808 ro-

159 1869 222 1917 ram
244 1849 355 1918 Christi
370 1867 387 1916 e
401 1848 481 1916 ooelis
493 1849 720 1934 apparitionem,
742 1849 910 1935 facientque
962 1851 1050 1918 luerit
1069 1870 1120 1916 eos
1139 1851 1256 1932 taedere,
1272 1851 1315 1917 sic
1335 1859 1449 1935 oportet
1462 1869 1528 1916 eum
1550 1849 1654 1915 occidi.
1673 1849 1710 1915 lli

157 1959 244 2041 signa
260 1966 289 2022 ct
303 1957 449 2041 prodigia,
465 1967 498 2024 ut
517 1959 568 2024 rol
587 1959 630 2022 sio
651 1958 802 2026 inflectant
819 1969 909 2044 atque
962 1958 1072 2026 hahent
1085 1967 1260 2044 potestatem
1273 1959 1428 2026 claudendi
1443 1958 1559 2040 omium,
1574 1977 1612 2024 ne
1630 1958 1713 2040 pluat

157 2073 334 2131 convertam
354 2065 486 2132 homines
506 2067 544 2132 ad
564 2067 779 2151 poenitentiam,
801 2069 839 2134 ob
860 2087 909 2134 cu·
963 2066 1068 2134 diebus
1082 2065 1244 2151 prophetia
1258 2066 1397 2151 ipsorum.
1413 2067 1452 2131 Et
1465 2074 1640 2150 potestatem
1659 2065 1713 2130 ha-

156 2170 296 2237 mulatam
311 2171 426 2238 illorum
440 2173 657 2258 improbitatem
669 2185 700 2240 et
715 2175 906 2260 impietatem.
961 2175 1033 2238 bena
1047 2173 1183 2240 vertendi
1197 2191 1288 2257 aquas
1302 2174 1334 2238 in
1352 2174 1537 2258 sanguinem,
1559 2181 1590 2237 et
1608 2189 1711 2256 percu-

156 2279 206 2344 lit
226 2277 305 2344 enirn
325 2278 470 2346 loannes:
487 2283 509 2362 ⁴)
529 2305 543 2340 a
558 2279 642 2346 Dabo
656 2281 769 2347 duobus
786 2285 908 2349 testibus
963 2278 1054 2344 tieudi
1070 2287 1175 2346 terram
1190 2279 1269 2346 omni
1283 2279 1382 2363 plaga,
1398 2279 1637 2365 quotiescumque
1657 2296 1711 2343 ro-

157 2385 241 2464 meis,
255 2394 285 2450 et
299 2385 521 2468 prophetabunt
534 2388 599 2454 dies
613 2389 695 2456 mille
708 2391 849 2458 ducentos
862 2412 908 2459 se·
962 2387 1109 2453 luerint.»
1132 2387 1187 2452 Ubi
1208 2397 1305 2454 tutem
1325 2407 1443 2454 cursum
1464 2405 1548 2452 suum
1570 2383 1711 2468 impleve-

158 2490 292 2570 raginta,
316 2491 414 2556 amicti
436 2493 569 2558 saccio.»
592 2493 663 2558 ttae
683 2503 728 2560 est
755 2493 908 2561 dimidium
961 2492 1032 2586 rint,
1047 2482 1241 2578 dederintque
1256 2494 1464 2572 testimonium,
1480 2491 1622 2576 quidnam
1641 2489 1711 2555 dicit

157 2597 232 2662 istud
252 2597 455 2664 Hebdomada
467 2599 505 2666 de
519 2618 576 2685 qna
590 2601 694 2670 Daniel
715 2601 830 2667 locutus
849 2613 905 2668 eet.
962 2600 1129 2686 prophetat
1146 2602 1271 2668 ollestio
1291 2619 1359 2685 qum
1378 2600 1514 2666 ascendit
1534 2601 1572 2664 de
1588 2599 1708 2684 abysso,

159 2730 171 2763 a
186 2703 240 2770 lsti
254 2714 323 2771 suut
333 2704 400 2770 duae
412 2705 511 2788 oliam,
525 2717 556 2772 et
569 2708 628 2773 duo
641 2707 826 2790 candelabra,
842 2728 908 2793 qum
962 2709 1048 2774 laoiet
1068 2710 1214 2776 adversus
1234 2729 1284 2776 eos
1301 2708 1411 2776 bellum
1426 2718 1456 2774 et
1469 2708 1570 2772 vincet
1588 2706 1666 2786 illos,
1681 2714 1712 2771 et

159 2811 189 2876 in
203 2821 363 2896 conspectu
376 2813 429 2879 Dei
446 2821 532 2880 terrm
550 2823 640 2880 stant.
664 2815 703 2881 lit
722 2817 747 2878 si
768 2815 835 2899 quis
855 2835 908 2882 ro
960 2813 1072 2880 ocoidet
1085 2813 1162 2879 illos.
1178 2838 1192 2874 n
1210 2814 1297 2895 Quod
1311 2813 1448 2879 nimirum
1462 2812 1622 2879 votuerunt
1640 2811 1711 2877 dare

156 2918 242 2985 luerit
262 2920 306 2986 eis
327 2938 446 3002 nocere,
469 2920 548 3004 ignis
568 2921 647 2990 criel
667 2922 704 2988 de
724 2939 774 2986 ore
793 2939 905 3002 eoram,
960 2922 1084 3004 gloriam
1107 2919 1236 2986 Christo.

900 3241 967 3316 111.

195 3455 259 3519 illae
272 3456 294 3536 5)
318 3457 396 3520 enim
419 3455 552 3535 narium,
565 3455 705 3522 Ecclesiae
725 3464 803 3520 sunt.
826 3454 908 3521 liare
961 3453 1102 3522 videlicet
1115 3471 1213 3518 secum
1227 3471 1341 3518 crucem
1355 3452 1470 3518 Domini
1486 3453 1571 3536 gerit.
1592 3451 1645 3518 Est
1659 3473 1711 3520 aa·

156 3577 236 3638 rero,
251 3568 284 3625 ut
295 3559 432 3640 mundus,
446 3560 476 3624 in
487 3577 546 3644 quo
556 3559 699 3641 lloolcaia,
710 3559 795 3626 relat
805 3560 905 3641 naris,
962 3572 1020 3628 tem
1031 3563 1095 3646 ejus
1106 3579 1202 3647 prora,
1215 3559 1330 3639 Oriens;
1344 3559 1449 3644 poppis
1460 3579 1542 3640 aero,
1554 3561 1709 3640 Occidens3

159 3665 295 3732 lluctitrus
316 3665 421 3732 hiemis
439 3666 577 3749 jactatur,
593 3668 621 3748 6)
644 3685 698 3732 neo
715 3675 813 3733 tomen
834 3684 905 3732 nau·
959 3671 1074 3736 medias
1090 3678 1187 3735 autem
1205 3668 1308 3734 alveus
1322 3667 1344 3745 8)
1366 3665 1513 3734 Meridies.
1530 3667 1635 3749 [Clari
1651 3668 1709 3733 duo

158 3773 250 3856 tragio
271 3773 357 3856 perit,
377 3791 468 3856 quum
488 3772 623 3840 solertem
645 3774 700 3839 sibi
721 3775 830 3842 habeat
849 3795 904 3858 gu·
957 3777 1411 3860 Testamenta.]llincindemota
1419 3775 1706 3860 gubernacula,sunt

157 3879 341 3947 bernatorcm
357 3881 515 3947 Christum.
527 3882 595 3948 Fert
610 3901 680 3950 vero
694 3883 783 3949 etiam
798 3884 829 3949 in
843 3901 903 3949 me·
958 3885 1052 3953 veluti
1067 3885 1174 3952 christi
1190 3883 1329 3970 oharitqe,
1346 3903 1413 3966 quae
1426 3883 1587 3949 Ecclesiam
1605 3884 1713 3950 astrin-

156 3989 204 4055 dio
218 3989 247 4073 ⁷)
263 4001 392 4056 erectum
405 3992 444 4056 ab
459 4001 553 4056 morte
566 3992 646 4058 ricta
669 4001 823 4077 tropaeom,
839 4011 905 4077 qnae
959 3993 1013 4076 git.
1030 3993 1068 4057 lit
1088 4010 1188 4058 mensa
1203 3992 1232 4072 9)
1255 4009 1321 4076 quae
1341 3991 1478 4072 sustinet,
1493 4000 1538 4058 est
1557 3991 1709 4058 lavacrum

151 4298 314 4352 delncorn.
336 4299 419 4355 Verbi
433 4297 481 4356 lib.
496 4315 537 4370 ιιι,
557 4315 619 4372 cap.
638 4298 666 4368 5,
681 4301 727 4356 ubi
747 4303 790 4356 rir
803 4303 902 4358 doctus
955 4301 1010 4357 eol.
1030 4299 1092 4354 777.
1113 4329 1148 4344 -·
1167 4300 1191 4364 6)
1211 4301 1357 4370 χειμάζεται
1376 4298 1441 4354 ibid·
1462 4327 1496 4338 -
1509 4295 1534 4362 ⁷l
1554 4296 1614 4351 eod·
1629 4295 1708 4352 Arm·

152 4385 270 4438 eximios
297 4401 420 4456 quosque
440 4401 455 4440 o
474 4386 581 4442 Graeois
599 4390 628 4441 et
646 4386 754 4443 Latinis
772 4387 903 4444 Patribus
957 4395 989 4448 iro
1001 4409 1040 4459 se,
1060 4393 1133 4460 imi,
1148 4389 1278 4445 mendose
1297 4389 1318 4444 f.
1338 4407 1390 4461 pro
1410 4391 1516 4456 imici,
1536 4387 1559 4440 ir
1579 4385 1655 4456 μέσῳ.
1675 4413 1711 4426 -

152 4472 267 4537 excitat,
287 4473 334 4545 qui
353 4474 498 4545 utriusque
517 4479 624 4530 naturae
644 4475 820 4531 inconfusam
839 4478 903 4549 qui·
956 4483 978 4545 8)
1000 4481 1186 4537 confirmatur
1207 4479 1364 4533 Combeflsii
1389 4495 1443 4532 em.
1463 4480 1491 4530 rt
1517 4480 1543 4529 at
1569 4476 1640 4535 κύτος
1659 4492 1710 4546 pro

151 4559 222 4628 dem,
241 4559 289 4615 sed
307 4562 512 4634 penitissimum
530 4565 765 4636 commixtionem,
786 4567 903 4622 unitatis
956 4571 1096 4625 obsonari
1110 4570 1135 4619 at
1145 4568 1243 4620 κύκλον.
1259 4567 1367 4622 Caetera
1379 4583 1414 4620 ox
1429 4581 1521 4637 graeco
1534 4562 1710 4635 supplentur,

151 4646 308 4718 personalis
327 4648 468 4705 vinculum
490 4652 636 4723 ipsumque
655 4669 755 4706 nexum
775 4669 836 4707 esso
855 4655 901 4707 in·
957 4659 1001 4712 nbi
1016 4659 1099 4713 ctiam
1112 4655 1231 4710 clarius:
1252 4656 1348 4724 σχοινία
1368 4657 1393 4707 dl
1413 4651 1629 4724 περιτιταμίια,ἢ
1646 4655 1711 4723 aqa-

150 4733 296 4791 euleernnt
314 4766 349 4778 ··
370 4738 481 4803 ¹l'13022
500 4743 544 4810 pic
564 4737 602 4793 tlt
622 4742 634 4792 ὅ
655 4743 719 4802 ἱστὸς
739 4743 782 4794 τοῦ
802 4745 900 4814 Κυρίου,
956 4769 1000 4804 πη.
1020 4747 1073 4802 Sed
1099 4763 1164 4802 mox
1190 4761 1284 4816 graeca
1308 4744 1524 4800 labefactantur.
1551 4741 1635 4797 Codd.
1659 4742 1710 4796 da·

152 4825 302 4894 Gombcds,
323 4846 404 4900 quern
431 4846 526 4900 presse
551 4832 578 4884 in
603 4833 730 4885 versione
748 4833 900 4904 sequimur.
956 4838 1036 4893 bant:
1058 4841 1147 4888 litator
1173 4838 1206 4901 dt,
1227 4835 1238 4886 ὃ
1259 4834 1325 4906 φέρει
1344 4833 1398 4904 μετ’
1420 4833 1511 4899 αὐτῆς,
1532 4831 1611 4904 quasi
1630 4830 1710 4884 navis

151 4944 185 4955 -
199 4915 223 4982 ²)
238 4915 333 4972 Altius
346 4920 411 4991 quid
432 4937 539 4992 graece:
554 4924 655 4992 στήμων
669 4925 694 4974 δὲ
707 4924 730 4975 ir
744 4923 810 4993 αὐτῷ
829 4927 844 4980 ir
859 4927 901 4977 τοῦ
957 4943 1054 4981 navem
1074 4926 1171 4993 ferret,
1191 4925 1264 4997 quod
1283 4926 1402 4979 mumvit
1417 4923 1549 4977 audacter
1571 4920 1708 4975 combefi-

150 5007 223 5079 ἁγίου
243 5009 387 5078 ”tultum
406 5011 516 5080 δύναμις.
531 5040 564 5054 -
578 5012 602 5076 3)
623 5013 759 5067 Continuo
778 5013 838 5067 haec
858 5013 900 5066 le-
956 5017 1030 5070 sius:
1047 5015 1118 5066 diras
1132 5017 1165 5079 di,
1181 5013 1362 5085 rete,inquit,
1373 5030 1427 5084 quo
1439 5007 1709 5083 piscascepiuntucl

150 5100 255 5164 guntur
273 5099 423 5168 armenica,
443 5116 505 5171 quar
525 5103 615 5154 tamen
636 5098 723 5156 multo
747 5105 811 5172 post
828 5102 901 5174 apud
956 5103 1011 5157 Vix
1030 5103 1142 5158 seniora
1161 5103 1285 5170 Armeni,
1307 5103 1353 5173 qui
1373 5102 1514 5173 praebent:
1540 5100 1659 5171 spendo
1682 5101 1708 5150 δὲ

153 5183 900 5258 Hippolytumoccurruut,col.766,num.xnvr,xr,vu.
955 5193 1119 5264 (capitanii
1147 5191 1236 5261 φέρει...
1263 5220 1299 5232 -
1317 5189 1341 5254 9)
1363 5191 1413 5244 llio
1433 5191 1582 5244 manufesto
1608 5185 1707 5241 mutila

150 5299 183 5314 ··
199 5272 223 5337 Ἰ)
252 5275 338 5346 apoc.
353 5293 391 5344 ιι,
407 5276 434 5334 3.
450 5309 480 5320 -
497 5278 521 5342 ὅ)
540 5279 579 5334 el.
602 5277 715 5350 Hippol.
729 5277 749 5333 l.
764 5277 784 5332 l.
803 5295 829 5332 a.
846 5295 901 5344 ιιι,
957 5297 1050 5350 graece
1061 5287 1137 5338 suut.
1150 5299 1212 5346 quaa
1226 5287 1289 5352 μοι)
1303 5281 1455 5354 baptizatos
1468 5277 1565 5338 fideles
1578 5281 1632 5338 τοὺς
1645 5297 1704 5328 πια-
