3976 6078
913 499 1034 572 XXIX

251 675 411 734 clusinus
434 673 714 730 dLnanltlllrms.

245 755 423 844 ‘senonum
446 779 479 841 n
504 799 550 861 ps.
577 783 603 860 1,
626 783 651 842 ι.
677 784 718 845 ιι.
744 799 775 861 p.
802 780 871 846 an.
1055 772 1092 834 oe
1117 771 1322 836 Pantaenus
1341 777 1367 839 ι.
1391 776 1432 839 11.
1458 795 1490 855 p.
1511 769 1579 835 na.

264 894 429 958 Scholium
452 891 486 954 in
509 911 556 972 ps.
580 894 618 964 V,
642 893 673 954 7.
700 913 731 971 p.
756 890 827 954 348.
1068 883 1105 944 de
1137 900 1234 963 regno
1269 883 1327 946 Del
1362 884 1427 946 vim
1461 881 1614 967 patiente,
1649 885 1749 963 infra,

264 1002 429 1068 Schollola
449 1001 551 1082 rarle,
576 1022 607 1082 p.
633 1003 704 1080 348,
729 999 799 1064 349.
988 1016 1059 1062 oum
1085 987 1320 1079 sequentibus.¹

264 1113 344 1181 Quid
359 1113 403 1175 slt
416 1111 568 1188 haeresis,
586 1123 610 1174 t.
625 1112 684 1192 IV,
699 1131 729 1190 p.
745 1110 796 1187 35,
807 1110 878 1174 305.
1071 1109 1110 1170 dc
1144 1107 1217 1171 fide.

265 1223 303 1289 de
324 1221 531 1300 Paenitentia,
555 1242 587 1302 p.
613 1221 663 1298 ³5,
688 1221 759 1284 305.
1072 1221 1109 1282 de
1132 1219 1307 1300 multiplici
1330 1219 1384 1282 vis
1406 1218 1531 1284 salutis.

222 1361 226 1370 ·
265 1333 351 1402 Quae
371 1335 531 1414 postrema
550 1331 617 1396 tris
638 1331 813 1412 superaddo
834 1329 961 1392 tandem
984 1332 1077 1392 tarda
1100 1333 1133 1392 el
1157 1330 1283 1411 trepida
1306 1347 1411 1391 manu.
1438 1329 1636 1392 l'enantlbus
1670 1327 1753 1392 enlm

185 1446 337 1507 anecdota
360 1442 527 1522 subjacent
558 1444 609 1506 tot
632 1439 777 1505 latibula
800 1444 835 1504 et
860 1440 996 1520 perfidae
1025 1439 1199 1520 decipulae,
1231 1446 1265 1503 ut
1292 1441 1389 1506 etiam
1419 1441 1658 1523 prudentissimi
1691 1439 1753 1505 ial-

188 1552 310 1615 lantur.
338 1554 388 1614 Ila
411 1549 552 1632 Angelus
577 1550 694 1626 Maius,
719 1549 859 1610 omnium
883 1549 1037 1628 magister
1061 1547 1279 1626 felicissimus,
1301 1548 1408 1612 laetus
1428 1557 1510 1627 erat,
1534 1550 1582 1613 uti
1595 1570 1671 1616 mox
1690 1570 1749 1632 ego

190 1660 347 1734 laetabor,
371 1658 532 1720 invenisse
553 1657 705 1719 laciniam
725 1677 766 1720 en
782 1645 902 1720 'mutilo
916 1657 1001 1719 libro
1024 1659 1102 1720 VIIl
1123 1658 1181 1720 τῶν
1201 1648 1422 1747 στρωματίων.
1444 1659 1590 1720 Eamdem
1618 1677 1755 1740 nuperus

188 1768 290 1830 editor
310 1765 514 1844 Perisiensls,
536 1767 685 1830 omissam
707 1783 775 1828 esso
801 1769 890 1827 retus
916 1765 951 1826 ln
974 1785 1031 1828 suo
1062 1767 1236 1842 Clemente,
1266 1766 1368 1827 veluti
1398 1768 1600 1846 gemmulam·
1617 1768 1650 1829 in
1680 1765 1753 1830 oon-

189 1882 298 1964 spieua
322 1880 428 1942 fronto
453 1877 531 1942 tomi
557 1881 587 1942 ΙΙ
612 1877 817 1959 praefinite
857 1881 951 1939 extra
971 1879 1076 1939 locum
1099 1877 1287 1942 ostentavit.
1319 1877 1437 1939 Verum
1462 1883 1534 1938 ante
1555 1877 1675 1938 Maium
1699 1883 1751 1940 ter

188 1996 222 2053 et
245 1988 341 2068 duplo
365 1987 524 2066 integrius
549 1986 630 2049 idem
655 1989 840 2066 excerptum
865 1987 946 2064 apud
965 1985 1138 2048 Nourrium
1161 1991 1194 2050 et
1219 1985 1400 2048 Fabricium
1421 1992 1454 2048 at
1476 1985 1509 2046 in
1533 1988 1654 2049 Catena
1673 1987 1751 2066 Lip-

186 2097 287 2159 siensi
311 2073 429 2158 editum
454 2101 535 2167 erat,
560 2099 671 2174 terque
696 2094 777 2156 idem
802 2093 927 2156 recoxit
951 2095 1056 2157 editor
1080 2093 1283 2173 Perisiensis,
1309 2114 1418 2175 nempe
1433 2095 1658 2160 inclementis
1673 2100 1748 2159 tom.

188 2207 202 2270 1
226 2204 289 2270 ool.
313 2204 361 2280 14,
388 2208 421 2266 et
444 2208 521 2266 tom.
548 2205 580 2265 ll
604 2202 666 2265 col.
689 2203 709 2265 6
732 2208 765 2266 et
791 2202 878 2264 1457.
897 2203 932 2264 Id
954 2219 1029 2264 sane
1045 2221 1106 2263 non
1121 2203 1315 2283 retulissem,
1332 2203 1394 2265 nisi
1408 2205 1483 2286 quid
1499 2209 1610 2268 notatu
1624 2207 1753 2288 dignum

188 2323 374 2394 emergeret.
402 2315 452 2376 Ex
477 2333 513 2375 co
534 2312 617 2375 enim
640 2313 708 2392 ipso
734 2313 813 2390 quod
840 2330 938 2390 neque
963 2313 991 2372 is
1019 2311 1121 2387 locus,
1149 2331 1247 2394 neque
1276 2331 1376 2374 novus
1395 2320 1503 2379 noster
1521 2314 1638 2376 nullibi
1672 2334 1754 2376 com·

186 2427 300 2505 parent
323 2422 355 2484 in
379 2422 463 2484 libro
486 2422 583 2497 edito,
609 2419 779 2482 invalescit
803 2417 935 2480 Nourrii
958 2419 1143 2498 conjectura
1172 2423 1286 2498 auden,
1313 2426 1413 2485 totum
1436 2425 1519 2484 hunc
1544 2419 1673 2500 librum,
1698 2427 1751 2487 'sr-

187 2537 336 2612 gomento
360 2531 507 2605 otiosum,
534 2529 676 2609 spuriam
697 2545 765 2590 esse
789 2527 959 2602 sarcinam,
979 2527 1042 2588 nisi
1066 2531 1191 2591 tantum
1212 2530 1393 2609 excipiatur
1414 2531 1613 2610 memmium,
1637 2532 1748 2595 certis-

188 2639 267 2701 sime
289 2656 307 2700 a
327 2639 442 2700 Plotio
467 2637 595 2714 lectum,
618 2639 651 2698 et
677 2636 795 2717 partim
818 2635 1007 2715 rescriptum
1028 2635 1062 2696 in
1087 2636 1219 2700 coislin.
1243 2637 1267 2702 f.
1293 2637 1361 2708 118,
1386 2655 1405 2698 a
1427 2659 1487 2717 quo
1512 2641 1677 2720 sequentia
1701 2642 1752 2704 de·

187 2748 385 2828 scripsimus.
412 2747 525 2807 Priora
546 2745 601 2807 rix
625 2763 686 2805 non
707 2747 860 2805 revocant
882 2744 1076 2805 Clementem
1093 2744 1287 2808 Romanum.

271 2845 459 2936 Κλιίμεντος.
501 2851 546 2912 Οὐ
576 2853 633 2916 τῶν
657 2837 864 2914 καθευδίντων
886 2846 945 2912 καί
1068 2853 1240 2915 Clementis.
1276 2853 1347 2915 Non
1385 2857 1620 2935 dormientium,
1656 2877 1755 2938 neque

192 2953 397 3049 βλααευίντον
432 2957 454 3028 ui
488 2950 639 3045 βασιλεία
673 2961 726 3023 τοῦ
755 2961 850 3036 Θεοῦ,
885 2951 957 3020 ἀλλ’
997 2960 1191 3040 torpentium
1214 2965 1264 3021 est
1298 2979 1430 3043 regnum
1462 2964 1531 3039 Dei,
1565 2966 1657 3025 sed«
1689 2964 1757 3024 uio·

190 3070 220 3135 οί
241 3065 376 3157 βιασταί
411 3059 607 3159 ἄρσοίζουσιυ
630 3061 743 3137 atriis.
774 3059 862 3135 Αὐτιλ
885 3061 949 3156 χοίρ
992 3067 1073 3129 lenti
1096 3068 1226 3148 rapiunt
1247 3068 1341 3130 illud.
1366 3091 1383 3128 ν
1406 3070 1452 3132 lia
1476 3072 1545 3134 solo
1575 3072 1661 3134 enim
1686 3074 1756 3135 vio-

191 3173 268 3266 μίνη
291 3178 312 3249 ἦ
332 3166 391 3265 βία
407 3171 591 3258 καλιιῖ,Θεο“ν
608 3169 873 3264 paciscebantur*
895 3196 953 3238 τοι·
995 3173 1097 3238 lentie
1118 3174 1232 3253 pulcra
1253 3180 1313 3250 est,
1337 3177 1402 3237 rim
1435 3179 1499 3240 Deo
1534 3181 1638 3242 iecere
1672 3185 1705 3243 ot
1736 3201 1755 3243 a

190 3285 229 3379 ροί
263 3289 341 3351 Θεοῦ
363 3280 443 3360 ζωὴν
468 3276 624 3374 σίρειοίσαι.
650 3283 685 3344 ‘0
707 3278 742 3347 δὲ
762 3277 854 3370 prode
884 3278 953 3357 τους
995 3284 1059 3343 1)εο
1085 3283 1408 3364 vitamraperc.1pse
1430 3304 1505 3347 vcro
1528 3305 1755 3367 recognoscens

190 3389 350 3483 βεβαίους,
388 3387 558 3477 μᾶλλονδὲ
585 3384 696 3478 βιαίως
728 3385 948 3476 ἀντεχομένους
990 3390 1102 3466 fortes,
1127 3408 1181 3451 scu
1206 3393 1313 3470 potius
1337 3391 1467 3458 sortiter
1488 3395 1685 3472 resistentes,
1708 3398 1754 3460 eis

191 3495 403 3593 συνεχώρησεν
425 3494 483 3563 καί
511 3487 601 3574 εἶξεν.
625 3491 733 3586 Χαίρει
758 3494 820 3586 χείρ
842 3497 857 3560 ί
878 3493 952 3574 Θείς
996 3501 1172 3564 assentitur
1193 3504 1225 3561 et
1250 3517 1366 3562 morem
1382 3503 1478 3581 gerit.
1494 3505 1647 3566 Laetatur
1671 3507 1754 3566 enim

191 3605 229 3676 τοί
250 3615 378 3676 τοιαῦτα
398 3601 580 3693 η’ττιίμενος.
604 3641 645 3661 ·-
666 3607 732 3672 Οὐκ
755 3599 817 3692 ἔχει
848 3600 955 3670 εἰσιθυ·
994 3611 1077 3671 Deus
1102 3612 1249 3674 eomodo
1272 3611 1756 3696 superatusluisse.·.·-Ilesids·

192 3712 269 3805 μίαν
284 3717 305 3786 η’
321 3710 475 3812 ἄφθαρτος
490 3709 651 3802 βασιλεία,
667 3709 750 3779 α’λλοὶ
766 3706 907 3801 mcpcvor'
910 3734 947 3777 αν
991 3719 1073 3780 rium
1088 3737 1150 3778 non
1162 3720 1257 3781 habet
1269 3738 1400 3799 regnum
1412 3722 1603 3800 immortale,
1611 3725 1664 3786 sed
1677 3744 1757 3805 prae·

192 3821 311 3892 πσίντων
342 3829 400 3890 τῶν
430 3826 565 3914 ἀγαθῶν,
598 3816 662 3888 ὅθεν
695 3825 749 3887 οὐκ
771 3816 853 3887 ἔστιν
886 3825 952 3886 ἑσι·
992 3827 1127 3890 sentiam
1141 3828 1281 3889 omnium
1297 3829 1460 3907 bonorum3
1475 3831 1555 3892 unde
1578 3832 1645 3910 jam
1669 3833 1753 3894 nihil

193 3938 343 4018 θυμῆσοιί·
380 3935 412 3996 ἐκ
434 3929 498 4022 χοίρ
533 3935 586 3996 τοῦ
615 3929 753 4014 ὑστερεῖν
775 3926 810 3995 τί
839 3928 947 3994 ἐπιθυ·
990 3934 1212 4013 concupiscere
1235 3936 1340 4000 habet:
1363 3939 1584 4017 concupiscere
1607 3939 1773 4002 animost·

195 4045 276 4128 μεῖν.
309 4032 477 4106 Βασιλείαν
509 4041 586 4106 Θεοῦ
617 4031 737 4103 λεκτέον
769 4034 824 4108 τείν
856 4033 953 4103 κατοί-
993 4042 1150 4121 indigere.
1166 4043 1339 4104 Dicendum
1353 4045 1410 4106 Dei
1427 4064 1559 4125 regnum
1582 4065 1650 4109 csse
1664 4047 1757 4109 resti·

195 4170 306 4215 στασιν
337 4151 396 4213 τῶν
423 4143 506 4211 aar)
533 4140 601 4222 τους
637 4138 733 4221 θείους
764 4135 876 4233 νίμους
911 4168 956 4212 τε·
995 4150 1150 4216 tutionem
1186 4167 1294 4212 eorum
1327 4152 1381 4231 qui
1403 4159 1488 4216 recte
1514 4154 1629 4218 vivunt
1658 4156 1756 4234 juxta

192 4252 352 4348 ταχμίνως
374 4251 531 4342 βιούντων.
989 4259 1077 4340 loges
1100 4259 1238 4325 diuinas.
1369 4247 1373 4256 ’

334 4356 513 4448 Κλήμεντος
527 4355 778 4454 Ἀλεξανδρείας.
1177 4370 1339 4432 Clementis
1359 4372 1582 4436 Alemondrini.

274 4472 358 4564 Ἐρεῒ
379 4491 435 4546 τις·
459 4464 563 4538 Μηδέν
594 4473 732 4556 ζητῶμεν
754 4465 829 4559 napi
864 4476 952 4538 Θεοῦ.
1075 4475 1201 4554 inquiet
1235 4477 1366 4557 aliquis:
1392 4478 1483 4540 Nihil
1505 4479 1543 4540 de
1566 4481 1630 4542 Deo
1655 4481 1759 4561 inqui·

193 4572 299 4647 Φαίην
321 4573 349 4644 δ’
363 4571 400 4642 σίν
422 4571 468 4643 ὅτι
488 4572 546 4642 καί
568 4572 630 4662 μεῖν
652 4567 806 4649 εὐδήσοτε
821 4574 868 4645 δεῖ
882 4575 960 4662 ταξί-
999 4601 1116 4646 ramus.
1151 4583 1295 4646 Dixerim
1330 4604 1418 4665 vero,
1458 4587 1630 4666 quinimmo
1670 4608 1756 4650 nuu-

194 4690 310 4753 σασθαι
332 4680 479 4778 λε’χουτας
506 4682 563 4754 καί
584 4679 752 4764 ἀκούοντας
772 4682 842 4780 περί
862 4690 951 4753 Θεοῦ·
993 4713 1086 4772 quam
1109 4694 1294 4755 cessandum
1324 4713 1391 4756 csse
1415 4696 1518 4756 dicere
1539 4701 1572 4758 et
1591 4695 1699 4758 audire
1719 4698 1756 4758 de

194 4789 274 4863 πλιῖυ
308 4788 377 4860 ἶσον
399 4788 516 4889 ἐφίεται
547 4793 568 4866 l
599 4788 716 4874 πίστις,
738 4787 827 4860 ’ὥστε
858 4789 955 4888 λε’χειν
997 4803 1072 4867 Deo.
1096 4801 1393 4882 Etenimquousque
1415 4802 1491 4864 tides
1506 4803 1646 4882 incessit,
1669 4810 1705 4869 ut
1719 4806 1757 4866 de

193 4898 264 4987 περί
288 4903 382 4968 αὐτοῦ
403 4898 442 4968 τοί
463 4900 557 4970 iissre?
578 4900 636 4967 aa?
656 4895 776 4969 ἀκούειν
800 4897 840 4969 τοί
860 4909 952 4968 elnoc-
993 4908 1052 4970 illo
1086 4909 1172 4971 dicat
1203 4925 1281 4988 quae
1313 4909 1445 4970 dicenda
1476 4917 1552 4974 sunt
1583 4915 1616 4973 et
1647 4910 1757 4974 audiat

196 5003 268 5092 cr0i3
997 5017 1169 5080 audiendal

360 5120 405 5180 Ειι
427 5120 480 5183 τοῦ
500 5111 531 5188 u'
553 5112 777 5211 Στρωματέων.
1129 5127 1174 5188 Dc
1194 5126 1273 5189 libro
1295 5133 1401 5188 octavo
1423 5127 1628 5189 stromatum.

278 5225 330 5303 Ὦς
352 5220 385 5291 δὲ
407 5223 429 5294 d
449 5221 606 5292 θάλασσα
621 5225 740 5293 ἀνίεται
761 5235 869 5312 πᾶσιν,
902 5226 961 5295 καί
1081 5235 1344 5301 Quemadmodum
1368 5251 1455 5298 mare
1482 5235 1628 5296 omnibus
1655 5237 1755 5314 potet,

199 5329 288 5421 ίμὲν
309 5326 448 5423 νήχεται,
483 5331 553 5402 ὁδί
574 5333 788 5428 ἑμειορειίεται,
822 5333 892 5406 ὁδὶ
922 5343 958 5403 ol·
999 5340 1051 5404 hic
1076 5359 1152 5403 vero
1178 5321 1353 5423 natat‚ille
1377 5347 1547 5417 mercatur,
1571 5341 1629 5404 illc
1651 5346 1754 5406 sutem
