<?xml version="1.0" encoding="UTF-8"?>
<!DOCTYPE html PUBLIC "-//W3C//DTD XHTML 1.0 Transitional//EN"
    "http://www.w3.org/TR/xhtml1/DTD/xhtml1-transitional.dtd">
<html xmlns="http://www.w3.org/1999/xhtml" xml:lang="en" lang="en">
 <head>
  <title>
</title>
<meta http-equiv="Content-Type" content="text/html;charset=utf-8" />
  <meta name='ocr-system' content='tesseract 3.04.00' />
  <meta name='ocr-capabilities' content='ocr_page ocr_carea ocr_par ocr_line ocrx_word'/>
</head>
<body>
  <div class='ocr_page' id='page_1' title='image "./analectasacrasp01pitrgoog_0497.png"; bbox 0 0 4044 6098; ppageno 0'>
   <div class='ocr_carea' id='block_1_1' title="bbox 262 498 1289 574">
    <p class='ocr_par' dir='ltr' id='par_1_1' title="bbox 262 498 1289 574">
     <span class='ocr_line' id='line_1_1' title="bbox 262 498 1289 574; baseline -0.009 0"><span class='ocrx_word' id='word_1_1' title='bbox 262 509 319 574; x_wconf 82' lang='lat' dir='ltr'><strong>iiii</strong></span> <span class='ocrx_word' id='word_1_2' title='bbox 783 501 980 571; x_wconf 83' lang='lat' dir='ltr'><strong>vinioniiii</strong></span> <span class='ocrx_word' id='word_1_3' title='bbox 1001 498 1289 568; x_wconf 77' lang='lat' dir='ltr'><strong>Pnoinnonnnn</strong></span> 
     </span>
    </p>
   </div>
   <div class='ocr_carea' id='block_1_2' title="bbox 260 633 1810 1182">
    <p class='ocr_par' dir='ltr' id='par_1_2' title="bbox 261 633 1810 1076">
     <span class='ocr_line' id='line_1_2' title="bbox 262 633 1808 754; baseline -0.002 -27"><span class='ocrx_word' id='word_1_4' title='bbox 262 663 472 754; x_wconf 83' lang='grc' dir='ltr'>προρητείοιή</span> <span class='ocrx_word' id='word_1_5' title='bbox 491 661 528 726; x_wconf 81' lang='grc' dir='ltr'>τὸ</span> <span class='ocrx_word' id='word_1_6' title='bbox 544 660 658 751; x_wconf 89' lang='grc' dir='ltr'>μίλλον</span> <span class='ocrx_word' id='word_1_7' title='bbox 674 659 929 752; x_wconf 87' lang='grc' dir='ltr'>προηγορεύουσα</span> <span class='ocrx_word' id='word_1_8' title='bbox 952 659 1006 723; x_wconf 86' lang='grc' dir='ltr'>καί</span> <span class='ocrx_word' id='word_1_9' title='bbox 1061 664 1107 721; x_wconf 83' lang='lat' dir='ltr'><strong>tas</strong></span> <span class='ocrx_word' id='word_1_10' title='bbox 1127 633 1343 738; x_wconf 76' lang='lat' dir='ltr'><strong>gen&#39;erationes,</strong></span> <span class='ocrx_word' id='word_1_11' title='bbox 1366 654 1458 722; x_wconf 73' lang='lat' dir='ltr'><strong>veluti</strong></span> <span class='ocrx_word' id='word_1_12' title='bbox 1479 674 1570 740; x_wconf 86' lang='lat' dir='ltr'><strong>qunin</strong></span> <span class='ocrx_word' id='word_1_13' title='bbox 1585 656 1736 748; x_wconf 74' lang='lat' dir='ltr'><strong>prophetie</strong></span> <span class='ocrx_word' id='word_1_14' title='bbox 1755 657 1808 724; x_wconf 86' lang='lat' dir='ltr'>ad·</span> 
     </span>
     <span class='ocr_line' id='line_1_3' title="bbox 261 762 1810 861; baseline -0.005 -25"><span class='ocrx_word' id='word_1_15' title='bbox 261 773 356 836; x_wconf 81' lang='grc' dir='ltr'>τοῦτὸ</span> <span class='ocrx_word' id='word_1_16' title='bbox 372 771 469 860; x_wconf 77' lang='grc' dir='ltr'>τυχὸν</span> <span class='ocrx_word' id='word_1_17' title='bbox 494 769 577 860; x_wconf 75' lang='grc' dir='ltr'>μετὰ</span> <span class='ocrx_word' id='word_1_18' title='bbox 591 767 710 845; x_wconf 82' lang='grc' dir='ltr'>πολλσές</span> <span class='ocrx_word' id='word_1_19' title='bbox 727 767 845 861; x_wconf 77' lang='grc' dir='ltr'>γενεὰς,</span> <span class='ocrx_word' id='word_1_20' title='bbox 863 773 903 845; x_wconf 85' lang='grc' dir='ltr'>ὡς</span> <span class='ocrx_word' id='word_1_21' title='bbox 920 762 1004 833; x_wconf 84' lang='grc' dir='ltr'>εἷπον</span> <span class='ocrx_word' id='word_1_22' title='bbox 1060 771 1183 831; x_wconf 78' lang='lat' dir='ltr'><strong>ventum</strong></span> <span class='ocrx_word' id='word_1_23' title='bbox 1203 762 1315 830; x_wconf 77' lang='lat' dir='ltr'>Christi</span> <span class='ocrx_word' id='word_1_24' title='bbox 1335 763 1516 842; x_wconf 78' lang='lat' dir='ltr'><strong>nuntiarent,</strong></span> <span class='ocrx_word' id='word_1_25' title='bbox 1534 772 1565 830; x_wconf 85' lang='lat' dir='ltr'>et</span> <span class='ocrx_word' id='word_1_26' title='bbox 1584 765 1710 848; x_wconf 77' lang='lat' dir='ltr'><strong>apostoli</strong></span> <span class='ocrx_word' id='word_1_27' title='bbox 1731 765 1810 831; x_wconf 88' lang='lat' dir='ltr'><strong>iiiiti-</strong></span> 
     </span>
     <span class='ocr_line' id='line_1_4' title="bbox 262 873 1809 970; baseline -0.003 -26"><span class='ocrx_word' id='word_1_28' title='bbox 262 884 289 944; x_wconf 84' lang='lat' dir='ltr'><strong>ot</strong></span> <span class='ocrx_word' id='word_1_29' title='bbox 311 890 470 970; x_wconf 76' lang='grc' dir='ltr'>προφῆται</span> <span class='ocrx_word' id='word_1_30' title='bbox 493 877 553 952; x_wconf 79' lang='grc' dir='ltr'>τὴν</span> <span class='ocrx_word' id='word_1_31' title='bbox 583 885 715 968; x_wconf 80' lang='grc' dir='ltr'>Χριστοῦ</span> <span class='ocrx_word' id='word_1_32' title='bbox 738 877 927 968; x_wconf 72' lang='grc' dir='ltr'>παρουσίαν,</span> <span class='ocrx_word' id='word_1_33' title='bbox 952 875 1006 942; x_wconf 87' lang='grc' dir='ltr'>καί</span> <span class='ocrx_word' id='word_1_34' title='bbox 1061 873 1240 954; x_wconf 74' lang='lat' dir='ltr'><strong>cinerentur,</strong></span> <span class='ocrx_word' id='word_1_35' title='bbox 1257 874 1384 938; x_wconf 76' lang='lat' dir='ltr'><strong>futurum</strong></span> <span class='ocrx_word' id='word_1_36' title='bbox 1397 890 1464 939; x_wconf 81' lang='lat' dir='ltr'><strong>esse</strong></span> <span class='ocrx_word' id='word_1_37' title='bbox 1473 881 1507 936; x_wconf 91' lang='lat' dir='ltr'><strong>ut</strong></span> <span class='ocrx_word' id='word_1_38' title='bbox 1516 880 1620 956; x_wconf 77' lang='lat' dir='ltr'><strong>gentes</strong></span> <span class='ocrx_word' id='word_1_39' title='bbox 1631 873 1663 938; x_wconf 92' lang='lat' dir='ltr'>in</span> <span class='ocrx_word' id='word_1_40' title='bbox 1673 873 1730 942; x_wconf 81' lang='lat' dir='ltr'><strong>fide</strong></span> <span class='ocrx_word' id='word_1_41' title='bbox 1741 873 1809 940; x_wconf 59' lang='lat' dir='ltr'><strong>obe‘</strong></span> 
     </span>
     <span class='ocr_line' id='line_1_5' title="bbox 261 979 1562 1076; baseline -0.007 -25"><span class='ocrx_word' id='word_1_42' title='bbox 261 993 289 1051; x_wconf 88' lang='lat' dir='ltr'>ei</span> <span class='ocrx_word' id='word_1_43' title='bbox 310 987 483 1053; x_wconf 80' lang='grc' dir='ltr'>ἀπόστολοι</span> <span class='ocrx_word' id='word_1_44' title='bbox 505 985 566 1061; x_wconf 85' lang='grc' dir='ltr'>τὴν</span> <span class='ocrx_word' id='word_1_45' title='bbox 589 995 652 1050; x_wconf 82' lang='grc' dir='ltr'>τῶν</span> <span class='ocrx_word' id='word_1_46' title='bbox 670 985 763 1050; x_wconf 82' lang='grc' dir='ltr'>ἐθνῶν</span> <span class='ocrx_word' id='word_1_47' title='bbox 779 984 850 1076; x_wconf 86' lang='grc' dir='ltr'>περί</span> <span class='ocrx_word' id='word_1_48' title='bbox 864 984 924 1059; x_wconf 77' lang='grc' dir='ltr'>τὴν</span> <span class='ocrx_word' id='word_1_49' title='bbox 941 985 1012 1050; x_wconf 91' lang='grc' dir='ltr'>πίσ-</span> <span class='ocrx_word' id='word_1_50' title='bbox 1065 981 1173 1060; x_wconf 75' lang='lat' dir='ltr'><strong>ditent,</strong></span> <span class='ocrx_word' id='word_1_51' title='bbox 1195 989 1225 1048; x_wconf 85' lang='lat' dir='ltr'>et</span> <span class='ocrx_word' id='word_1_52' title='bbox 1245 979 1340 1047; x_wconf 81' lang='lat' dir='ltr'><strong>Iudaei</strong></span> <span class='ocrx_word' id='word_1_53' title='bbox 1361 979 1562 1066; x_wconf 78' lang='lat' dir='ltr'><strong>rejiceientur.</strong></span> 
     </span>
    </p>

    <p class='ocr_par' dir='ltr' id='par_1_3' title="bbox 260 1085 1062 1182">
     <span class='ocr_line' id='line_1_6' title="bbox 260 1085 1062 1182; baseline -0.002 -22"><span class='ocrx_word' id='word_1_54' title='bbox 260 1120 310 1160; x_wconf 88' lang='grc' dir='ltr'>τιν</span> <span class='ocrx_word' id='word_1_55' title='bbox 334 1095 490 1182; x_wconf 81' lang='grc' dir='ltr'>ὑπακοὴν,</span> <span class='ocrx_word' id='word_1_56' title='bbox 514 1093 568 1158; x_wconf 84' lang='grc' dir='ltr'>καί</span> <span class='ocrx_word' id='word_1_57' title='bbox 591 1103 654 1158; x_wconf 85' lang='grc' dir='ltr'>τῶν</span> <span class='ocrx_word' id='word_1_58' title='bbox 679 1085 835 1159; x_wconf 81' lang='grc' dir='ltr'>Ἰουδαίων</span> <span class='ocrx_word' id='word_1_59' title='bbox 850 1093 917 1167; x_wconf 82' lang='grc' dir='ltr'>τὴν</span> <span class='ocrx_word' id='word_1_60' title='bbox 935 1096 1012 1158; x_wconf 75' lang='grc' dir='ltr'>δηιο-</span> <span class='ocrx_word' id='word_1_61' title='bbox 1057 1172 1062 1180; x_wconf 34' lang='grc' dir='ltr'>Ι</span> 
     </span>
    </p>
   </div>
   <div class='ocr_carea' id='block_1_3' title="bbox 261 1195 369 1277">
    <p class='ocr_par' dir='ltr' id='par_1_4' title="bbox 261 1195 369 1277">
     <span class='ocr_line' id='line_1_7' title="bbox 261 1195 369 1277; baseline -0.037 -8"><span class='ocrx_word' id='word_1_62' title='bbox 261 1195 369 1277; x_wconf 80' lang='grc' dir='ltr'>όολήν.</span> 
     </span>
    </p>
   </div>
   <div class='ocr_carea' id='block_1_4' title="bbox 1005 1429 1069 1503">
    <p class='ocr_par' dir='ltr' id='par_1_5' title="bbox 1005 1429 1069 1503">
     <span class='ocr_line' id='line_1_8' title="bbox 1005 1429 1069 1503; baseline 0 -1"><span class='ocrx_word' id='word_1_63' title='bbox 1005 1429 1069 1503; x_wconf 88' lang='grc' dir='ltr'>ΧΙ.</span> 
     </span>
    </p>
   </div>
   <div class='ocr_carea' id='block_1_5' title="bbox 468 1619 1602 1696">
    <p class='ocr_par' dir='ltr' id='par_1_6' title="bbox 468 1619 1602 1696">
     <span class='ocr_line' id='line_1_9' title="bbox 468 1619 1602 1696; baseline 0 -20"><span class='ocrx_word' id='word_1_64' title='bbox 468 1619 543 1676; x_wconf 84' lang='grc' dir='ltr'>Οὗτοι</span> <span class='ocrx_word' id='word_1_65' title='bbox 562 1625 652 1684; x_wconf 81' lang='grc' dir='ltr'>πάντες</span> <span class='ocrx_word' id='word_1_66' title='bbox 671 1627 693 1676; x_wconf 83' lang='grc' dir='ltr'>οἱ</span> <span class='ocrx_word' id='word_1_67' title='bbox 713 1625 816 1696; x_wconf 79' lang='grc' dir='ltr'>ψαλμοὶ,</span> <span class='ocrx_word' id='word_1_68' title='bbox 836 1625 875 1685; x_wconf 86' lang='grc' dir='ltr'>οῦς</span> <span class='ocrx_word' id='word_1_69' title='bbox 894 1622 1047 1694; x_wconf 74' lang='grc' dir='ltr'>προςηύξοιτο</span> <span class='ocrx_word' id='word_1_70' title='bbox 1067 1624 1144 1676; x_wconf 71' lang='lat' dir='ltr'><strong>teuit</strong></span> <span class='ocrx_word' id='word_1_71' title='bbox 1164 1623 1186 1676; x_wconf 83' lang='grc' dir='ltr'>ἐν</span> <span class='ocrx_word' id='word_1_72' title='bbox 1205 1624 1296 1682; x_wconf 82' lang='grc' dir='ltr'>πάσαις</span> <span class='ocrx_word' id='word_1_73' title='bbox 1316 1625 1370 1684; x_wconf 80' lang='grc' dir='ltr'>τοιῒς</span> <span class='ocrx_word' id='word_1_74' title='bbox 1389 1622 1497 1692; x_wconf 81' lang='grc' dir='ltr'>θλίψεσιν</span> <span class='ocrx_word' id='word_1_75' title='bbox 1518 1623 1602 1690; x_wconf 80' lang='grc' dir='ltr'>αὐτοῦ,</span> 
     </span>
    </p>
   </div>
   <div class='ocr_carea' id='block_1_6' title="bbox 1155 1710 1178 1728">
    <p class='ocr_par' dir='ltr' id='par_1_7' title="bbox 1155 1710 1178 1728">
     <span class='ocr_line' id='line_1_10' title="bbox 1155 1710 1178 1728; baseline 0.043 -1"><span class='ocrx_word' id='word_1_76' title='bbox 1155 1710 1178 1728; x_wconf 77' lang='grc' dir='ltr'>Ν</span> 
     </span>
    </p>
   </div>
   <div class='ocr_carea' id='block_1_7' title="bbox 304 1709 1763 1783">
    <p class='ocr_par' dir='ltr' id='par_1_8' title="bbox 304 1709 1763 1783">
     <span class='ocr_line' id='line_1_11' title="bbox 304 1709 1763 1783; baseline -0.001 -17"><span class='ocrx_word' id='word_1_77' title='bbox 304 1715 327 1768; x_wconf 87' lang='grc' dir='ltr'>ἐν</span> <span class='ocrx_word' id='word_1_78' title='bbox 347 1711 384 1775; x_wconf 80' lang='grc' dir='ltr'>αἷς</span> <span class='ocrx_word' id='word_1_79' title='bbox 403 1709 433 1769; x_wconf 71' lang='grc' dir='ltr'>ἦν</span> <span class='ocrx_word' id='word_1_80' title='bbox 455 1713 599 1782; x_wconf 77' lang='grc' dir='ltr'>διωκόμενος</span> <span class='ocrx_word' id='word_1_81' title='bbox 619 1713 678 1782; x_wconf 85' lang='grc' dir='ltr'>ύπὲρ</span> <span class='ocrx_word' id='word_1_82' title='bbox 698 1713 747 1763; x_wconf 80' lang='grc' dir='ltr'>τῶν</span> <span class='ocrx_word' id='word_1_83' title='bbox 767 1713 857 1780; x_wconf 79' lang='grc' dir='ltr'>ἐχθρῶν</span> <span class='ocrx_word' id='word_1_84' title='bbox 877 1710 960 1780; x_wconf 82' lang='grc' dir='ltr'>αὑτοῦ,</span> <span class='ocrx_word' id='word_1_85' title='bbox 980 1712 1003 1763; x_wconf 89' lang='grc' dir='ltr'>ἐν</span> <span class='ocrx_word' id='word_1_86' title='bbox 1024 1709 1057 1771; x_wconf 87' lang='grc' dir='ltr'>οίς</span> <span class='ocrx_word' id='word_1_87' title='bbox 1076 1716 1120 1764; x_wconf 80' lang='grc' dir='ltr'>καί</span> <span class='ocrx_word' id='word_1_88' title='bbox 1138 1709 1255 1782; x_wconf 79' lang='grc' dir='ltr'>ἐρρύσατο</span> <span class='ocrx_word' id='word_1_89' title='bbox 1275 1709 1348 1763; x_wconf 85' lang='grc' dir='ltr'>αύτθν</span> <span class='ocrx_word' id='word_1_90' title='bbox 1369 1712 1380 1763; x_wconf 86' lang='grc' dir='ltr'>ἐ</span> <span class='ocrx_word' id='word_1_91' title='bbox 1399 1712 1487 1783; x_wconf 81' lang='grc' dir='ltr'>Κύριος</span> <span class='ocrx_word' id='word_1_92' title='bbox 1507 1713 1537 1765; x_wconf 83' lang='grc' dir='ltr'>ἐκ</span> <span class='ocrx_word' id='word_1_93' title='bbox 1553 1715 1635 1775; x_wconf 81' lang='grc' dir='ltr'>πόσης</span> <span class='ocrx_word' id='word_1_94' title='bbox 1654 1713 1763 1782; x_wconf 78' lang='grc' dir='ltr'>θλίψεως.</span> 
     </span>
    </p>
   </div>
   <div class='ocr_carea' id='block_1_8' title="bbox 257 1903 1005 3146">
    <p class='ocr_par' dir='ltr' id='par_1_9' title="bbox 257 1903 1005 3146">
     <span class='ocr_line' id='line_1_12' title="bbox 303 1903 1005 1977; baseline -0.003 -21"><span class='ocrx_word' id='word_1_95' title='bbox 303 1905 361 1977; x_wconf 87' lang='grc' dir='ltr'>ρνα’.</span> <span class='ocrx_word' id='word_1_96' title='bbox 381 1903 536 1977; x_wconf 70' lang='grc' dir='ltr'>’[διόγραφος</span> <span class='ocrx_word' id='word_1_97' title='bbox 555 1906 597 1956; x_wconf 89' lang='grc' dir='ltr'>τοῦ</span> <span class='ocrx_word' id='word_1_98' title='bbox 617 1906 703 1970; x_wconf 81' lang='grc' dir='ltr'>Δαυίδ,</span> <span class='ocrx_word' id='word_1_99' title='bbox 718 1904 757 1955; x_wconf 78' lang='grc' dir='ltr'>ὅτε</span> <span class='ocrx_word' id='word_1_100' title='bbox 771 1904 944 1974; x_wconf 72' lang='grc' dir='ltr'>ἐμονομάχησε</span> <span class='ocrx_word' id='word_1_101' title='bbox 964 1908 1005 1958; x_wconf 81' lang='grc' dir='ltr'>τόν</span> 
     </span>
     <span class='ocr_line' id='line_1_13' title="bbox 261 1999 363 2050; baseline -0.029 0"><span class='ocrx_word' id='word_1_102' title='bbox 261 1999 363 2050; x_wconf 85' lang='grc' dir='ltr'>Γωλιόθ.</span> 
     </span>
     <span class='ocr_line' id='line_1_14' title="bbox 312 2081 1004 2154; baseline -0.001 -19"><span class='ocrx_word' id='word_1_103' title='bbox 312 2084 364 2141; x_wconf 86' lang='grc' dir='ltr'>πη’.</span> <span class='ocrx_word' id='word_1_104' title='bbox 385 2081 538 2154; x_wconf 80' lang='grc' dir='ltr'>Προῳητεύει</span> <span class='ocrx_word' id='word_1_105' title='bbox 563 2085 640 2135; x_wconf 83' lang='grc' dir='ltr'>Δαυίδ</span> <span class='ocrx_word' id='word_1_106' title='bbox 666 2081 722 2153; x_wconf 86' lang='grc' dir='ltr'>περί</span> <span class='ocrx_word' id='word_1_107' title='bbox 745 2102 773 2136; x_wconf 88' lang='grc' dir='ltr'>τε</span> <span class='ocrx_word' id='word_1_108' title='bbox 802 2082 876 2135; x_wconf 75' lang='grc' dir='ltr'>αὐτοῦ</span> <span class='ocrx_word' id='word_1_109' title='bbox 900 2087 942 2135; x_wconf 84' lang='grc' dir='ltr'>καί</span> <span class='ocrx_word' id='word_1_110' title='bbox 963 2085 1004 2134; x_wconf 85' lang='grc' dir='ltr'>τοῦ</span> 
     </span>
     <span class='ocr_line' id='line_1_15' title="bbox 260 2178 374 2247; baseline -0.035 -17"><span class='ocrx_word' id='word_1_111' title='bbox 260 2178 374 2247; x_wconf 87' lang='grc' dir='ltr'>Χριστοῦ.</span> 
     </span>
     <span class='ocr_line' id='line_1_16' title="bbox 297 2264 785 2336; baseline -0.006 -21"><span class='ocrx_word' id='word_1_112' title='bbox 297 2264 365 2336; x_wconf 68' lang='grc' dir='ltr'>ρμ,γ’.</span> <span class='ocrx_word' id='word_1_113' title='bbox 385 2265 427 2332; x_wconf 81' lang='grc' dir='ltr'><strong>Τῷ</strong></span> <span class='ocrx_word' id='word_1_114' title='bbox 448 2266 524 2314; x_wconf 84' lang='grc' dir='ltr'>Δαυίδ</span> <span class='ocrx_word' id='word_1_115' title='bbox 544 2265 603 2333; x_wconf 81' lang='grc' dir='ltr'>πρές</span> <span class='ocrx_word' id='word_1_116' title='bbox 623 2265 663 2313; x_wconf 80' lang='grc' dir='ltr'>τόν</span> <span class='ocrx_word' id='word_1_117' title='bbox 684 2264 785 2314; x_wconf 83' lang='grc' dir='ltr'>Γωλιοίθ.</span> 
     </span>
     <span class='ocr_line' id='line_1_17' title="bbox 319 2352 955 2411; baseline -0.006 -5"><span class='ocrx_word' id='word_1_118' title='bbox 319 2355 364 2411; x_wconf 90' lang='grc' dir='ltr'>νη’.</span> <span class='ocrx_word' id='word_1_119' title='bbox 382 2355 446 2406; x_wconf 77' lang='grc' dir='ltr'>Ὀτι</span> <span class='ocrx_word' id='word_1_120' title='bbox 467 2352 596 2405; x_wconf 85' lang='grc' dir='ltr'>όιπίστειλε</span> <span class='ocrx_word' id='word_1_121' title='bbox 616 2353 697 2403; x_wconf 87' lang='grc' dir='ltr'>Σαοὺλ</span> <span class='ocrx_word' id='word_1_122' title='bbox 715 2353 859 2403; x_wconf 74' lang='grc' dir='ltr'>θανατῶσαι</span> <span class='ocrx_word' id='word_1_123' title='bbox 875 2352 955 2404; x_wconf 84' lang='grc' dir='ltr'>αὐτόν.</span> 
     </span>
     <span class='ocr_line' id='line_1_18' title="bbox 326 2443 807 2512; baseline -0.008 -16"><span class='ocrx_word' id='word_1_124' title='bbox 326 2446 367 2507; x_wconf 77' lang='grc' dir='ltr'>ις’.</span> <span class='ocrx_word' id='word_1_125' title='bbox 388 2445 427 2505; x_wconf 83' lang='grc' dir='ltr'>Είς</span> <span class='ocrx_word' id='word_1_126' title='bbox 448 2447 474 2497; x_wconf 80' lang='grc' dir='ltr'>τί</span> <span class='ocrx_word' id='word_1_127' title='bbox 495 2445 616 2500; x_wconf 81' lang='grc' dir='ltr'>σπήλαιον</span> <span class='ocrx_word' id='word_1_128' title='bbox 636 2445 662 2494; x_wconf 79' lang='grc' dir='ltr'>τί</span> <span class='ocrx_word' id='word_1_129' title='bbox 679 2443 807 2512; x_wconf 81' lang='grc' dir='ltr'>Ὀδολόμ.</span> 
     </span>
     <span class='ocr_line' id='line_1_19' title="bbox 339 2534 695 2605; baseline -0.006 -19"><span class='ocrx_word' id='word_1_130' title='bbox 339 2535 365 2597; x_wconf 94' lang='grc' dir='ltr'>ς’.</span> <span class='ocrx_word' id='word_1_131' title='bbox 386 2534 426 2586; x_wconf 88' lang='grc' dir='ltr'>Ἐν</span> <span class='ocrx_word' id='word_1_132' title='bbox 445 2535 528 2605; x_wconf 77' lang='grc' dir='ltr'>ὕμνοις</span> <span class='ocrx_word' id='word_1_133' title='bbox 548 2538 590 2586; x_wconf 84' lang='grc' dir='ltr'>τοῦ</span> <span class='ocrx_word' id='word_1_134' title='bbox 611 2535 695 2584; x_wconf 81' lang='grc' dir='ltr'>Δαυίδ,</span> 
     </span>
     <span class='ocr_line' id='line_1_20' title="bbox 315 2619 1004 2700; baseline -0.003 -22"><span class='ocrx_word' id='word_1_135' title='bbox 315 2627 364 2700; x_wconf 62' lang='grc' dir='ltr'>λη’.</span> <span class='ocrx_word' id='word_1_136' title='bbox 382 2627 447 2679; x_wconf 74' lang='grc' dir='ltr'>Ὀτι</span> <span class='ocrx_word' id='word_1_137' title='bbox 468 2627 545 2678; x_wconf 81' lang='grc' dir='ltr'>Δαυὶθ</span> <span class='ocrx_word' id='word_1_138' title='bbox 564 2624 660 2695; x_wconf 80' lang='grc' dir='ltr'>ἔρχεται</span> <span class='ocrx_word' id='word_1_139' title='bbox 675 2625 707 2684; x_wconf 86' lang='grc' dir='ltr'>εὶς</span> <span class='ocrx_word' id='word_1_140' title='bbox 721 2619 811 2695; x_wconf 75' lang='grc' dir='ltr'>Νομόῦ</span> <span class='ocrx_word' id='word_1_141' title='bbox 824 2627 883 2694; x_wconf 74' lang='grc' dir='ltr'>προς</span> <span class='ocrx_word' id='word_1_142' title='bbox 902 2621 1004 2695; x_wconf 61' lang='lat' dir='ltr'><strong>’nenni-</strong></span> 
     </span>
     <span class='ocr_line' id='line_1_21' title="bbox 257 2715 456 2786; baseline -0.015 -19"><span class='ocrx_word' id='word_1_143' title='bbox 257 2723 304 2784; x_wconf 78' lang='grc' dir='ltr'>λεχ</span> <span class='ocrx_word' id='word_1_144' title='bbox 323 2720 364 2770; x_wconf 78' lang='grc' dir='ltr'>τίν</span> <span class='ocrx_word' id='word_1_145' title='bbox 385 2715 456 2786; x_wconf 86' lang='grc' dir='ltr'>ίορία.</span> 
     </span>
     <span class='ocr_line' id='line_1_22' title="bbox 292 2801 921 2878; baseline -0.003 -22"><span class='ocrx_word' id='word_1_146' title='bbox 292 2801 293 2806; x_wconf 56' lang='grc'>’</span> <span class='ocrx_word' id='word_1_147' title='bbox 318 2806 368 2878; x_wconf 49' lang='grc' dir='ltr'>λῇ.</span> <span class='ocrx_word' id='word_1_148' title='bbox 382 2803 482 2856; x_wconf 69' lang='grc' dir='ltr'>*Οπότε</span> <span class='ocrx_word' id='word_1_149' title='bbox 500 2803 621 2858; x_wconf 73' lang='grc' dir='ltr'>ἠλλοίωτο</span> <span class='ocrx_word' id='word_1_150' title='bbox 640 2806 668 2854; x_wconf 88' lang='grc' dir='ltr'>τθ</span> <span class='ocrx_word' id='word_1_151' title='bbox 687 2803 819 2872; x_wconf 89' lang='grc' dir='ltr'>πρόσωπον</span> <span class='ocrx_word' id='word_1_152' title='bbox 839 2802 921 2854; x_wconf 85' lang='grc' dir='ltr'>αύτοῦ.</span> 
     </span>
     <span class='ocr_line' id='line_1_23' title="bbox 316 2890 782 2950; baseline -0.009 -3"><span class='ocrx_word' id='word_1_153' title='bbox 316 2895 365 2948; x_wconf 88' lang='grc' dir='ltr'>λα’.</span> <span class='ocrx_word' id='word_1_154' title='bbox 387 2899 434 2947; x_wconf 82' lang='grc' dir='ltr'>Τόν</span> <span class='ocrx_word' id='word_1_155' title='bbox 455 2897 531 2948; x_wconf 85' lang='grc' dir='ltr'>Δαυίθ</span> <span class='ocrx_word' id='word_1_156' title='bbox 551 2890 680 2946; x_wconf 78' lang='grc' dir='ltr'>διαύοίλλει</span> <span class='ocrx_word' id='word_1_157' title='bbox 700 2895 782 2950; x_wconf 77' lang='grc' dir='ltr'>Δωήκ.</span> 
     </span>
     <span class='ocr_line' id='line_1_24' title="bbox 319 2984 829 3055; baseline -0.012 -15"><span class='ocrx_word' id='word_1_158' title='bbox 319 2985 365 3055; x_wconf 87' lang='grc' dir='ltr'>ρη’.</span> <span class='ocrx_word' id='word_1_159' title='bbox 386 2988 435 3036; x_wconf 86' lang='grc' dir='ltr'>Τοῦ</span> <span class='ocrx_word' id='word_1_160' title='bbox 455 2989 532 3037; x_wconf 81' lang='grc' dir='ltr'>Δαυίδ</span> <span class='ocrx_word' id='word_1_161' title='bbox 554 2989 628 3054; x_wconf 78' lang='grc' dir='ltr'>[περὶ]</span> <span class='ocrx_word' id='word_1_162' title='bbox 650 2988 694 3045; x_wconf 61' lang='grc' dir='ltr'>τῆς</span> <span class='ocrx_word' id='word_1_163' title='bbox 716 2984 829 3054; x_wconf 81' lang='grc' dir='ltr'>ἱστορίας.</span> 
     </span>
     <span class='ocr_line' id='line_1_25' title="bbox 318 3074 808 3146; baseline -0.004 -20"><span class='ocrx_word' id='word_1_164' title='bbox 318 3075 365 3140; x_wconf 79' lang='grc' dir='ltr'>ξβ’.</span> <span class='ocrx_word' id='word_1_165' title='bbox 385 3077 425 3136; x_wconf 84' lang='grc' dir='ltr'>Είς</span> <span class='ocrx_word' id='word_1_166' title='bbox 445 3075 489 3132; x_wconf 73' lang='grc' dir='ltr'>τὴν</span> <span class='ocrx_word' id='word_1_167' title='bbox 508 3075 597 3146; x_wconf 83' lang='grc' dir='ltr'>ἔρημον</span> <span class='ocrx_word' id='word_1_168' title='bbox 619 3074 703 3146; x_wconf 69' lang='grc' dir='ltr'>φεύγει</span> <span class='ocrx_word' id='word_1_169' title='bbox 723 3075 808 3126; x_wconf 85' lang='grc' dir='ltr'>Δαυὶδ.</span> 
     </span>
    </p>
   </div>
   <div class='ocr_carea' id='block_1_9' title="bbox 256 3252 1004 3418">
    <p class='ocr_par' dir='ltr' id='par_1_10' title="bbox 256 3252 1004 3418">
     <span class='ocr_line' id='line_1_26' title="bbox 290 3252 1003 3326; baseline -0.007 -12"><span class='ocrx_word' id='word_1_170' title='bbox 290 3255 339 3314; x_wconf 86' lang='lat' dir='ltr'>XI.</span> <span class='ocrx_word' id='word_1_171' title='bbox 358 3252 402 3310; x_wconf 70' lang='lat' dir='ltr'><strong>ni</strong></span> <span class='ocrx_word' id='word_1_172' title='bbox 420 3257 485 3312; x_wconf 80' lang='lat' dir='ltr'><strong>Vnt.</strong></span> <span class='ocrx_word' id='word_1_173' title='bbox 504 3253 574 3326; x_wconf 76' lang='grc'>342,</span> <span class='ocrx_word' id='word_1_174' title='bbox 589 3255 610 3311; x_wconf 87' lang='lat' dir='ltr'><strong>i.</strong></span> <span class='ocrx_word' id='word_1_175' title='bbox 634 3253 676 3310; x_wconf 86' lang='lat'>15.</span> <span class='ocrx_word' id='word_1_176' title='bbox 690 3255 836 3310; x_wconf 77' lang='lat' dir='ltr'><strong>Pertinere</strong></span> <span class='ocrx_word' id='word_1_177' title='bbox 854 3253 907 3310; x_wconf 84' lang='lat' dir='ltr'>hee</span> <span class='ocrx_word' id='word_1_178' title='bbox 926 3253 1003 3309; x_wconf 82' lang='lat' dir='ltr'><strong>vide·</strong></span> 
     </span>
     <span class='ocr_line' id='line_1_27' title="bbox 256 3343 1004 3418; baseline 0.001 -20"><span class='ocrx_word' id='word_1_179' title='bbox 256 3347 302 3400; x_wconf 83' lang='lat' dir='ltr'>tun</span> <span class='ocrx_word' id='word_1_180' title='bbox 314 3345 349 3400; x_wconf 85' lang='lat' dir='ltr'>ad</span> <span class='ocrx_word' id='word_1_181' title='bbox 360 3345 506 3418; x_wconf 74' lang='lat' dir='ltr'><strong>superiore</strong></span> <span class='ocrx_word' id='word_1_182' title='bbox 519 3344 671 3414; x_wconf 74' lang='lat' dir='ltr'><strong>schemata,</strong></span> <span class='ocrx_word' id='word_1_183' title='bbox 685 3359 717 3400; x_wconf 83' lang='lat' dir='ltr'>ne</span> <span class='ocrx_word' id='word_1_184' title='bbox 729 3343 794 3400; x_wconf 84' lang='lat' dir='ltr'><strong>dete</strong></span> <span class='ocrx_word' id='word_1_185' title='bbox 813 3343 942 3414; x_wconf 85' lang='lat' dir='ltr'><strong>coneilio,</strong></span> <span class='ocrx_word' id='word_1_186' title='bbox 958 3359 1004 3399; x_wconf 82' lang='lat' dir='ltr'><strong>re·</strong></span> 
     </span>
    </p>
   </div>
   <div class='ocr_carea' id='block_1_10' title="bbox 1058 1902 1807 2790">
    <p class='ocr_par' dir='ltr' id='par_1_11' title="bbox 1058 1902 1807 2790">
     <span class='ocr_line' id='line_1_28' title="bbox 1098 1902 1608 1976; baseline -0.002 -20"><span class='ocrx_word' id='word_1_187' title='bbox 1098 1904 1165 1976; x_wconf 89' lang='grc' dir='ltr'>ρμα’.</span> <span class='ocrx_word' id='word_1_188' title='bbox 1185 1902 1225 1954; x_wconf 85' lang='grc' dir='ltr'>Ἐν</span> <span class='ocrx_word' id='word_1_189' title='bbox 1245 1905 1280 1974; x_wconf 75' lang='grc' dir='ltr'>τῷ</span> <span class='ocrx_word' id='word_1_190' title='bbox 1300 1903 1417 1974; x_wconf 79' lang='grc' dir='ltr'>σπηλαίῳ</span> <span class='ocrx_word' id='word_1_191' title='bbox 1437 1905 1608 1974; x_wconf 77' lang='grc' dir='ltr'>προσεύχεται</span> 
     </span>
     <span class='ocr_line' id='line_1_29' title="bbox 1121 1989 1622 2065; baseline 0.002 -22"><span class='ocrx_word' id='word_1_192' title='bbox 1121 1993 1166 2065; x_wconf 70' lang='grc' dir='ltr'>ιγ’.</span> <span class='ocrx_word' id='word_1_193' title='bbox 1187 1995 1220 2044; x_wconf 89' lang='lat' dir='ltr'><strong>0i</strong></span> <span class='ocrx_word' id='word_1_194' title='bbox 1239 1996 1338 2063; x_wconf 79' lang='grc' dir='ltr'>Ζιφαῒοι</span> <span class='ocrx_word' id='word_1_195' title='bbox 1357 1989 1518 2048; x_wconf 60' lang='lat' dir='ltr'><strong>ementitum</strong></span> <span class='ocrx_word' id='word_1_196' title='bbox 1539 1994 1622 2046; x_wconf 85' lang='grc' dir='ltr'>Δαυίδ.</span> 
     </span>
     <span class='ocr_line' id='line_1_30' title="bbox 1111 2083 1533 2154; baseline 0 -20"><span class='ocrx_word' id='word_1_197' title='bbox 1111 2083 1167 2154; x_wconf 85' lang='grc' dir='ltr'>ρλθ’.</span> <span class='ocrx_word' id='word_1_198' title='bbox 1188 2085 1238 2135; x_wconf 86' lang='grc' dir='ltr'>Τοῦ</span> <span class='ocrx_word' id='word_1_199' title='bbox 1258 2085 1335 2135; x_wconf 84' lang='grc' dir='ltr'>Δαυὶδ</span> <span class='ocrx_word' id='word_1_200' title='bbox 1354 2086 1398 2143; x_wconf 78' lang='grc' dir='ltr'>τῆς</span> <span class='ocrx_word' id='word_1_201' title='bbox 1419 2085 1533 2154; x_wconf 85' lang='grc' dir='ltr'>ἱστορίας.</span> 
     </span>
     <span class='ocr_line' id='line_1_31' title="bbox 1128 2155 1621 2244; baseline 0.006 -20"><span class='ocrx_word' id='word_1_202' title='bbox 1128 2173 1168 2226; x_wconf 83' lang='grc' dir='ltr'>νε’.</span> <span class='ocrx_word' id='word_1_203' title='bbox 1188 2177 1221 2226; x_wconf 91' lang='grc' dir='ltr'>Οί</span> <span class='ocrx_word' id='word_1_204' title='bbox 1241 2155 1439 2244; x_wconf 61' lang='lat' dir='ltr'><strong>&amp;indesinentia</strong></span> <span class='ocrx_word' id='word_1_205' title='bbox 1458 2175 1480 2228; x_wconf 90' lang='grc' dir='ltr'>ἐν</span> <span class='ocrx_word' id='word_1_206' title='bbox 1501 2176 1541 2227; x_wconf 78' lang='lat' dir='ltr'>ite</span> <span class='ocrx_word' id='word_1_207' title='bbox 1561 2175 1621 2227; x_wconf 86' lang='grc' dir='ltr'>ἐστί.</span> 
     </span>
     <span class='ocr_line' id='line_1_32' title="bbox 1128 2262 1490 2316; baseline 0 -3"><span class='ocrx_word' id='word_1_208' title='bbox 1128 2262 1170 2314; x_wconf 89' lang='grc' dir='ltr'>νθ’.</span> <span class='ocrx_word' id='word_1_209' title='bbox 1190 2265 1261 2314; x_wconf 81' lang='grc' dir='ltr'>Μετὰ</span> <span class='ocrx_word' id='word_1_210' title='bbox 1279 2265 1382 2314; x_wconf 81' lang='grc' dir='ltr'>θάνατον</span> <span class='ocrx_word' id='word_1_211' title='bbox 1402 2263 1490 2316; x_wconf 85' lang='grc' dir='ltr'>Σαούλ.</span> 
     </span>
     <span class='ocr_line' id='line_1_33' title="bbox 1140 2349 1807 2428; baseline 0.012 -25"><span class='ocrx_word' id='word_1_212' title='bbox 1140 2352 1169 2402; x_wconf 89' lang='grc' dir='ltr'>ν’.</span> <span class='ocrx_word' id='word_1_213' title='bbox 1185 2354 1248 2420; x_wconf 26' lang='grc' dir='ltr'>Ὀιτε</span> <span class='ocrx_word' id='word_1_214' title='bbox 1259 2349 1331 2404; x_wconf 62' lang='lat' dir='ltr'><strong>item</strong></span> <span class='ocrx_word' id='word_1_215' title='bbox 1346 2357 1406 2423; x_wconf 77' lang='grc' dir='ltr'>πρός</span> <span class='ocrx_word' id='word_1_216' title='bbox 1419 2353 1491 2407; x_wconf 74' lang='grc' dir='ltr'>αὐτὸν</span> <span class='ocrx_word' id='word_1_217' title='bbox 1503 2357 1585 2406; x_wconf 86' lang='grc' dir='ltr'>Ναθὰν</span> <span class='ocrx_word' id='word_1_218' title='bbox 1599 2356 1610 2407; x_wconf 84' lang='grc' dir='ltr'>ἐ</span> <span class='ocrx_word' id='word_1_219' title='bbox 1623 2359 1754 2428; x_wconf 72' lang='grc' dir='ltr'>προφήτης</span> <span class='ocrx_word' id='word_1_220' title='bbox 1767 2361 1807 2411; x_wconf 76' lang='grc' dir='ltr'>διὰ</span> 
     </span>
     <span class='ocr_line' id='line_1_34' title="bbox 1058 2443 1281 2512; baseline 0 -18"><span class='ocrx_word' id='word_1_221' title='bbox 1058 2443 1102 2499; x_wconf 71' lang='grc' dir='ltr'>τὴν</span> <span class='ocrx_word' id='word_1_222' title='bbox 1121 2445 1164 2494; x_wconf 91' lang='grc' dir='ltr'>τοῦ</span> <span class='ocrx_word' id='word_1_223' title='bbox 1184 2443 1281 2512; x_wconf 84' lang='grc' dir='ltr'>Οὐρίου.</span> 
     </span>
     <span class='ocr_line' id='line_1_35' title="bbox 1130 2533 1593 2604; baseline 0.004 -19"><span class='ocrx_word' id='word_1_224' title='bbox 1130 2533 1167 2594; x_wconf 79' lang='grc' dir='ltr'>ιζ’.</span> <span class='ocrx_word' id='word_1_225' title='bbox 1187 2537 1229 2603; x_wconf 78' lang='grc' dir='ltr'>Τῷ</span> <span class='ocrx_word' id='word_1_226' title='bbox 1249 2537 1319 2586; x_wconf 83' lang='grc' dir='ltr'>παιδὶ</span> <span class='ocrx_word' id='word_1_227' title='bbox 1341 2535 1434 2603; x_wconf 82' lang='grc' dir='ltr'>Κυρίου</span> <span class='ocrx_word' id='word_1_228' title='bbox 1452 2535 1488 2604; x_wconf 76' lang='grc' dir='ltr'>τῷ</span> <span class='ocrx_word' id='word_1_229' title='bbox 1508 2536 1593 2587; x_wconf 82' lang='grc' dir='ltr'>Δαυίῦ.</span> 
     </span>
     <span class='ocr_line' id='line_1_36' title="bbox 1138 2624 1726 2697; baseline 0.01 -22"><span class='ocrx_word' id='word_1_230' title='bbox 1138 2625 1166 2686; x_wconf 82' lang='grc' dir='ltr'>ζ’.</span> <span class='ocrx_word' id='word_1_231' title='bbox 1181 2626 1260 2696; x_wconf 76' lang='grc' dir='ltr'>’Υπέρ</span> <span class='ocrx_word' id='word_1_232' title='bbox 1279 2627 1327 2676; x_wconf 76' lang='grc' dir='ltr'>τῶν</span> <span class='ocrx_word' id='word_1_233' title='bbox 1346 2625 1427 2697; x_wconf 85' lang='grc' dir='ltr'>λόγων</span> <span class='ocrx_word' id='word_1_234' title='bbox 1446 2628 1522 2679; x_wconf 84' lang='grc' dir='ltr'>Χουσί</span> <span class='ocrx_word' id='word_1_235' title='bbox 1541 2630 1583 2678; x_wconf 85' lang='grc' dir='ltr'>τοῦ</span> <span class='ocrx_word' id='word_1_236' title='bbox 1603 2624 1726 2697; x_wconf 80' lang='grc' dir='ltr'>Ἐμμενεί.</span> 
     </span>
     <span class='ocr_line' id='line_1_37' title="bbox 1133 2715 1807 2790; baseline 0.01 -25"><span class='ocrx_word' id='word_1_237' title='bbox 1133 2716 1165 2790; x_wconf 67' lang='grc' dir='ltr'>γ’.</span> <span class='ocrx_word' id='word_1_238' title='bbox 1181 2716 1247 2767; x_wconf 75' lang='grc' dir='ltr'>Ὀτι</span> <span class='ocrx_word' id='word_1_239' title='bbox 1266 2716 1444 2784; x_wconf 69' lang='grc' dir='ltr'>ἀπεδίδρασκεν</span> <span class='ocrx_word' id='word_1_240' title='bbox 1464 2717 1513 2769; x_wconf 74' lang='lat' dir='ltr'><strong>&amp;ist</strong></span> <span class='ocrx_word' id='word_1_241' title='bbox 1532 2716 1665 2787; x_wconf 75' lang='grc' dir='ltr'>προσώπου</span> <span class='ocrx_word' id='word_1_242' title='bbox 1685 2715 1807 2772; x_wconf 63' lang='lat' dir='ltr'><strong>&#39;tienne-</strong></span> 
     </span>
    </p>
   </div>
   <div class='ocr_carea' id='block_1_11' title="bbox 1057 2801 1348 2875">
    <p class='ocr_par' dir='ltr' id='par_1_12' title="bbox 1057 2801 1348 2875">
     <span class='ocr_line' id='line_1_38' title="bbox 1057 2801 1348 2875; baseline -0.01 -20"><span class='ocrx_word' id='word_1_243' title='bbox 1057 2809 1115 2875; x_wconf 84' lang='grc' dir='ltr'>λὼμ</span> <span class='ocrx_word' id='word_1_244' title='bbox 1133 2807 1176 2856; x_wconf 87' lang='grc' dir='ltr'>τοῦ</span> <span class='ocrx_word' id='word_1_245' title='bbox 1195 2805 1247 2855; x_wconf 88' lang='grc' dir='ltr'>υἱοῦ</span> <span class='ocrx_word' id='word_1_246' title='bbox 1266 2801 1348 2855; x_wconf 80' lang='grc' dir='ltr'>αὑτοῦ.</span> 
     </span>
    </p>
   </div>
   <div class='ocr_carea' id='block_1_12' title="bbox 1058 2891 1806 3144">
    <p class='ocr_par' dir='ltr' id='par_1_13' title="bbox 1058 2891 1806 3144">
     <span class='ocr_line' id='line_1_39' title="bbox 1100 2891 1806 2970; baseline 0.013 -26"><span class='ocrx_word' id='word_1_247' title='bbox 1100 2891 1165 2966; x_wconf 81' lang='grc' dir='ltr'>ρμῦ’.</span> <span class='ocrx_word' id='word_1_248' title='bbox 1181 2894 1230 2954; x_wconf 74' lang='grc' dir='ltr'>Ὠς</span> <span class='ocrx_word' id='word_1_249' title='bbox 1255 2895 1403 2946; x_wconf 82' lang='grc' dir='ltr'>κατεδίωκεν</span> <span class='ocrx_word' id='word_1_250' title='bbox 1429 2893 1502 2948; x_wconf 84' lang='grc' dir='ltr'>αύτδν</span> <span class='ocrx_word' id='word_1_251' title='bbox 1526 2891 1693 2970; x_wconf 75' lang='grc' dir='ltr'>Ἀύεσσοιλὼμ</span> <span class='ocrx_word' id='word_1_252' title='bbox 1720 2901 1732 2952; x_wconf 86' lang='grc' dir='ltr'>θ</span> <span class='ocrx_word' id='word_1_253' title='bbox 1755 2903 1806 2962; x_wconf 84' lang='grc' dir='ltr'>υίὸς</span> 
     </span>
     <span class='ocr_line' id='line_1_40' title="bbox 1058 2981 1139 3035; baseline -0.037 0"><span class='ocrx_word' id='word_1_254' title='bbox 1058 2981 1139 3035; x_wconf 82' lang='grc' dir='ltr'>αύτού.</span> 
     </span>
     <span class='ocr_line' id='line_1_41' title="bbox 1100 3061 1487 3144; baseline 0.01 -21"><span class='ocrx_word' id='word_1_255' title='bbox 1100 3072 1167 3143; x_wconf 91' lang='grc' dir='ltr'>ρμα’.</span> <span class='ocrx_word' id='word_1_256' title='bbox 1188 3072 1281 3135; x_wconf 80' lang='grc' dir='ltr'>Αίνεσις</span> <span class='ocrx_word' id='word_1_257' title='bbox 1301 3073 1337 3144; x_wconf 75' lang='grc' dir='ltr'>τῷ</span> <span class='ocrx_word' id='word_1_258' title='bbox 1357 3074 1442 3126; x_wconf 85' lang='grc' dir='ltr'>Δαυίδ.</span> <span class='ocrx_word' id='word_1_259' title='bbox 1483 3061 1487 3072; x_wconf 55' lang='grc'>’</span> 
     </span>
    </p>
   </div>
   <div class='ocr_carea' id='block_1_13' title="bbox 1057 3251 1803 3401">
    <p class='ocr_par' dir='ltr' id='par_1_14' title="bbox 1057 3251 1803 3401">
     <span class='ocr_line' id='line_1_42' title="bbox 1057 3251 1803 3318; baseline 0.016 -11"><span class='ocrx_word' id='word_1_260' title='bbox 1057 3251 1158 3309; x_wconf 86' lang='lat' dir='ltr'><strong>tulisse</strong></span> <span class='ocrx_word' id='word_1_261' title='bbox 1183 3253 1243 3308; x_wconf 84' lang='lat' dir='ltr'><strong>iere</strong></span> <span class='ocrx_word' id='word_1_262' title='bbox 1260 3256 1434 3310; x_wconf 73' lang='lat' dir='ltr'><strong>constantem</strong></span> <span class='ocrx_word' id='word_1_263' title='bbox 1453 3253 1615 3312; x_wconf 74' lang='lat' dir='ltr'><strong>historicam</strong></span> <span class='ocrx_word' id='word_1_264' title='bbox 1637 3259 1738 3316; x_wconf 79' lang='lat' dir='ltr'><strong>seriem</strong></span> <span class='ocrx_word' id='word_1_265' title='bbox 1758 3279 1803 3318; x_wconf 80' lang='lat' dir='ltr'>ne·</span> 
     </span>
     <span class='ocr_line' id='line_1_43' title="bbox 1058 3344 1341 3401; baseline 0.011 -3"><span class='ocrx_word' id='word_1_266' title='bbox 1058 3361 1119 3398; x_wconf 85' lang='lat' dir='ltr'>rum</span> <span class='ocrx_word' id='word_1_267' title='bbox 1138 3344 1341 3401; x_wconf 79' lang='lat' dir='ltr'><strong>Devidieerum.</strong></span> 
     </span>
    </p>
   </div>
   <div class='ocr_carea' id='block_1_14' title="bbox 988 3571 1071 3646">
    <p class='ocr_par' dir='ltr' id='par_1_15' title="bbox 988 3571 1071 3646">
     <span class='ocr_line' id='line_1_44' title="bbox 988 3571 1071 3646; baseline -0.024 0"><span class='ocrx_word' id='word_1_268' title='bbox 988 3571 1071 3646; x_wconf 91' lang='lat' dir='ltr'><strong>XII.</strong></span> 
     </span>
    </p>
   </div>
   <div class='ocr_carea' id='block_1_15' title="bbox 809 3747 1251 3832">
    <p class='ocr_par' dir='ltr' id='par_1_16' title="bbox 809 3747 1251 3832">
     <span class='ocr_line' id='line_1_45' title="bbox 809 3747 1251 3832; baseline 0 -21"><span class='ocrx_word' id='word_1_269' title='bbox 809 3747 1004 3830; x_wconf 79' lang='grc' dir='ltr'>Ερίρεοωιησ</span> <span class='ocrx_word' id='word_1_270' title='bbox 1024 3750 1053 3812; x_wconf 80' lang='lat' dir='ltr'>in</span> <span class='ocrx_word' id='word_1_271' title='bbox 1072 3748 1251 3832; x_wconf 77' lang='lat' dir='ltr'>psalterium.</span> 
     </span>
    </p>
   </div>
   <div class='ocr_carea' id='block_1_16' title="bbox 249 3935 886 4636">
    <p class='ocr_par' dir='ltr' id='par_1_17' title="bbox 249 3935 886 4636">
     <span class='ocr_line' id='line_1_46' title="bbox 289 3935 886 4010; baseline -0.005 -18"><span class='ocrx_word' id='word_1_272' title='bbox 289 3941 378 3993; x_wconf 76' lang='grc' dir='ltr'>Ἀκουι</span> <span class='ocrx_word' id='word_1_273' title='bbox 399 3941 484 4004; x_wconf 80' lang='grc' dir='ltr'>Δαυίδ,</span> <span class='ocrx_word' id='word_1_274' title='bbox 504 3939 546 3989; x_wconf 87' lang='grc' dir='ltr'>τοῦ</span> <span class='ocrx_word' id='word_1_275' title='bbox 566 3935 626 4007; x_wconf 83' lang='grc' dir='ltr'>παρ’</span> <span class='ocrx_word' id='word_1_276' title='bbox 644 3939 704 4007; x_wconf 75' lang='grc' dir='ltr'>ἠμῖν</span> <span class='ocrx_word' id='word_1_277' title='bbox 723 3935 838 4010; x_wconf 77' lang='grc' dir='ltr'>Ὀρφέως</span> <span class='ocrx_word' id='word_1_278' title='bbox 853 3937 886 4004; x_wconf 71' lang='lat' dir='ltr'><strong>li·</strong></span> 
     </span>
     <span class='ocr_line' id='line_1_47' title="bbox 254 4030 760 4103; baseline -0.008 -20"><span class='ocrx_word' id='word_1_279' title='bbox 254 4033 391 4103; x_wconf 60' lang='grc' dir='ltr'>Φόρμιν-μα</span> <span class='ocrx_word' id='word_1_280' title='bbox 409 4033 473 4081; x_wconf 79' lang='grc' dir='ltr'>κινεῖ</span> <span class='ocrx_word' id='word_1_281' title='bbox 488 4031 609 4098; x_wconf 70' lang='grc' dir='ltr'>μυστικῆς</span> <span class='ocrx_word' id='word_1_282' title='bbox 629 4030 760 4098; x_wconf 85' lang='grc' dir='ltr'>μελωδίοις·</span> 
     </span>
     <span class='ocr_line' id='line_1_48' title="bbox 254 4120 749 4194; baseline -0.014 -19"><span class='ocrx_word' id='word_1_283' title='bbox 254 4127 330 4194; x_wconf 75' lang='grc' dir='ltr'>Σιγᾶν</span> <span class='ocrx_word' id='word_1_284' title='bbox 350 4124 375 4173; x_wconf 86' lang='grc' dir='ltr'>δέ</span> <span class='ocrx_word' id='word_1_285' title='bbox 395 4120 494 4172; x_wconf 80' lang='grc' dir='ltr'>ποιείτω</span> <span class='ocrx_word' id='word_1_286' title='bbox 514 4122 598 4171; x_wconf 77' lang='grc' dir='ltr'>παθῶν</span> <span class='ocrx_word' id='word_1_287' title='bbox 619 4124 650 4170; x_wconf 79' lang='grc' dir='ltr'>τὰ</span> <span class='ocrx_word' id='word_1_288' title='bbox 668 4120 749 4189; x_wconf 87' lang='grc' dir='ltr'>θηρία,</span> 
     </span>
     <span class='ocr_line' id='line_1_49' title="bbox 249 4208 804 4281; baseline -0.007 -19"><span class='ocrx_word' id='word_1_289' title='bbox 249 4211 314 4262; x_wconf 70' lang='lat' dir='ltr'><strong>“Ore</strong></span> <span class='ocrx_word' id='word_1_290' title='bbox 333 4213 457 4281; x_wconf 77' lang='grc' dir='ltr'>σφαλεῒσα</span> <span class='ocrx_word' id='word_1_291' title='bbox 474 4211 519 4261; x_wconf 87' lang='grc' dir='ltr'>τοῦ</span> <span class='ocrx_word' id='word_1_292' title='bbox 538 4208 670 4278; x_wconf 73' lang='grc' dir='ltr'>πρέποντος</span> <span class='ocrx_word' id='word_1_293' title='bbox 689 4209 704 4263; x_wconf 75' lang='grc' dir='ltr'>ἣ</span> <span class='ocrx_word' id='word_1_294' title='bbox 726 4209 804 4278; x_wconf 80' lang='grc' dir='ltr'>φύσις,</span> 
     </span>
     <span class='ocr_line' id='line_1_50' title="bbox 253 4296 772 4369; baseline -0.012 -17"><span class='ocrx_word' id='word_1_295' title='bbox 253 4303 316 4369; x_wconf 75' lang='grc' dir='ltr'>Πρός</span> <span class='ocrx_word' id='word_1_296' title='bbox 335 4297 460 4369; x_wconf 78' lang='grc' dir='ltr'>θηριώδεις</span> <span class='ocrx_word' id='word_1_297' title='bbox 480 4296 591 4366; x_wconf 71' lang='grc' dir='ltr'>ἐκτρέπει</span> <span class='ocrx_word' id='word_1_298' title='bbox 609 4298 772 4366; x_wconf 74' lang='grc' dir='ltr'>δυσμορφίας</span> 
     </span>
     <span class='ocr_line' id='line_1_51' title="bbox 254 4386 807 4460; baseline -0.005 -18"><span class='ocrx_word' id='word_1_299' title='bbox 254 4395 302 4443; x_wconf 88' lang='grc' dir='ltr'>Τοῦ</span> <span class='ocrx_word' id='word_1_300' title='bbox 321 4389 463 4460; x_wconf 83' lang='grc' dir='ltr'>Πνεύματος</span> <span class='ocrx_word' id='word_1_301' title='bbox 483 4394 515 4440; x_wconf 80' lang='grc' dir='ltr'>τὰ</span> <span class='ocrx_word' id='word_1_302' title='bbox 533 4391 586 4439; x_wconf 78' lang='grc' dir='ltr'>θεῖσι</span> <span class='ocrx_word' id='word_1_303' title='bbox 605 4387 666 4448; x_wconf 85' lang='grc' dir='ltr'>τόξα</span> <span class='ocrx_word' id='word_1_304' title='bbox 684 4393 727 4438; x_wconf 78' lang='grc' dir='ltr'>καὶ</span> <span class='ocrx_word' id='word_1_305' title='bbox 747 4386 807 4450; x_wconf 74' lang='grc' dir='ltr'>βιλη</span> 
     </span>
     <span class='ocr_line' id='line_1_52' title="bbox 254 4475 796 4546; baseline -0.009 -16"><span class='ocrx_word' id='word_1_306' title='bbox 254 4481 340 4539; x_wconf 88' lang='grc' dir='ltr'>Τείνας</span> <span class='ocrx_word' id='word_1_307' title='bbox 360 4479 372 4528; x_wconf 89' lang='grc' dir='ltr'><strong>ὁ</strong></span> <span class='ocrx_word' id='word_1_308' title='bbox 393 4481 469 4529; x_wconf 73' lang='grc' dir='ltr'>Δαυίδ</span> <span class='ocrx_word' id='word_1_309' title='bbox 490 4476 668 4546; x_wconf 56' lang='lat' dir='ltr'><strong>temenitis</strong></span> <span class='ocrx_word' id='word_1_310' title='bbox 683 4475 707 4546; x_wconf 65' lang='grc' dir='ltr'>Β)</span> <span class='ocrx_word' id='word_1_311' title='bbox 725 4476 796 4546; x_wconf 79' lang='grc' dir='ltr'>λύρᾳ,</span> 
     </span>
     <span class='ocr_line' id='line_1_53' title="bbox 251 4563 825 4636; baseline -0.01 -14"><span class='ocrx_word' id='word_1_312' title='bbox 251 4567 367 4622; x_wconf 83' lang='grc' dir='ltr'>Ἀπασαν</span> <span class='ocrx_word' id='word_1_313' title='bbox 387 4569 460 4628; x_wconf 87' lang='grc' dir='ltr'>ὄντως</span> <span class='ocrx_word' id='word_1_314' title='bbox 480 4563 620 4636; x_wconf 75' lang='grc' dir='ltr'>προσόολην</span> <span class='ocrx_word' id='word_1_315' title='bbox 640 4567 684 4636; x_wconf 83' lang='grc' dir='ltr'>μίν</span> <span class='ocrx_word' id='word_1_316' title='bbox 704 4565 825 4636; x_wconf 79' lang='grc' dir='ltr'>δαιμόνων</span> 
     </span>
    </p>
   </div>
   <div class='ocr_carea' id='block_1_17' title="bbox 252 4723 1006 5346">
    <p class='ocr_par' dir='ltr' id='par_1_18' title="bbox 253 4723 1006 5066">
     <span class='ocr_line' id='line_1_54' title="bbox 287 4723 1005 4797; baseline -0.001 -13"><span class='ocrx_word' id='word_1_317' title='bbox 287 4731 347 4786; x_wconf 86' lang='lat' dir='ltr'><strong>XII.</strong></span> <span class='ocrx_word' id='word_1_318' title='bbox 367 4727 410 4782; x_wconf 88' lang='lat' dir='ltr'>Ex</span> <span class='ocrx_word' id='word_1_319' title='bbox 428 4730 493 4785; x_wconf 79' lang='lat' dir='ltr'><strong>vet.</strong></span> <span class='ocrx_word' id='word_1_320' title='bbox 514 4725 559 4797; x_wconf 82' lang='lat' dir='ltr'>It,</span> <span class='ocrx_word' id='word_1_321' title='bbox 577 4726 722 4782; x_wconf 80' lang='lat' dir='ltr'><strong>BerberIn.</strong></span> <span class='ocrx_word' id='word_1_322' title='bbox 742 4742 784 4794; x_wconf 86' lang='grc' dir='ltr'>ιιι,</span> <span class='ocrx_word' id='word_1_323' title='bbox 803 4725 850 4795; x_wconf 84' lang='grc'>59,</span> <span class='ocrx_word' id='word_1_324' title='bbox 870 4727 890 4783; x_wconf 89' lang='lat' dir='ltr'><strong>i.</strong></span> <span class='ocrx_word' id='word_1_325' title='bbox 912 4723 955 4794; x_wconf 84' lang='lat' dir='ltr'>ii,</span> <span class='ocrx_word' id='word_1_326' title='bbox 975 4729 1005 4786; x_wconf 86' lang='lat' dir='ltr'>in</span> 
     </span>
     <span class='ocr_line' id='line_1_55' title="bbox 253 4814 1006 4893; baseline 0 -19"><span class='ocrx_word' id='word_1_327' title='bbox 253 4837 306 4893; x_wconf 87' lang='lat' dir='ltr'>quo</span> <span class='ocrx_word' id='word_1_328' title='bbox 322 4817 422 4874; x_wconf 86' lang='lat' dir='ltr'><strong>titulus</strong></span> <span class='ocrx_word' id='word_1_329' title='bbox 434 4822 477 4872; x_wconf 87' lang='lat' dir='ltr'>est</span> <span class='ocrx_word' id='word_1_330' title='bbox 488 4814 599 4887; x_wconf 76' lang='grc' dir='ltr'>Ἰαμῦοι,</span> <span class='ocrx_word' id='word_1_331' title='bbox 613 4820 642 4872; x_wconf 88' lang='lat' dir='ltr'>et</span> <span class='ocrx_word' id='word_1_332' title='bbox 654 4817 766 4873; x_wconf 85' lang='lat' dir='ltr'><strong>initium</strong></span> <span class='ocrx_word' id='word_1_333' title='bbox 780 4834 797 4870; x_wconf 85' lang='lat' dir='ltr'>a</span> <span class='ocrx_word' id='word_1_334' title='bbox 809 4835 835 4872; x_wconf 84' lang='lat' dir='ltr'>v.</span> <span class='ocrx_word' id='word_1_335' title='bbox 849 4817 876 4872; x_wconf 86' lang='grc' dir='ltr'>θ.</span> <span class='ocrx_word' id='word_1_336' title='bbox 887 4844 923 4860; x_wconf 91' lang='grc'><strong>-</strong></span> <span class='ocrx_word' id='word_1_337' title='bbox 932 4820 1006 4874; x_wconf 84' lang='grc' dir='ltr'>Νου·</span> 
     </span>
     <span class='ocr_line' id='line_1_56' title="bbox 253 4905 1002 4966; baseline 0.007 -6"><span class='ocrx_word' id='word_1_338' title='bbox 253 4906 332 4961; x_wconf 79' lang='lat' dir='ltr'><strong>nulla</strong></span> <span class='ocrx_word' id='word_1_339' title='bbox 351 4905 474 4962; x_wconf 83' lang='lat' dir='ltr'><strong>Ailetius</strong></span> <span class='ocrx_word' id='word_1_340' title='bbox 493 4905 570 4960; x_wconf 85' lang='lat' dir='ltr'><strong>dedit</strong></span> <span class='ocrx_word' id='word_1_341' title='bbox 594 4906 623 4959; x_wconf 91' lang='lat' dir='ltr'>in</span> <span class='ocrx_word' id='word_1_342' title='bbox 650 4905 725 4960; x_wconf 82' lang='lat' dir='ltr'><strong>Dies.</strong></span> <span class='ocrx_word' id='word_1_343' title='bbox 750 4921 759 4960; x_wconf 95' lang='lat' dir='ltr'><strong>i</strong></span> <span class='ocrx_word' id='word_1_344' title='bbox 784 4905 819 4961; x_wconf 79' lang='lat' dir='ltr'><strong>de</strong></span> <span class='ocrx_word' id='word_1_345' title='bbox 844 4906 909 4962; x_wconf 82' lang='lat' dir='ltr'><strong>libr.</strong></span> <span class='ocrx_word' id='word_1_346' title='bbox 937 4910 1002 4966; x_wconf 81' lang='lat' dir='ltr'><strong>eccl.</strong></span> 
     </span>
     <span class='ocr_line' id='line_1_57' title="bbox 255 4993 467 5066; baseline 0.005 -18"><span class='ocrx_word' id='word_1_347' title='bbox 255 4994 353 5050; x_wconf 81' lang='lat' dir='ltr'><strong>Graec.</strong></span> <span class='ocrx_word' id='word_1_348' title='bbox 372 5014 401 5066; x_wconf 90' lang='lat' dir='ltr'>p.</span> <span class='ocrx_word' id='word_1_349' title='bbox 421 4993 467 5049; x_wconf 89' lang='grc'>63.</span> 
     </span>
    </p>

    <p class='ocr_par' dir='ltr' id='par_1_19' title="bbox 252 5083 1003 5232">
     <span class='ocr_line' id='line_1_58' title="bbox 291 5083 1003 5156; baseline 0.001 -17"><span class='ocrx_word' id='word_1_350' title='bbox 291 5083 314 5156; x_wconf 82' lang='grc'>1)</span> <span class='ocrx_word' id='word_1_351' title='bbox 334 5086 375 5139; x_wconf 80' lang='lat' dir='ltr'>Ab</span> <span class='ocrx_word' id='word_1_352' title='bbox 394 5084 445 5142; x_wconf 90' lang='lat' dir='ltr'>iIIo</span> <span class='ocrx_word' id='word_1_353' title='bbox 465 5085 575 5140; x_wconf 80' lang='lat' dir='ltr'><strong>senario</strong></span> <span class='ocrx_word' id='word_1_354' title='bbox 593 5085 706 5156; x_wconf 83' lang='lat' dir='ltr'><strong>Georgii</strong></span> <span class='ocrx_word' id='word_1_355' title='bbox 727 5084 829 5140; x_wconf 85' lang='lat' dir='ltr'><strong>Pisidae</strong></span> <span class='ocrx_word' id='word_1_356' title='bbox 850 5085 880 5139; x_wconf 84' lang='lat' dir='ltr'>In</span> <span class='ocrx_word' id='word_1_357' title='bbox 893 5085 1003 5141; x_wconf 76' lang='lat' dir='ltr'><strong>Hense·</strong></span> 
     </span>
     <span class='ocr_line' id='line_1_59' title="bbox 252 5175 453 5232; baseline 0.02 -4"><span class='ocrx_word' id='word_1_358' title='bbox 252 5175 453 5232; x_wconf 57' lang='lat' dir='ltr'>mmmm</span> 
     </span>
    </p>

    <p class='ocr_par' dir='ltr' id='par_1_20' title="bbox 323 5268 930 5346">
     <span class='ocr_line' id='line_1_60' title="bbox 323 5268 930 5346; baseline -0.003 -22"><span class='ocrx_word' id='word_1_359' title='bbox 323 5268 356 5324; x_wconf 83' lang='lat' dir='ltr'>‘O</span> <span class='ocrx_word' id='word_1_360' title='bbox 376 5273 416 5331; x_wconf 81' lang='grc' dir='ltr'>σὸς</span> <span class='ocrx_word' id='word_1_361' title='bbox 435 5275 484 5345; x_wconf 67' lang='grc' dir='ltr'>γὰρ</span> <span class='ocrx_word' id='word_1_362' title='bbox 503 5268 609 5344; x_wconf 73' lang='grc' dir='ltr'>Ὀρφεὺς</span> <span class='ocrx_word' id='word_1_363' title='bbox 629 5270 673 5330; x_wconf 71' lang='grc' dir='ltr'>τήν</span> <span class='ocrx_word' id='word_1_364' title='bbox 691 5271 838 5346; x_wconf 67' lang='grc' dir='ltr'>θεόρθογρον</span> <span class='ocrx_word' id='word_1_365' title='bbox 856 5269 930 5344; x_wconf 87' lang='grc' dir='ltr'>λύραν</span> 
     </span>
    </p>
   </div>
   <div class='ocr_carea' id='block_1_18' title="bbox 1057 3939 1801 4646">
    <p class='ocr_par' dir='ltr' id='par_1_21' title="bbox 1057 3939 1801 4646">
     <span class='ocr_line' id='line_1_61' title="bbox 1094 3939 1721 4018; baseline 0.016 -24"><span class='ocrx_word' id='word_1_366' title='bbox 1094 3940 1196 3994; x_wconf 78' lang='lat' dir='ltr'><strong>Aurem</strong></span> <span class='ocrx_word' id='word_1_367' title='bbox 1216 3939 1312 3995; x_wconf 81' lang='lat' dir='ltr'><strong>Devidi</strong></span> <span class='ocrx_word' id='word_1_368' title='bbox 1331 3941 1406 4013; x_wconf 80' lang='lat' dir='ltr'><strong>cede,</strong></span> <span class='ocrx_word' id='word_1_369' title='bbox 1425 3947 1575 4017; x_wconf 79' lang='lat' dir='ltr'><strong>nostroque</strong></span> <span class='ocrx_word' id='word_1_370' title='bbox 1594 3943 1721 4018; x_wconf 77' lang='grc' dir='ltr'>Οιρθεος</span> 
     </span>
     <span class='ocr_line' id='line_1_62' title="bbox 1059 4027 1616 4104; baseline 0.011 -21"><span class='ocrx_word' id='word_1_371' title='bbox 1059 4027 1154 4084; x_wconf 83' lang='lat' dir='ltr'><strong>Movet</strong></span> <span class='ocrx_word' id='word_1_372' title='bbox 1171 4029 1306 4085; x_wconf 72' lang='lat' dir='ltr'><strong>citharam</strong></span> <span class='ocrx_word' id='word_1_373' title='bbox 1324 4033 1452 4104; x_wconf 71' lang='lat' dir='ltr'><strong>mystice</strong></span> <span class='ocrx_word' id='word_1_374' title='bbox 1471 4033 1616 4090; x_wconf 77' lang='lat' dir='ltr'><strong>melodient</strong></span> 
     </span>
     <span class='ocr_line' id='line_1_63' title="bbox 1059 4117 1639 4194; baseline 0.012 -23"><span class='ocrx_word' id='word_1_375' title='bbox 1059 4117 1159 4172; x_wconf 77' lang='lat' dir='ltr'><strong>iubent</strong></span> <span class='ocrx_word' id='word_1_376' title='bbox 1176 4135 1241 4174; x_wconf 82' lang='lat' dir='ltr'><strong>vero</strong></span> <span class='ocrx_word' id='word_1_377' title='bbox 1259 4117 1343 4175; x_wconf 84' lang='lat' dir='ltr'><strong>silere</strong></span> <span class='ocrx_word' id='word_1_378' title='bbox 1361 4120 1535 4194; x_wconf 74' lang='lat' dir='ltr'><strong>voluptatum</strong></span> <span class='ocrx_word' id='word_1_379' title='bbox 1554 4123 1639 4192; x_wconf 80' lang='lat' dir='ltr'><strong>ieras,</strong></span> 
     </span>
     <span class='ocr_line' id='line_1_64' title="bbox 1061 4205 1642 4282; baseline 0.012 -23"><span class='ocrx_word' id='word_1_380' title='bbox 1061 4205 1129 4260; x_wconf 89' lang='lat' dir='ltr'>Cum</span> <span class='ocrx_word' id='word_1_381' title='bbox 1147 4206 1234 4262; x_wconf 82' lang='lat' dir='ltr'><strong>obitts</strong></span> <span class='ocrx_word' id='word_1_382' title='bbox 1251 4224 1363 4263; x_wconf 78' lang='lat' dir='ltr'><strong>servare</strong></span> <span class='ocrx_word' id='word_1_383' title='bbox 1381 4210 1521 4282; x_wconf 79' lang='lat' dir='ltr'><strong>decorum,</strong></span> <span class='ocrx_word' id='word_1_384' title='bbox 1541 4216 1642 4268; x_wconf 74' lang='lat' dir='ltr'><strong>nature</strong></span> 
     </span>
     <span class='ocr_line' id='line_1_65' title="bbox 1058 4294 1578 4357; baseline 0.015 -8"><span class='ocrx_word' id='word_1_385' title='bbox 1058 4294 1172 4351; x_wconf 78' lang='lat' dir='ltr'><strong>incaute</strong></span> <span class='ocrx_word' id='word_1_386' title='bbox 1189 4300 1278 4354; x_wconf 75' lang='lat' dir='ltr'><strong>curtii</strong></span> <span class='ocrx_word' id='word_1_387' title='bbox 1297 4299 1389 4354; x_wconf 78' lang='lat' dir='ltr'><strong>ferina</strong></span> <span class='ocrx_word' id='word_1_388' title='bbox 1406 4301 1436 4355; x_wconf 94' lang='lat' dir='ltr'>in</span> <span class='ocrx_word' id='word_1_389' title='bbox 1454 4302 1578 4357; x_wconf 79' lang='lat' dir='ltr'><strong>seelera:</strong></span> 
     </span>
     <span class='ocr_line' id='line_1_66' title="bbox 1057 4385 1801 4468; baseline 0.012 -28"><span class='ocrx_word' id='word_1_390' title='bbox 1057 4385 1099 4440; x_wconf 86' lang='lat' dir='ltr'><strong>En</strong></span> <span class='ocrx_word' id='word_1_391' title='bbox 1118 4388 1241 4460; x_wconf 74' lang='lat' dir='ltr'><strong>Spiritus</strong></span> <span class='ocrx_word' id='word_1_392' title='bbox 1258 4405 1354 4445; x_wconf 78' lang='lat' dir='ltr'><strong>ereum</strong></span> <span class='ocrx_word' id='word_1_393' title='bbox 1373 4392 1488 4447; x_wconf 88' lang='lat' dir='ltr'><strong>tendens</strong></span> <span class='ocrx_word' id='word_1_394' title='bbox 1506 4396 1683 4468; x_wconf 79' lang='lat' dir='ltr'><strong>sngIttesque</strong></span> <span class='ocrx_word' id='word_1_395' title='bbox 1696 4411 1801 4464; x_wconf 83' lang='grc' dir='ltr'>οοοτιιο,</span> 
     </span>
     <span class='ocr_line' id='line_1_67' title="bbox 1057 4476 1787 4558; baseline 0.011 -28"><span class='ocrx_word' id='word_1_396' title='bbox 1057 4476 1121 4530; x_wconf 85' lang='grc' dir='ltr'>Τίθί</span> <span class='ocrx_word' id='word_1_397' title='bbox 1140 4477 1226 4532; x_wconf 74' lang='lat' dir='ltr'><strong>David</strong></span> <span class='ocrx_word' id='word_1_398' title='bbox 1242 4478 1385 4550; x_wconf 72' lang='lat' dir='ltr'><strong>jaculatur</strong></span> <span class='ocrx_word' id='word_1_399' title='bbox 1402 4482 1460 4536; x_wconf 80' lang='lat' dir='ltr'><strong>eIte</strong></span> <span class='ocrx_word' id='word_1_400' title='bbox 1479 4482 1648 4552; x_wconf 78' lang='lat' dir='ltr'><strong>psalmorum</strong></span> <span class='ocrx_word' id='word_1_401' title='bbox 1667 4486 1697 4540; x_wconf 82' lang='lat' dir='ltr'>In</span> <span class='ocrx_word' id='word_1_402' title='bbox 1715 4484 1787 4558; x_wconf 78' lang='lat' dir='ltr'><strong>lyra,</strong></span> 
     </span>
     <span class='ocr_line' id='line_1_68' title="bbox 1059 4563 1760 4646; baseline 0.016 -28"><span class='ocrx_word' id='word_1_403' title='bbox 1059 4563 1214 4640; x_wconf 87' lang='lat' dir='ltr'><strong>Omnesque</strong></span> <span class='ocrx_word' id='word_1_404' title='bbox 1230 4571 1290 4639; x_wconf 87' lang='lat' dir='ltr'>jam</span> <span class='ocrx_word' id='word_1_405' title='bbox 1308 4587 1445 4625; x_wconf 73' lang='lat' dir='ltr'><strong>saevoeum</strong></span> <span class='ocrx_word' id='word_1_406' title='bbox 1464 4570 1621 4628; x_wconf 76' lang='lat' dir='ltr'><strong>daemonnm</strong></span> <span class='ocrx_word' id='word_1_407' title='bbox 1639 4574 1760 4646; x_wconf 85' lang='lat' dir='ltr'><strong>impetus</strong></span> 
     </span>
    </p>
   </div>
   <div class='ocr_carea' id='block_1_19' title="bbox 1128 4729 1428 4800">
    <p class='ocr_par' dir='ltr' id='par_1_22' title="bbox 1128 4729 1428 4800">
     <span class='ocr_line' id='line_1_69' title="bbox 1128 4729 1428 4800; baseline 0.013 -20"><span class='ocrx_word' id='word_1_408' title='bbox 1128 4729 1227 4800; x_wconf 85' lang='grc' dir='ltr'>Χρούων</span> <span class='ocrx_word' id='word_1_409' title='bbox 1248 4731 1259 4782; x_wconf 86' lang='grc' dir='ltr'>ό</span> <span class='ocrx_word' id='word_1_410' title='bbox 1278 4735 1355 4786; x_wconf 83' lang='grc' dir='ltr'>Δαυίδ</span> <span class='ocrx_word' id='word_1_411' title='bbox 1373 4739 1428 4784; x_wconf 86' lang='grc' dir='ltr'>κτλ.</span> 
     </span>
    </p>
   </div>
   <div class='ocr_carea' id='block_1_20' title="bbox 1057 4820 1806 5346">
    <p class='ocr_par' dir='ltr' id='par_1_23' title="bbox 1057 4820 1806 5346">
     <span class='ocr_line' id='line_1_70' title="bbox 1057 4820 1803 4899; baseline 0.012 -26"><span class='ocrx_word' id='word_1_412' title='bbox 1057 4820 1159 4874; x_wconf 78' lang='lat' dir='ltr'><strong>mirum</strong></span> <span class='ocrx_word' id='word_1_413' title='bbox 1171 4825 1239 4892; x_wconf 88' lang='lat' dir='ltr'><strong>quot</strong></span> <span class='ocrx_word' id='word_1_414' title='bbox 1251 4821 1391 4893; x_wconf 81' lang='lat' dir='ltr'><strong>Orpheice</strong></span> <span class='ocrx_word' id='word_1_415' title='bbox 1403 4823 1436 4878; x_wconf 85' lang='lat' dir='ltr'>ds</span> <span class='ocrx_word' id='word_1_416' title='bbox 1449 4825 1530 4895; x_wconf 81' lang='lat' dir='ltr'><strong>regio</strong></span> <span class='ocrx_word' id='word_1_417' title='bbox 1542 4823 1637 4880; x_wconf 79' lang='lat' dir='ltr'><strong>Pseite</strong></span> <span class='ocrx_word' id='word_1_418' title='bbox 1650 4827 1803 4899; x_wconf 75' lang='lat' dir='ltr'><strong>ByzantIni</strong></span> 
     </span>
     <span class='ocr_line' id='line_1_71' title="bbox 1058 4912 1806 4988; baseline 0.012 -25"><span class='ocrx_word' id='word_1_419' title='bbox 1058 4914 1235 4965; x_wconf 78' lang='lat' dir='ltr'><strong>recantarent</strong></span> <span class='ocrx_word' id='word_1_420' title='bbox 1246 4927 1332 4982; x_wconf 84' lang='lat' dir='ltr'><strong>ueque</strong></span> <span class='ocrx_word' id='word_1_421' title='bbox 1345 4912 1378 4966; x_wconf 85' lang='lat' dir='ltr'><strong>ed</strong></span> <span class='ocrx_word' id='word_1_422' title='bbox 1392 4913 1574 4986; x_wconf 79' lang='lat' dir='ltr'><strong>Euthyqum</strong></span> <span class='ocrx_word' id='word_1_423' title='bbox 1587 4918 1759 4988; x_wconf 80' lang='lat' dir='ltr'><strong>Zigebenum</strong></span> <span class='ocrx_word' id='word_1_424' title='bbox 1773 4933 1806 4972; x_wconf 75' lang='lat' dir='ltr'>ee</span> 
     </span>
     <span class='ocr_line' id='line_1_72' title="bbox 1058 4998 1804 5076; baseline 0.007 -25"><span class='ocrx_word' id='word_1_425' title='bbox 1058 4998 1237 5052; x_wconf 83' lang='lat' dir='ltr'><strong>clementem:</strong></span> <span class='ocrx_word' id='word_1_426' title='bbox 1257 4998 1290 5051; x_wconf 80' lang='grc' dir='ltr'>Ὀ</span> <span class='ocrx_word' id='word_1_427' title='bbox 1310 5001 1363 5053; x_wconf 84' lang='grc' dir='ltr'>καθ’</span> <span class='ocrx_word' id='word_1_428' title='bbox 1384 5005 1452 5072; x_wconf 73' lang='grc' dir='ltr'>ημᾶς</span> <span class='ocrx_word' id='word_1_429' title='bbox 1471 5001 1585 5075; x_wconf 69' lang='grc' dir='ltr'>Ὀρφεὺς,</span> <span class='ocrx_word' id='word_1_430' title='bbox 1607 5007 1618 5056; x_wconf 85' lang='grc' dir='ltr'>θ</span> <span class='ocrx_word' id='word_1_431' title='bbox 1638 5008 1734 5076; x_wconf 79' lang='grc' dir='ltr'>πρῶτος</span> <span class='ocrx_word' id='word_1_432' title='bbox 1754 5009 1804 5058; x_wconf 64' lang='lat' dir='ltr'><strong>eris</strong></span> 
     </span>
     <span class='ocr_line' id='line_1_73' title="bbox 1058 5092 1801 5163; baseline 0.007 -22"><span class='ocrx_word' id='word_1_433' title='bbox 1058 5092 1150 5159; x_wconf 78' lang='grc' dir='ltr'>θρετῦν</span> <span class='ocrx_word' id='word_1_434' title='bbox 1164 5092 1343 5160; x_wconf 79' lang='grc' dir='ltr'>καλλιγρὰρος,</span> <span class='ocrx_word' id='word_1_435' title='bbox 1358 5093 1369 5143; x_wconf 87' lang='grc' dir='ltr'>θ</span> <span class='ocrx_word' id='word_1_436' title='bbox 1383 5095 1481 5162; x_wconf 76' lang='grc' dir='ltr'>πρῶτος</span> <span class='ocrx_word' id='word_1_437' title='bbox 1494 5097 1543 5144; x_wconf 81' lang='grc' dir='ltr'>τῶν</span> <span class='ocrx_word' id='word_1_438' title='bbox 1556 5097 1629 5163; x_wconf 84' lang='grc' dir='ltr'>τριῦν</span> <span class='ocrx_word' id='word_1_439' title='bbox 1643 5095 1801 5148; x_wconf 79' lang='grc' dir='ltr'>ύποστόσευν</span> 
     </span>
     <span class='ocr_line' id='line_1_74' title="bbox 1058 5179 1806 5254; baseline 0.012 -25"><span class='ocrx_word' id='word_1_440' title='bbox 1058 5182 1101 5239; x_wconf 79' lang='grc' dir='ltr'>τῆς</span> <span class='ocrx_word' id='word_1_441' title='bbox 1121 5183 1179 5249; x_wconf 74' lang='grc' dir='ltr'>μιᾶς</span> <span class='ocrx_word' id='word_1_442' title='bbox 1200 5179 1336 5248; x_wconf 78' lang='grc' dir='ltr'>θεότητος,</span> <span class='ocrx_word' id='word_1_443' title='bbox 1361 5187 1415 5233; x_wconf 81' lang='grc' dir='ltr'>κτλ</span> <span class='ocrx_word' id='word_1_444' title='bbox 1435 5183 1543 5238; x_wconf 80' lang='lat' dir='ltr'><strong>Patroi.</strong></span> <span class='ocrx_word' id='word_1_445' title='bbox 1563 5197 1686 5254; x_wconf 78' lang='lat' dir='ltr'><strong>cxxviii,</strong></span> <span class='ocrx_word' id='word_1_446' title='bbox 1706 5181 1751 5237; x_wconf 73' lang='lat'>42.</span> <span class='ocrx_word' id='word_1_447' title='bbox 1772 5213 1806 5226; x_wconf 90' lang='lat'><em>-</em></span> 
     </span>
     <span class='ocr_line' id='line_1_75' title="bbox 1058 5267 1647 5346; baseline 0.02 -26"><span class='ocrx_word' id='word_1_448' title='bbox 1058 5270 1078 5340; x_wconf 81' lang='lat'>¹)</span> <span class='ocrx_word' id='word_1_449' title='bbox 1096 5267 1278 5346; x_wconf 80' lang='grc' dir='ltr'>ψαλμοκίνητος</span> <span class='ocrx_word' id='word_1_450' title='bbox 1298 5270 1328 5324; x_wconf 84' lang='lat' dir='ltr'>In</span> <span class='ocrx_word' id='word_1_451' title='bbox 1347 5271 1447 5333; x_wconf 82' lang='lat' dir='ltr'><strong>lexicis</strong></span> <span class='ocrx_word' id='word_1_452' title='bbox 1465 5273 1647 5333; x_wconf 72' lang='lat' dir='ltr'><strong>desideratur.</strong></span> 
     </span>
    </p>
   </div>
   <div class='ocr_carea' id='block_1_21' title="bbox 0 0 2026 6098">
    <p class='ocr_par' dir='ltr' id='par_1_24' title="bbox 0 0 2026 6098">
     <span class='ocr_line' id='line_1_76' title="bbox 0 0 2026 6098; baseline 0 1"><span class='ocrx_word' id='word_1_453' title='bbox 0 0 2026 6098; x_wconf 95' lang='lat' dir='ltr'> </span> 
     </span>
    </p>
   </div>
  </div>
 </body>
</html>
