4064 6108
328 477 388 552 iii
889 475 1058 551 SANCTUS
1078 475 1312 549 HlPPOLYl'US

328 639 392 693 dota
405 633 490 692 semel
510 640 539 691 et
557 637 657 691 iterum
671 654 785 708 ponere,
799 639 918 693 corrasis
932 639 1075 710 undequa-
1129 647 1171 696 ter
1183 640 1305 712 suspicio
1331 635 1490 709 gravissimi
1515 635 1624 710 cangii,
1648 645 1696 713 qni
1718 641 1783 696 dnm
1801 636 1874 715 digi-

329 743 382 799 que
395 728 522 797 disjectis
536 725 849 796 summittebantur
862 727 983 782 lubetac
997 727 1075 796 licet,
1130 734 1187 785 tum
1213 732 1241 782 in
1267 725 1429 801 syncellum
1455 728 1570 798 dirigit,
1595 729 1643 782 ubi
1669 736 1765 784 nostra
1788 733 1876 786 ebun-

329 815 396 870 duce
407 816 597 871 vetustissimo
608 821 635 869 et
644 817 760 871 barbaro
775 817 939 887 interprete,
950 834 1073 887 graecum
1129 821 1212 884 dant,
1234 835 1288 872 non
1307 819 1387 872 timet
1411 817 1544 871 adducere
1569 820 1724 890 principem
1750 823 1873 878 omnium

328 923 399 978 opus
410 906 444 958 ab
458 906 529 961 Orco
542 922 682 976 revocare,
693 905 876 978 mutilumque
889 909 1016 976 κειμήλιον
1031 910 1074 962 in·
1129 907 1425 978 Chronographorum:
1440 932 1452 954 ιι
1461 909 1627 979 Africanus,
1639 910 1741 979 inquit,
1753 925 1801 963 seu
1812 911 1874 981 qui·

328 995 456 1068 tegritati
480 997 539 1052 iere
564 997 721 1052 restituere.
742 996 812 1060 Quid
838 999 862 1050 si
886 995 956 1053 illud
982 999 1073 1070 ipsum
1129 1000 1171 1052 via
1190 997 1263 1051 alius
1282 998 1354 1069 apud
1375 997 1526 1068 Georgium
1546 996 1723 1069 Syncellum,
1743 1017 1771 1069 p.
1791 997 1837 1053 45.
1858 1023 1872 1046 ν

330 1089 413 1142 etiam
432 1087 467 1142 sd
485 1086 597 1142 Eusebii
617 1086 773 1140 chronicon
796 1085 864 1141 olim
889 1089 1074 1158 pertinuerit?
1128 1088 1195 1151 Qum
1205 1105 1289 1160 quum
1302 1088 1341 1142 ita
1350 1089 1417 1156 sint,
1429 1088 1488 1142 haec
1502 1105 1562 1142 mes
1572 1092 1613 1155 tu,
1624 1093 1655 1143 ut
1664 1090 1751 1143 bonus
1761 1105 1874 1161 aequus-

329 1176 438 1231 Etenim
452 1177 602 1232 manifesta
619 1179 648 1230 et
664 1173 758 1246 ampla
772 1176 892 1247 vestigia
911 1181 1072 1248 supersunt,
1128 1197 1181 1253 que
1200 1179 1298 1245 lector,
1314 1196 1368 1234 non
1387 1195 1499 1250 respue,
1518 1178 1567 1232 sed
1585 1177 1654 1230 mibi
1672 1177 1873 1244 considera,su

329 1267 376 1320 sed
389 1272 496 1322 tantum
507 1268 612 1337 inserta
623 1265 732 1322 inillud
743 1267 904 1323 Ecordium
918 1268 985 1324 iibri
995 1269 1074 1337 (Val-
1127 1270 1173 1323 hic
1191 1267 1277 1325 latest
1301 1285 1401 1324 novum
1427 1268 1617 1340 fragmentum
1640 1269 1699 1321 sire
1723 1266 1873 1321 Eusebiaui

329 1355 396 1413 lere.
416 1361 438 1410 t.
457 1371 521 1424 vm,
540 1343 648 1412 Potrcl.
671 1358 719 1411 lot.
740 1372 828 1424 xxvn,
848 1355 902 1411 col.
922 1354 981 1427 61),
1000 1357 1073 1429 quod
1128 1356 1273 1430 chronici,
1293 1359 1352 1414 sire
1373 1361 1621 1431 chronographiae
1639 1359 1774 1427 Africani,
1793 1361 1874 1429 cujus

329 1446 421 1500 Maius
440 1463 539 1518 aspera
558 1463 620 1501 cum
638 1463 757 1500 censura
774 1451 863 1501 totum
876 1450 1022 1519 expunxit.
1036 1446 1074 1501 At
1129 1449 1250 1519 quinque
1269 1447 1333 1501 libri
1348 1453 1492 1520 tantopere
1506 1454 1535 1502 et
1547 1448 1652 1502 trustra
1667 1447 1872 1500 desiderantur.

328 1533 441 1589 siluisse
459 1536 608 1590 Eusebium
626 1536 659 1588 de
678 1537 754 1589 orbis
772 1535 908 1590 divisione
924 1540 997 1592 inter
1016 1541 1073 1590 tres
1127 1536 1210 1590 Mitto
1221 1535 1276 1589 alia
1286 1537 1379 1606 dubia,
1390 1555 1451 1610 quae
1463 1537 1619 1592 chronicon
1632 1535 1757 1590 referunt
1769 1537 1827 1589 sive
1838 1536 1872 1589 ad

326 1625 385 1680 Noe
398 1624 484 1694 filios,
497 1627 545 1679 rix
558 1624 732 1690 crediderim,
747 1642 830 1696 quum
842 1627 971 1698 inprimo
985 1626 1072 1682 Chro-
1128 1625 1265 1680 Heronem
1274 1624 1687 1697 philosophum,utBlanobinio
1695 1627 1807 1698 placuit,
1816 1625 1874 1679 sive

327 1714 383 1767 nici
394 1713 476 1781 libro,
488 1730 576 1786 nuper
585 1714 657 1786 apud
672 1715 806 1770 Armenoc
817 1715 940 1782 invento,
954 1721 995 1770 tot
1004 1732 1072 1770 con·
1126 1714 1160 1768 ad
1180 1715 1342 1786 origenem,
1362 1719 1393 1770 ut
1410 1715 1514 1770 diserte
1534 1713 1590 1769 fert
1601 1713 1700 1770 titulus
1717 1715 1777 1769 cod.
1793 1713 1874 1768 Pari-

328 1803 449 1872 gesse'rit
459 1803 659 1857 testimonisde
668 1805 740 1858 veris
749 1820 780 1856 so
793 1802 873 1857 falsis
881 1806 1004 1875 gentium
1015 1807 1072 1877 pri·
1126 1805 1243 1858 aiensis:
1264 1806 1418 1875 Scorpium
1430 1822 1464 1859 eor
1479 1805 1617 1861 Chronico
1632 1807 1775 1876 origenis.
1796 1803 1873 1858 Adde

327 1873 453 1946 mordiis.
464 1892 505 1947 Ac
517 1896 622 1962 praeter
633 1892 843 1965 Hieronymum,
859 1909 949 1946 noune
962 1910 997 1948 ex
1010 1895 1072 1966 ipso
1127 1894 1199 1964 quod
1219 1895 1309 1949 versio
1328 1899 1408 1948 vetus
1426 1896 1490 1967 ipsa
1507 1895 1626 1949 ruditate
1645 1895 1777 1949 canitiem
1795 1911 1871 1949 com·

327 1979 448 2036 Eusebio
467 1979 550 2035 simul
571 1997 603 2035 ac
621 1982 742 2053 losepho
760 1982 871 2054 (Antip.
885 1983 952 2038 Jud.
966 2000 1029 2056 cap.
1041 1985 1070 2050 8)
1126 1983 1236 2036 mendet
1260 1989 1348 2053 sitam,
1361 1984 1497 2054 nobisque
1510 1987 1623 2037 revocat
1635 1998 1734 2053 agmen
1748 1988 1871 2038 veterum

326 2068 501 2126 decantatum
521 2074 640 2142 μερισμὸν
664 2077 831 2142 receperunt
850 2072 1023 2145 Epiphanius
1042 2076 1071 2128 in
1125 2068 1321 2140 interpretum,
1329 2074 1412 2141 gente
1421 2071 1631 2137 Graeoorum,ut
1641 2072 1874 2142 expositoresire·

326 2157 488 2218 Anchorato
508 2179 536 2217 u.
563 2160 622 2229 115,
642 2166 671 2215 et
694 2161 723 2213 in
743 2161 863 2218 Haereaa'
881 2177 945 2216 cxvi
969 2179 998 2215 n.
1017 2159 1069 2230 433
1125 2159 1191 2226 naei,
1205 2157 1331 2213 Philonis
1343 2157 1433 2212 Jndaei
1445 2163 1472 2212 et
1484 2157 1675 2214 Melitonianae
1686 2158 1871 2230 clavisque·

326 2251 491 2308 Anastasius
508 2250 538 2305 in
559 2252 671 2311 onerer.
691 2250 744 2319 283
766 2252 926 2308 chronicon
938 2253 1070 2307 Pasikai.
1124 2262 1186 2300 rum
1199 2247 1315 2318 pretiosi
1333 2252 1399 2302 suut
1416 2245 1460 2301 rel
1479 2245 1631 2303 soioecismi
1648 2254 1677 2302 et
1695 2249 1870 2317 barbarismi,

325 2355 354 2409 p.
373 2335 409 2392 26
433 2355 496 2412 sqq.
520 2339 618 2410 Caugii
640 2340 770 2396 chronic.
797 2341 954 2396 Alemandr.
983 2341 1072 2396 Geor·
1124 2336 1241 2390 totidem·
1251 2338 1355 2409 quippe
1373 2339 1457 2409 signs
1474 2343 1503 2392 et
1514 2336 1612 2410 sigilla
1629 2340 1872 2394 vetustissimae'at

326 2426 390 2498 gius
403 2426 562 2500 Synoellus,
573 2428 710 2498 Georgius
723 2427 910 2496 Hemertelus,
920 2427 1070 2498 Oedrenus,
1125 2441 1226 2495 greicae
1236 2427 1422 2498 antiquitatis.
1433 2429 1526 2494 Quoad
1538 2443 1641 2500 graeca,
1652 2445 1685 2483 es
1695 2431 1870 2501 potissimum

325 2513 374 2568 alii
394 2514 476 2569 multi
495 2515 558 2570 edd.
578 2521 606 2569 et
623 2515 704 2571 masi
1124 2512 1285 2584 selegimus,
1304 2531 1352 2568 ess
1370 2516 1526 2589 recepimus
1545 2518 1705 2588 varietates,
1725 2537 1788 2594 qum
1807 2537 1871 2576 cum

359 2604 427 2668 Quffi
446 2602 532 2676 longa
547 2610 575 2658 gt
599 2606 731 2660 continua
755 2604 842 2659 ,θήρῃ
863 2606 1006 2660 exordium
1024 2623 1070 2659 η.
1124 2598 1222 2655 latinis
1236 2603 1326 2675 magid
1339 2609 1403 2676 Bpid
1415 2610 1444 2659 Oi
1457 2607 1597 2662 commode
1610 2609 1755 2680 quadrant.
1774 2611 1870 2665 Gl'aeee

323 2693 412 2766 quirit
424 2709 441 2746 a
452 2695 546 2765 prisco
558 2698 586 2748 et
599 2694 703 2764 insigni
723 2693 811 2762 soum,
824 2695 883 2748 sive
901 2694 1069 2762 Eusebiano,
1123 2698 1216 2747 autem
1235 2697 1263 2748 et
1282 2693 1368 2749 latine
1386 2701 1514 2753 servetur
1532 2697 1665 2770 religiose
1685 2701 1871 2772 oacographis

322 2783 381 2837 sive
400 2782 568 2854 antiquiore.
582 2783 653 2837 Ecce
672 2783 747 2837 enim
764 2788 856 2838 movet
867 2800 911 2838 me
923 2783 1070 2838 vehemeu·
1123 2784 1168 2838 rel
1187 2786 1454 2844 inconstantissima.
1469 2789 1543 2850 Ἅλις
1561 2792 1605 2861 ριν
1624 2791 1654 2847 δὴ
1675 2791 1774 2844 τούτων.

1067 3018 1132 3092 ΧΙ.

783 3228 842 3340 He
868 3230 1143 3328 Chronopropbo
1171 3235 1304 3308 soeculi
1331 3235 1409 3310 ΠΙ.

366 3445 410 3511 A'.
429 3444 503 3537 Περί
524 3454 581 3510 τοῦ
603 3455 662 3522 τῆς
685 3456 745 3538 γῆς
768 3437 977 3538 διαμορισμοῦ.
1167 3449 1239 3541 Χὰμ
1263 3443 1296 3518 δὲ
1318 3463 1365 3537 τῷ
1389 3444 1533 3546 δευτέρῳ,
1558 3457 1619 3522 ἀπὸ
1638 3470 1696 3538 τῆς
1717 3460 1868 3528 Ῥινοκου-

363 3553 506 3618 ...uel
528 3557 783 3644 κατακληροῢται
806 3563 852 3637 τῷ
870 3553 924 3644 μὲν
944 3579 1067 3646 πρωτο-
1122 3559 1234 3652 ροιίρων
1257 3562 1311 3638 ἕως
1334 3553 1498 3654 Γαδείρων,
1522 3564 1564 3630 τὰ
1586 3567 1660 3657 πρὸς
1684 3567 1782 3634 νότον.

319 3659 404 3744 τόκῳ
427 3665 482 3744 υίῷ
498 3666 565 3726 Νῶε
581 3659 654 3749 Σὴμ
671 3661 731 3726 ἀπὸ
755 3653 901 3751 Περσίδος
929 3662 982 3726 καί
1005 3663 1066 3728 Bel-
1165 3665 1270 3757 Ἰάρετ
1293 3658 1328 3732 δὲ
1350 3678 1395 3753 τῷ
1418 3671 1515 3760 τρίτῳ
1538 3673 1651 3761 ἔλαχον
1669 3678 1711 3750 τίς
1728 3677 1865 3766 μορισίαν
1962 3655 1966 3662 ¹

320 3790 420 3858 οιτριον
445 3767 500 3842 ἕως
516 3758 645 3843 Ἰνδικῆς
668 3767 722 3832 καί
743 3768 1003 3861 Ῥινοκουρούρων,
1024 3770 1065 3838 τὰ
1120 3776 1181 3840 einh
1204 3767 1341 3853 Μηδείας
1356 3777 1410 3853 ἕως
1426 3769 1572 3870 Γαδήρων
1593 3780 1646 3845 καί
1662 3781 1867 3873 Ῥινοκουρού-

319 3875 393 3968 πρδς
417 3875 584 3951 ἀνατολήν.
611 3873 810 3940 Hcmurtolur.
1120 3905 1188 3972 ρων,
1212 3880 1256 3947 τὰ
1277 3883 1352 3974 πρὸς
1375 3887 1498 3977 Βορρᾶν.
1521 3883 1705 3950 nemeaeus.

357 4092 378 4147 1.
398 4095 507 4150 Diuisio
526 4092 620 4149 terrae
638 4105 664 4150 st
682 4097 771 4150 trium
782 4095 915 4167 'filiorum
932 4093 1002 4151 Noe.
1156 4095 1240 4151 ctam
1268 4103 1361 4154 autem
1389 4100 1537 4172 secundus,
1563 4118 1628 4174 pars
1653 4101 1866 4160 aRinoooriras

357 4181 424 4236 Post
441 4180 587 4249 diluvium,
606 4185 681 4251 Sem,
705 4182 790 4237 Cham
808 4187 837 4237 et
854 4183 959 4256 lapbet,
982 4185 1067 4240 trium
1120 4202 1208 4257 usque
1228 4187 1340 4242 Gadira.

322 4268 452 4339 fratrum,
472 4271 561 4326 tribua
580 4271 676 4326 diviaee
695 4277 771 4328 suut.
1153 4275 1255 4346 taphet
1272 4281 1365 4332 autem
1384 4280 1527 4349 tertius,a
1546 4282 1649 4338 Gadirs
1667 4300 1754 4357 usque
1773 4282 1865 4339 Media

355 4361 391 4416 Et
408 4362 474 4416 Sem
498 4361 609 4433 quidem
628 4361 814 4434 primogenito
839 4381 905 4435 pars
931 4363 1004 4419 tacta
1022 4367 1067 4419 eat
1119 4363 1153 4416 ad
1172 4363 1297 4423 Borram.

319 4450 466 4508 aPersida
484 4457 512 4506 et
530 4452 622 4506 Betris
642 4468 729 4523 usque
754 4453 784 4507 in
807 4452 911 4509 ludium
935 4452 1019 4526 longe
1038 4458 1066 4508 et
1155 4454 1244 4510 Habet
1260 4464 1352 4512 autem
1369 4457 1470 4530 laphet
1482 4459 1582 4513 flumen
1593 4459 1747 4532 Tigridem,
1761 4463 1809 4534 qui
1821 4461 1866 4515 di·

318 4557 406 4613 nsqus
426 4542 455 4594 iu
474 4540 664 4597 Riuocoriras.
1118 4545 1188 4599 vidit
1207 4545 1327 4603 Mediam
1347 4555 1376 4603 et
1393 4549 1585 4624 Babyloniam.
1605 4552 1669 4608 Sem
1692 4558 1786 4608 sutem
1804 4553 1863 4608 liu-

354 4701 418 4775 XI
431 4719 528 4773 Latina
541 4737 576 4774 ex
587 4722 676 4775 Paris.
690 4718 772 4790 7418,
783 4720 830 4791 98,
843 4721 863 4778 f.
876 4723 909 4776 do
920 4741 974 4796 quo
983 4724 1065 4797 plura
1119 4720 1294 4776 recutitorum
1306 4726 1329 4777 cl
1341 4722 1366 4797 γ’
1381 4727 1429 4777 ulol
1441 4727 1485 4778 τοῦ
1497 4727 1552 4779 No'ir
1565 4729 1661 4788 πάντας
1674 4730 1729 4790 τοὺς
1743 4727 1768 4790 ih
1780 4728 1863 4782 circii

316 4809 350 4864 sd
369 4809 485 4877 culeum,
495 4813 577 4881 cujus
589 4812 756 4882 scripturam
769 4813 876 4866 retineo
889 4817 991 4868 aarum
1004 4819 1063 4870 tee-
1117 4813 1268 4887 γινομένους,
1288 4819 1330 4866 sol
1350 4815 1457 4867 διδόασιν
1476 4816 1558 4878 adroic
1571 4817 1696 4891 Ιγγραιρον
1712 4821 1761 4871 τῶν
1781 4820 1864 4872 τόπων

316 4901 384 4964 tam,
398 4897 440 4952 rel
457 4901 486 4954 in
505 4899 707 4972 sphalmatibus
721 4905 749 4955 et
761 4901 921 4957 manifestis
938 4905 1062 4976 ineptiis.
1117 4903 1162 4961 rin
1181 4902 1355 4973 κατανίμηαιν,
1378 4905 1437 4975 irrep
1456 4907 1483 4959 ίκ
1502 4908 1655 4978 τοῦπατρὸς
1674 4909 1730 4960 Νό·
1745 4908 1864 4978 παρειλή-

351 4987 373 5044 Ι.
392 4989 504 5046 Tiluius
523 4993 577 5046 iste
597 4997 640 5047 est
659 4993 772 5063 Georgii
799 4992 962 5050 Hmarioli.
984 4995 1063 5066 Apud
1118 5012 1188 5066 poor,
1198 5000 1241 5048 καί
1253 4998 1419 5068 λαγχάνουσιν
1429 4997 1527 5070 interpr
1537 5002 1580 5050 καί
1591 5002 1646 5060 ταῖς
1659 4999 1763 5051 ίιιάττου
1774 5003 1862 5070 φυλαῖς

316 5077 508 5136 Αυωίαείυωι
524 5082 630 5152 Μιρισία
648 5084 697 5134 τῶν
716 5083 775 5134 uide
794 5081 979 5137 nucinitium
993 5101 1064 5155 opu-
1114 5089 1158 5138 οιαὶ
1177 5091 1292 5158 πατριαῒς
1311 5088 1386 5140 τόπον
1404 5093 1448 5141 καί
1467 5089 1580 5159 κλίματα
1599 5094 1642 5142 καί
1661 5089 1745 5162 χώρας
1758 5095 1802 5142 καί
1821 5091 1865 5147 ri·

318 5165 388 5221 sculi
414 5167 483 5224 latet
505 5173 534 5224 in
560 5171 612 5226 hoo
637 5173 771 5243 prooemio
796 5171 966 5227 Hsmsrtoli:
992 5175 1063 5226 Hert
1117 5196 1172 5239 τους
1185 5182 1228 5231 καί
1240 5181 1376 5250 ποταμοὺς,
1389 5185 1455 5233 κατὰ
1468 5180 1513 5237 τήν
1525 5181 1687 5252 ὐτοιιιιμίιην
1696 5182 1795 5235 ίαθισιι.
1809 5181 1866 5235 Hs·

317 5259 373 5310 oete
391 5259 435 5316 τδν
455 5260 572 5332 σύγχυσιν
591 5266 634 5314 καί
651 5261 695 5318 rein
708 5263 751 5314 τοῦ
764 5261 860 5334 πύργου
879 5265 996 5332 διάλυσιν,
1018 5285 1063 5335 ps·
1117 5271 1198 5322 mart.
1210 5267 1254 5322 ed.
1265 5266 1379 5324 Murali.
1389 5271 1555 5342 Petruburg.
1571 5270 1649 5339 1859,
1663 5269 1743 5344 ρ.39.
1756 5267 1861 5328 Paitoi·

2022 2625 2031 2796 l

2020 2999 2031 3128 ι
