4044 6098
873 499 914 576 IN
935 502 1107 580 PStLidOS
1707 515 1765 591 ηἰςη

260 668 365 732 Γνιῦτε
380 671 543 760 τοιγαροῦν
560 667 589 732 ot
604 665 786 746 πεποιθότες
804 671 854 737 ἐπί
876 675 960 749 πλή-
1054 667 1290 748 intermoritur,
1298 687 1352 736 ros
1361 667 1411 754 qui
1421 669 1600 739 multitudini
1609 675 1765 758 confiditis,

90 815 95 824 ·
215 774 264 852 θη,
282 782 322 852 ὡς
343 774 524 866 θαυμαστόν
549 769 692 856 ἀπέδειξε
708 777 762 844 τόν
787 780 960 848 πεποιθότα
1014 775 1162 858 quomodo
1176 777 1338 843 mirabilem
1354 779 1434 844 Deus
1457 781 1699 848 ostenderiteum
1715 785 1764 868 qui

212 883 259 948 ἐπ’
293 886 395 950 αὐτόν.
429 927 469 935 -
501 887 575 977 Περὶ
605 894 737 977 Χριστοῦ
771 888 960 980 προφητεύει
1014 883 1099 950 iidem
1115 884 1145 950 in
1159 885 1209 986 ino
1223 886 1320 952 habet.
1337 889 1436 954 -De
1450 889 1568 955 Christo
1582 893 1763 958 vaticinatur

213 983 309 1056 Δαυὶδ
332 995 363 1058 όν
387 1003 433 1077 τῷ
459 996 493 1060 ιε’
518 991 642 1083 ψαλμῷ,
667 997 706 1072 ὥς
730 1000 814 1062 ἐστιν
838 995 959 1074 ἀληθὴς
1013 989 1111 1056 David
1133 992 1164 1056 in
1186 993 1296 1074 psalmo
1316 994 1379 1074 XV,
1394 995 1467 1059 rosi
1490 1015 1579 1062 verus
1596 1009 1674 1062 esset
1694 1017 1762 1064 sun·

211 1098 301 1176 ὅσιος,
325 1099 379 1163 καί
403 1099 554 1190 μάρτυρες
571 1107 599 1166 ot
616 1101 787 1168 ἀπόστολοι
810 1104 880 1192 περί
903 1108 960 1168 αύ-
1013 1105 1089 1177 utun,
1102 1100 1237 1182 cujusrei
1249 1110 1339 1166 testes
1351 1112 1422 1167 sunt
1433 1105 1572 1182 apostoli,
1584 1125 1674 1187 quum
1691 1106 1764 1171 ittud

210 1215 276 1282 τοῦ,
300 1206 470 1283 νοήσαντες
493 1207 541 1272 τό·
566 1209 647 1272 οὔτε
664 1199 773 1285 δώσεις
796 1210 851 1274 σὸν
875 1208 958 1274 ὅσιόν
1013 1203 1764 1278 ἰιιιίιιιεθειιειίιιιιιΝοιιόούίεειιοειιιιοιιιιιιιινί-

211 1335 265 1376 σου
291 1303 365 1378 ἰδεῖν
390 1305 567 1406 διαφθοράν,
592 1315 730 1382 Δυνασόν
755 1309 789 1384 δὲ
804 1318 866 1382 οιαὶ
889 1319 959 1410 περὶ
1012 1311 1082 1377 dero
1096 1313 1342 1395 corruptionem.»
1360 1315 1458 1380 Possit
1473 1316 1631 1382 horetiom
1645 1317 1764 1402 dequo·
1811 1339 1813 1342 ·

211 1418 328 1494 παντὸς
359 1421 442 1484 ὁσίου
479 1412 698 1501 διδάσκεσθαι,
734 1427 768 1488 οῦ
796 1424 895 1490 ended
926 1417 960 1490 δὲ
1013 1420 1083 1485 libet
1095 1430 1200 1485 sancto
1213 1420 1341 1500 edoceri,
1357 1439 1416 1486 non
1431 1423 1508 1518 idem
1523 1443 1588 1490 osso
1602 1433 1631 1490 et
1645 1425 1764 1491 credero

210 1523 248 1589 τό
272 1537 438 1592 πιστεῦσαι
461 1528 515 1592 καί
543 1539 668 1620 γνῶναι·
692 1535 732 1606 ὡς
762 1523 833 1596 οῦδὲ
860 1533 958 1598 ταῦτό
1012 1535 1232 1608 etagnosoero3
1249 1528 1325 1593 siout
1340 1529 1561 1596 idomnoneuso
1576 1532 1695 1597 credere
1710 1551 1763 1597 vo·

209 1630 340 1719 ἀληθείᾳ
363 1646 542 1714 πιστεῦσαι,
568 1636 622 1701 καί
644 1646 760 1729 γνῶναι
784 1637 844 1712 την
877 1642 957 1715 ἀλή-
1012 1633 1092 1699 rituti
1107 1645 1137 1700 et
1157 1653 1243 1702 nosse
1257 1637 1423 1716 veritatem,
1438 1657 1534 1721 neque
1548 1639 1625 1704 idum
1640 1639 1762 1705 credero

208 1741 302 1830 θειαν,
327 1744 379 1808 καί
402 1755 566 1810 πιστεῦσαι
589 1753 659 1830 Θεῷ
683 1748 736 1812 καί
760 1757 877 1840 γνῶναι
901 1749 956 1814 τὸν
1011 1743 1074 1810 Deo
1087 1753 1117 1809 et
1127 1763 1302 1828 cognosoere
1313 1746 1419 1811 Deum.
1434 1747 1594 1814 Enimvero
1605 1748 1760 1832 apostolis,

209 1851 296 1914 Θεόν.
321 1857 491 1943 Τοιγαροῦν
514 1864 579 1929 τοῖς
602 1853 790 1931 ἀποστόλοις
814 1847 876 1928 ἤδη
902 1879 959 1922 πε-
1012 1850 1584 1934 quijnmorodidernnt‚dioitSntrator:
1603 1855 1659 1918 «St
1676 1871 1762 1918 mun·

206 1959 389 2025 πιστευκόσι
406 1960 498 2050 φησὶν
515 1967 530 2026 ὁ
549 1963 671 2053 Σωτήρ·
688 1961 759 2028 ’Edu
781 1965 910 2052 μείνητε
926 1967 957 2030 ἐυ
1012 1955 1108 2021 seritis
1129 1957 1158 2021 in
1179 1975 1311 2023 sermone
1337 1978 1417 2038 meo,
1439 1978 1510 2024 vere
1537 1960 1673 2043 disoiputi
1701 1961 1761 2024 moi

206 2074 252 2148 τῷ
277 2069 341 2155 ἐμῷ
364 2066 460 2159 λόγῳ,
479 2066 603 2145 ἀληθῶς
628 2068 773 2158 μαθηταί
793 2071 851 2160 μού
876 2063 966 2152 ἐστε,ι
1011 2065 1109 2146 eritis,
1132 2074 1162 2129 et
1188 2067 1371 2144 cognoscetis
1392 2067 1567 2145 veritatem,
1590 2079 1620 2132 et
1645 2071 1757 2133 veritas

207 2169 261 2234 ttoni
283 2171 424 2264 γνώσετε
447 2172 507 2248 τὴν
532 2172 694 2256 ἀλήθειαν,
719 2177 806 2252 >totid
826 2177 959 2254 ἀλήθεια
1011 2172 1149 2237 liberabit
1169 2192 1255 2238 vost
1278 2173 1353 2238 Nam
1373 2174 1450 2239 sicut
1470 2175 1512 2239 aii
1531 2175 1637 2240 isaias:
1665 2176 1762 2240 «Nisi

206 2275 406 2370 ἐλευθερώσει
429 2285 517 2370 ὑμᾶς.
543 2283 594 2359 Ὠς
617 2283 677 2376 γάρ
705 2307 798 2374 ρησιν
823 2285 957 2362 Ἡσαΐας·
1012 2280 1211 2362 crodideritis,
1233 2301 1330 2365 nequo
1350 2281 1571 2365 intelligetis;»
1593 2291 1622 2348 et
1643 2283 1759 2348 Dauid:

207 2385 279 2450 Ἐὰν
305 2386 347 2476 μη
372 2388 583 2468 πιστεύσητε,
608 2381 678 2456 οὐδὲ
701 2395 736 2455 σὺ
761 2391 803 2480 μὴ
832 2401 956 2466 συνησσ.
1013 2387 1170 2466 «Credidi,
1194 2388 1402 2470 propterquod
1417 2388 1659 2468 locutussum;o
1682 2387 1763 2452 etii·

206 2493 268 2557 Kut
285 2498 301 2558 ὁ
320 2487 427 2560 Δαυίδ
443 2495 642 2575 Ἐπίστευσα,
660 2489 707 2562 διδ
723 2497 875 2572 ἐλάλησα,
896 2498 958 2564 Καὶ
1011 2493 1077 2560 iud:
1101 2493 1242 2560 «Vacuit
1269 2503 1301 2559 ei
1328 2493 1428 2560 Videte
1453 2493 1591 2577 quoniam
1618 2511 1673 2575 ego
1694 2511 1759 2556 sum

206 2600 254 2666 τό·
279 2602 467 2692 Σχολάσοιτε
491 2595 524 2670 δὲ
548 2604 602 2668 καί
621 2615 723 2698 γνῶτε
741 2607 790 2671 ὅτι
807 2605 869 2698 ἐγώ
893 2612 957 2696 εἰμι
1010 2600 1132 2684 Deum
1156 2599 1186 2666 id
1205 2600 1290 2666 nobis
1311 2601 1491 2667 demonstrat
1511 2600 1592 2666 aliud
1613 2617 1678 2665 esse
1700 2619 1762 2666 cre·

205 2712 222 2771 ὁ
245 2709 332 2789 Θεὸς,
358 2701 511 2801 διαφέρειν
537 2703 632 2784 δηλοῖ
652 2723 710 2778 τοῦ
737 2713 894 2780 πιστεύειν
918 2715 956 2780 τὸ
1011 2710 1090 2792 dere,
1113 2710 1194 2776 aliud
1214 2728 1404 2793 cognoscere:
1429 2710 1459 2774 id
1474 2711 1553 2776 enirn
1571 2730 1631 2776 non
1651 2710 1762 2776 diditur

205 2827 330 2909 γνῶναι·
355 2825 457 2883 Τοῦτο
474 2817 533 2910 γὰρ
549 2830 614 2895 τοῖς
631 2822 813 2886 ἀπιστοῦσιν
835 2825 890 2886 οὐκ
914 2822 957 2886 εί-
1010 2817 1195 2898 infidelibus3
1219 2818 1404 2902 ostenditque
1424 2817 1509 2884 simui
1531 2819 1648 2902 qualem
1669 2836 1760 2902 opor-

208 2947 309 3013 ρητοιι·
328 2915 465 2989 δείκνυσι
488 2917 521 2990 δὲ
537 2925 591 2989 καί
606 2927 698 2991 ποίοιν
717 2919 823 3002 δεήσει
844 2937 956 3020 γνῶσιν
1013 2929 1072 2993 teat
1091 2927 1244 2994 scientiam
1259 2926 1394 3010 adipisci,
1411 2935 1442 2991 et
1456 2926 1601 3009 quomodo
1615 2925 1762 2991 ntirubiles

207 3026 391 3111 ἀπολαύεῒν,
419 3033 494 3118 [καὶ]
523 3039 562 3110 ὡς
586 3033 875 3124 ἑθαυμοιστώθησοιν
898 3035 958 3102 ύπδ
1012 3036 1115 3101 uDeo
1136 3036 1229 3101 sancti
1244 3033 1419 3116 efficiantur,
1436 3036 1715 3119 introducanturque
1731 3035 1760 3101 in

206 3145 289 3204 Θεοῦ
313 3145 342 3205 ot
366 3142 453 3218 όσιοι,
478 3139 614 3230 θαύμασι
637 3141 867 3232 προσαχθέντες
893 3153 956 3208 τῶν
1010 3144 1190 3227 stupendam
1207 3160 1378 3208 arcanorum
1394 3144 1600 3229 mysteriorum
1615 3151 1644 3208 et
1664 3161 1761 3207 suom-

118 3267 124 3278 ·
207 3248 392 3339 ἀπορρήτων
418 3249 596 3338 μυστηρίων
614 3249 746 3313 καὶτῶν
763 3251 859 3341 ἁγίων
884 3250 958 3317 θεω-
1011 3269 1074 3314 rum
1102 3250 1367 3316 considerationum
1395 3250 1620 3334 philosophiam.
1651 3251 1759 3333 Magna

209 3353 292 3442 ρημά
315 3377 387 3418 των.
412 3353 542 3444 Μεγάλη
566 3353 671 3436 BB.1t.
689 3355 758 3418 δθθ.
1011 3374 1070 3423 vox
1092 3367 1149 3424 etc.

250 3477 281 3522 ν.
306 3459 335 3522 ii.
361 3454 549 3552 Ὀργιζεσθε,
566 3461 628 3525 ,καὶ
653 3461 695 3551 μὴ
722 3462 932 3554 ἁμαρτάνετε,
1050 3475 1081 3521 ν.
1107 3459 1136 3521 n.
1161 3456 1336 3537 Irascimini,
1359 3463 1385 3522 εί
1405 3459 1492 3523 nolito
1512 3477 1647 3541 procuro..

249 3574 399 3657 Παρσινεῖ
412 3567 454 3658 μὴ
475 3567 763 3660 συγκατατίθεσθαι
778 3582 818 3658 σγ
838 3596 956 3661 ww.
1049 3562 1205 3643 Hortatur,
1228 3581 1266 3628 ne
1293 3563 1360 3646 quis
1389 3566 1419 3628 in
1439 3574 1578 3648 concepta
1606 3564 1758 3630 iracundia

205 3676 274 3760 σίᾳ,
299 3665 381 3764 μηδὲ
411 3676 449 3740 τὸ
473 3675 562 3767 ἔργον
594 3675 721 3768 ἐπάγειν
753 3688 863 3768 κυροῦν
894 3679 955 3756 τὴν
1009 3669 1271 3753 monstrumque
1287 3671 1757 3755 transmundopusquoiraoon-

144 3849 145 3853 γ
204 3784 309 3875 ὀργήν,
1011 3773 1150 3842 θιιοειιιι.

247 3909 279 3952 ν.
304 3891 334 3954 6.
356 3893 482 3958 Θύσοιτε
513 3893 620 3958 θυσίαν
653 3885 870 3984 δικαιοσύνης,
901 3898 956 3961 καί
1048 3883 1123 3948 ud.
1140 3884 1758 3971 Sacrificatesucrificiumjrtrtitr'ur,etspe-

203 4000 355 4065 ἐλπίσατε
379 4001 429 4065 ἐπὶ
452 3999 572 4090 Κύριον.
1008 3997 1071 4056 tait
1090 3996 1122 4055 t'n
1143 3993 1308 4057 Βοῦνον-νῦ.

248 4109 349 4172 Θυοία
373 4098 569 4183 δικαιοσύνης
587 4107 670 4172 ἐστίν
692 4107 827 4173 ἀπάθεια
851 4107 953 4200 ψυχῆς
1048 4100 1231 4165 Sacrificium
1254 4101 1378 4184 justitiae
1399 4109 1444 4166 est
1464 4101 1625 4184 spiritualis
1650 4101 1756 4166 animm

202 4217 342 4305 λογικῆς,
366 4213 597 4304 προσφερομένη
617 4220 697 4297 Θεῷ·
714 4214 800 4290 ἐλπίς
818 4205 852 4278 δέ
868 4219 952 4280 ἐστιν
1008 4225 1065 4290 pax
1086 4207 1148 4272 Deo
1162 4217 1345 4286 οοοοεοιοίιις
1359 4227 1426 4291 spes
1440 4219 1538 4276 autom
1553 4218 1598 4274 est
1612 4209 1688 4274 bona
1703 4228 1756 4274 vo·

203 4320 305 4413 ἀγαθὴ
331 4313 501 4412 προσδοκία
526 4321 668 4412 γνώσεως
692 4319 834 4398 ἀληθοῦς.
1007 4335 1048 4382 rae
1069 4316 1199 4381 scientiar
1218 4316 1409 4400 exspectatio.

246 4444 278 4491 ν.
303 4427 331 4489 7.
355 4425 550 4517 Ἐσημειιόθη
577 4426 621 4518 ἐρ’
647 4433 730 4516 ημᾶς
754 4427 792 4493 τό
816 4437 877 4518 ριῦς
896 4439 952 4496 τοῦ
1047 4445 1079 4490 ν.
1102 4425 1132 4488 7.
1158 4425 1533 4509 Sionotomestruporoos
1552 4425 1643 4490 tumeo
1664 4423 1757 4488 oottoo

202 4533 369 4626 προσώπου
394 4559 459 4613 σου,
483 4533 587 4624 Κύριε.
1007 4532 1058 4606 toi,
1081 4531 1212 4595 Domino.

247 4649 286 4708 Oi
310 4641 364 4732 μὲν
383 4643 514 4735 ἄγγελοι
540 4635 591 4708 διὰ
606 4641 723 4719 παντός
741 4642 891 4727 βλέπουσι
914 4647 952 4711 τὸ
1046 4637 1152 4721 Angeii
1174 4637 1291 4721 quidem
1314 4631 1347 4701 id
1371 4637 1450 4702 omni
1480 4648 1610 4721 tempore
1636 4637 1755 4702 tultum

201 4749 365 4840 πρόσωπον
396 4760 452 4815 τοῦ
484 4756 575 4815 Θεοῦ·
599 4755 628 4813 ot
660 4741 694 4814 tt
718 4749 888 4842 ἅνθρωποι,
913 4754 951 4819 τὸ
1005 4746 1060 4810 Dei
1081 4745 1246 4827 aspiciunt;
1269 4744 1515 4810 hominosoutom
1532 4745 1637 4810 rident
1658 4743 1754 4808 iumen

201 4937 260 4991 prro
280 4921 380 4992 pingui
399 4918 561 4992 prolixitate
574 4919 686 4975 Eusebii
707 4920 801 4974 endem
821 4926 952 4977 eruoton-
1005 4918 1044 4973 of.
1057 4919 1102 4974 Pe.
1114 4933 1159 4986 xv,
1174 4914 1215 4972 10.
1229 4917 1289 4970 Act.
1303 4933 1333 4986 ιι,
1344 4915 1391 4972 27.
1404 4918 1446 4972 Jo.
1458 4932 1517 4988 νιιι,
1529 4912 1576 4984 31,
1590 4912 1635 4969 32.
1652 4914 1687 4969 Ιε.
1703 4927 1752 4980 vu,

203 5012 253 5065 tie.
274 5009 342 5064 Plus
356 5010 428 5066 sorte
447 5025 482 5063 un
501 5007 779 5080 placebitnonnuilie
798 5012 951 5083 seraphicum
1004 5007 1031 5064 9.
1053 5009 1097 5064 Pe.
1118 5023 1182 5074 cxv,
1207 5005 1256 5076 103
1276 5022 1341 5074 xor,
1364 5005 1404 5062 ll.

201 5097 305 5153 schotto
319 5097 505 5170 phiiouophin‚
517 5098 544 5151 id
559 5098 629 5168 quod
644 5096 719 5151 infun
731 5098 761 5150 in
771 5097 826 5152 v.7
839 5099 951 5156 dextero
1040 5117 1066 5154 o.
1080 5097 1106 5164 5,
1115 5097 1143 5165 6,
1151 5096 1180 5150 7.
1193 5099 1257 5152 Vnt.
1267 5095 1294 5150 5.
1307 5096 1436 5168 Aliquem
1447 5111 1513 5149 rano
1523 5095 1647 5162 tondebit,
1658 5095 1749 5167 γνῶσιν

201 5191 356 5244 secernitur
365 5189 438 5244 inter
447 5188 554 5244 vultum
568 5189 616 5244 Dei
630 5192 657 5242 et
671 5190 767 5245 lumen
780 5191 876 5246 uultus
887 5193 950 5262 Dei,
1004 5187 1083 5242 illam
1096 5188 1295 5258 Origeninnum
1307 5193 1427 5258 angusto
1439 5187 1573 5241 coarctari
1588 5185 1622 5239 ed
1637 5202 1680 5240 roe
1695 5187 1752 5238 ter-

200 5276 274 5332 inter
286 5277 450 5351 angelornm
463 5282 491 5332 ot
503 5278 645 5334 hominum
659 5281 701 5331 τοῦ
715 5281 776 5333 Θιοῦ
789 5281 898 5351 θεωρίαν,
914 5311 950 5323 -
1003 5295 1095 5334 ronne.
1115 5307 1150 5318 -
1169 5277 1207 5336 σι’.
1226 5293 1245 5332 ιι
1263 5277 1335 5352 neg.
1355 5293 1413 5348 xrv,
1432 5275 1478 5345 20,
1499 5273 1547 5331 36.
