4044 6098
863 527 1099 608 tunsiones
1636 627 1640 634 ,
1700 537 1758 613 ιον

206 709 288 768 τινος
301 687 484 768 ἐπιπλοκῆς,
498 687 581 758 ἀλλὰ
597 675 703 758 πάντα
719 685 797 779 ᾠδαὶ
813 695 884 761 κατ’
899 701 952 762 αό-
1006 707 1103 772 μονον
1117 690 1207 770 solue,
1224 707 1318 773 neque
1333 706 1400 756 cunr
1421 690 1519 776 aliqua
1540 697 1691 776 societate,
1707 696 1758 761 sed

204 799 272 876 τοίςι
290 803 321 862 ἐν
345 799 405 892 γὰρ
428 811 497 876 ταῖς
522 794 693 866 duodecem
709 803 783 893 πρὸς
808 795 909 868 οὐδενὶ
924 809 953 867 ον
1008 797 1208 862 tautummodo
1222 798 1288 862 odae
1302 797 1479 879 singulares.
1496 799 1531 864 ln
1552 802 1760 867 ascensionibus

203 909 286 1000 ἅρνον
309 907 434 972 §coreno
457 904 477 978 tl
501 907 575 997 πρὸς
601 908 685 997 μόνῳ
708 917 754 992 ορ
779 907 912 999 leopati.
1005 900 1084 964 enim
1111 903 1184 967 nulli
1212 907 1330 986 negotio
1358 905 1451 970 sancti
1473 914 1598 987 uacant,
1621 908 1680 972 nisi
1702 909 1756 973 soli

1004 1009 1209 1090 speculationi.

246 1124 307 1188 Κον
322 1134 425 1189 reuse
442 1123 574 1214 εἰρήσθω
597 1131 673 1214 ἡμῖν
698 1124 863 1214 sedulius,
882 1118 951 1192 buu·
1044 1114 1082 1179 llt
1096 1118 1160 1180 bae
1173 1119 1337 1198 generatim
1353 1119 1431 1184 dicta
1446 1139 1463 1185 a
1484 1120 1570 1187 nobis
1590 1132 1689 1201 sunto,
1705 1124 1755 1205 qui

202 1231 345 1295 λεύουσιν
369 1243 434 1308 τοῖς
455 1232 695 1322 σημαινομένοις
711 1244 769 1310 τῆς
786 1235 950 1324 ἑρμηνείας
1004 1224 1108 1291 seruili
1131 1244 1210 1291 more
1229 1229 1380 1310 sequimur
1401 1248 1435 1294 ea
1457 1249 1524 1313 quae
1539 1240 1717 1298 annotantur
1738 1253 1755 1298 a

201 1348 264 1402 τῶν
289 1330 518 1429 ἑόδομήλοντα.
1003 1337 1191 1418 septuaginta
1212 1337 1437 1420 interpretibus.

244 1445 331 1512 Ἐπεὶ
347 1439 381 1512 δὲ
399 1449 526 1538 εὕρομεν
542 1448 628 1539 παρὰ
643 1459 708 1525 τοῖς
729 1440 950 1538 ἑόδομήκοντα
1043 1442 1109 1508 lam
1131 1461 1202 1509 vero
1223 1462 1311 1528 quum
1334 1444 1503 1511 invenimus
1523 1447 1603 1530 apud
1624 1452 1705 1512 LXX
1726 1459 1756 1514 et

161 1616 164 1622 ,
200 1554 254 1619 καὶ
278 1545 466 1620 Θεοδοτίωνι
497 1555 551 1620 καλ
575 1556 759 1647 Συμμάχῳ,
784 1559 835 1622 ἐπί
857 1581 950 1624 τινων
1004 1548 1233 1615 Theudotiouenn
1249 1551 1516 1634 dosyllllllilchllm,
1531 1553 1562 1616 in
1578 1554 1756 1636 qlllbllsddm

199 1661 356 1754 κειμένων
373 1665 404 1726 ἐν
423 1663 508 1751 μέσῳ
531 1661 673 1752 ψαλμῶν,
692 1669 747 1729 ονὀι
771 1667 895 1758 ὀλίγον,
912 1666 950 1731 το
1003 1654 1136 1737 psalmis,
1150 1655 1254 1737 bisque
1268 1674 1326 1721 non
1340 1657 1454 1739 paneis,
1471 1657 1500 1722 in
1515 1658 1612 1723 medio
1626 1659 1755 1742 positum

201 1761 375 1859 διάψαλμα,
386 1770 639 1860 ὲστοχασάμεθα,
652 1773 777 1861 μήποτε
789 1776 953 1863 ὑπεσήμος.
1004 1761 1193 1846 diapsalma,
1208 1765 1349 1848 auspicati
1364 1784 1475 1848 sumus,
1489 1784 1588 1831 annun
1603 1767 1755 1832 intellexa·

199 1899 253 1940 ναν
271 1883 300 1942 οἱ
316 1875 419 1955 θέντος
435 1879 523 1964 eceb,
544 1878 658 1970 ῥυθμοῦ
682 1883 766 1958 τινος
791 1880 810 1955 ἢ
837 1883 949 1970 μένους
1003 1871 1063 1935 rint
1084 1871 1112 1935 bi
1134 1871 1183 1955 qui
1200 1871 1271 1936 illud
1287 1872 1498 1955 interposuere,
1515 1873 1666 1956 cujusdam
1685 1874 1756 1956 νόν-

202 1975 383 2070 parabolus
408 1985 570 2076 γενονέναι
593 1985 678 2052 κατὰ
693 1987 765 2064 τοὺς
785 1988 947 2067 οοονοος,ἣ
1005 1979 1076 2044 tbmi
1098 1991 1151 2046 aut
1170 1980 1305 2046 melodia
1325 1982 1517 2048 mutationem
1539 2002 1592 2066 pro
1617 1983 1664 2048 bis
1684 1984 1755 2048 locis

199 2089 253 2155 tend
276 2091 391 2182 τρόπον
416 2084 620 2170 διδασκαλίας
639 2101 681 2172 εἰς
698 2095 802 2186 ἕτερον
819 2095 946 2185 τρόπον,
1002 2087 1128 2167 tactam,
1149 2089 1214 2157 sive
1235 2089 1360 2156 docendi
1387 2091 1506 2157 modum
1533 2110 1586 2176 pro
1607 2091 1665 2156 aliu
1686 2102 1754 2156 sta·-

199 2196 219 2268 ἢ
237 2187 372 2274 διανοίας
387 2197 406 2271 ἢ
425 2190 584 2290 δυνάμεως
599 2202 696 2293 λόγον
713 2203 899 2294 ἐνάλλαγμα
915 2203 948 2286 ¹).
1002 2196 1154 2278 tuendum,
1177 2198 1245 2264 siue
1266 2199 1444 2265 seutentiam
1465 2207 1517 2264 aut
1531 2199 1594 2265 uim
1608 2199 1754 2265 orationis

199 2295 279 2368 Οὐδὲ
302 2295 336 2369 δὲ
358 2305 443 2396 παρὰ
465 2316 512 2391 τῷ
535 2306 654 2393 'nelle
676 2320 794 2388 κεῖται,
820 2313 893 2376 οὔτε
916 2315 947 2376 ὲν
1003 2314 1145 2370 mutatam
1160 2306 1210 2390 (s).
1223 2304 1256 2370 ld
1268 2323 1340 2372 uero
1351 2307 1429 2390 apud
1441 2308 1575 2392 Aquilam
1591 2327 1649 2373 uon
1662 2309 1750 2391 jacet,

200 2419 246 2495 τῷ
278 2405 429 2502 ἑόραικῷ,
454 2415 524 2479 ἀλλ’
550 2416 621 2480 ἀντὶ
644 2409 864 2507 διαψάλμαοος
893 2419 948 2512 pe.
1001 2431 1098 2498 ncque
1113 2413 1143 2478 in
1158 2413 1316 2496 Hebraico,
1329 2414 1381 2479 ubi
1398 2433 1449 2499 pro
1466 2416 1669 2500 diapsalmate
1682 2419 1755 2482 seri-

203 2543 345 2612 γραπται
369 2520 442 2588 'net
1001 2532 1084 2603 ptum
1104 2529 1151 2586 est
1171 2541 1294 2605 semper.

244 2628 306 2693 Καὶ
327 2641 423 2696 τοῦτο
438 2633 464 2721 ²)
490 2623 524 2698 δέ
548 2657 582 2699 σε
607 2633 649 2724 μὴ
675 2629 877 2726 sepeliendo
900 2656 949 2725 pu·
1043 2625 1146 2706 Neque
1168 2628 1240 2694 illud
1263 2640 1292 2694 te
1305 2639 1473 2713 praetereat,
1489 2632 1613 2700 ollerbi
1628 2643 1754 2713 amator,

199 2737 315 2831 λολόρι
330 2738 368 2827 ³),
387 2741 436 2804 ὅτι
451 2739 506 2805 uel
530 2743 568 2807 τό
592 2739 764 2835 ψαλτήριον
789 2748 830 2820 οῖς
853 2743 948 2809 πέντε
1001 2737 1080 2817 quod
1105 2736 1223 2802 Hebraei
1253 2738 1423 2821 psalterium
1453 2740 1483 2804 in
1510 2741 1641 2825 quinque
1661 2743 1754 2807 libres

200 2833 314 2910 διεῖλον
340 2839 447 2930 pedatu
470 2854 499 2912 οι
523 2842 668 2940 ἘόροντονΙ
693 2852 776 2915 aava
801 2845 878 2914 eluar
894 2848 948 2914 καὶ
1001 2840 1179 2923 diuiserunt,
1194 2855 1228 2910 ut
1247 2845 1395 2911 insternit
1409 2846 1750 2914 alteriosPeutateucbi:

199 2953 277 3017 αὐτὸ
298 2951 395 3019 ἄλλον
412 2955 644 3047 Πεντάτενχον·
661 2957 722 3022 ἀπὸ
739 2957 799 3050 γὰρ
816 2959 845 3022 α’
869 2956 948 3048 ψαλ-
1002 2967 1129 3033 namque
1150 2968 1167 3015 a
1189 2950 1283 3033 primo
1304 2951 1417 3032 psalmo
1438 2951 1477 3016 ad
1498 2958 1551 3017 XL
1572 2954 1699 3037 primum
1720 2954 1755 3018 li-

200 3071 260 3150 μοῦ
285 3061 376 3153 μέχρι
394 3065 436 3153 ρ’,
455 3066 527 3154 μίαν
544 3067 730 3156 ἑλορίοονοο
748 3059 868 3150 βίςλον·
885 3067 946 3132 dub
1002 3057 1086 3122 brom
1106 3068 1323 3141 computaruut,
1340 3079 1358 3127 a
1378 3066 1448 3125 XLI
1468 3061 1506 3127 ad
1520 3065 1617 3126 LXXI
1629 3063 1753 3130 alterum

199 3159 234 3234 δὲ
258 3172 311 3259 μα’
335 3172 390 3248 ἕως
414 3173 460 3236 οα’
478 3163 626 3265 δευτέραν
642 3174 816 3264 ἡγήσαντο·
834 3165 947 3240 ἀπὸδὲ
1001 3162 1193 3244 ἆθάὓῐθῐῦῐῐῑι
1211 3183 1227 3230 ³
1250 3170 1363 3232 LXXII
1377 3165 1415 3232 fid
1428 3173 1613 3234 LXXXVIII
1633 3170 1749 3235 ῑθῐῑῑΰῐῐ]

199 3271 246 3340 oss‘
271 3279 326 3356 ἕως
349 3281 406 3353 παρ’
430 3282 542 3371 τρίτην
568 3273 677 3366 βίῧλον
699 3283 860 3356 ἐποίησαν·
885 3284 947 3348 ἀπὸ
1001 3270 1159 3338 effeoel'llssl
1180 3272 1296 3355 librum,
1316 3283 1452 3357 qualium
1473 3276 1511 3340 db
1531 3280 1683 3340 LXXXIX
1698 3275 1752 3340 du·

198 3375 232 3449 bl
254 3384 306 3450 πό
330 3386 385 3463 ἕως
412 3390 451 3479 ρο
477 3387 647 3478 τετάρτην·
672 3389 733 3454 ᾰοο
766 3381 800 3456 δὲ
825 3391 865 3481 93¹
891 3392 945 3470 ἕως
1000 3389 1107 3446 nerunt
1125 3380 1165 3444 ad
1185 3385 1246 3461 GV,
1269 3399 1286 3446 a
1309 3385 1376 3446 GVI
1391 3397 1426 3446 ac
1440 3386 1488 3448 Ob
1508 3383 1644 3466 quintum
1662 3384 1753 3448 insti·

196 3504 252 3559 τοῦ
279 3495 320 3584 ρν’
344 3494 404 3570 τὴν
428 3495 587 3584 πέμπτην.
601 3494 759 3561 Ἔνιοιοτον
779 3495 840 3590 γὰρ
864 3492 947 3586 ψολ.
999 3497 1129 3570 tueruut3
1143 3489 1198 3555 rati
1211 3489 1322 3556 scilicet
1335 3508 1481 3574 quemque
1492 3492 1647 3573 psalmum,
1660 3492 1710 3575 qui
1723 3492 1753 3557 in

197 3603 254 3691 μδν
271 3602 303 3668 ἒν
319 3613 365 3688 τῷ
384 3601 470 3669 τέλει
487 3605 612 3693 ἔχοντα·
628 3605 808 3696 Εὐλογητὸς
826 3605 945 3696 Κύριος,
999 3595 1057 3662 fille
1071 3596 1202 3664 haberti:
1218 3599 1389 3688 neptune
1403 3598 1493 3680 Data,
1510 3599 1574 3682 We
1587 3599 1651 3681 fidi,
1675 3597 1752 3664 hune

198 3710 339 3804 γένοιτοό
356 3711 497 3806 *sinerent
514 3721 610 3778 τοῦτο
625 3711 715 3788 τέλος
739 3705 860 3797 biblico
885 3703 947 3778 ἑδι-
999 3704 1066 3770 libri
1087 3724 1153 3772 08⁵0
1174 3717 1352 3790 p0⁸lf0m¹¹m
1373 3708 1429 3792 (9)-

197 3819 365 3894 καίωσαν...
1044 3865 1052 3887 ν
1150 3827 1153 3834 ’

239 3927 323 3993 Πότε
355 3927 409 3992 καὶ
439 3928 521 4004 ὅπως
552 3933 593 4006 εἰς
622 3927 745 4002 ταύτην
774 3924 943 4004 ἤλθετον
1037 3921 1750 4009 Quoautemtempore,quorepactobaucpsal·

196 4028 330 4126 ψαλμῶν
352 4035 412 4110 τὴν
430 4037 566 4101 ἐτίνοιαν
582 4039 598 4099 ὁ
616 4034 696 4113 θεῖος
721 4027 827 4116 Δαυίδ;
852 4044 947 4103 Δοκεῖ
998 4050 1110 4098 morum
1130 4036 1274 4098 talionem
1294 4032 1414 4098 divinus
1429 4031 1526 4096 David
1541 4027 1745 4111 excogitavit?

196 4144 251 4234 μὲν
269 4143 324 4209 καὶ
339 4153 460 4234 πρῶτος
477 4143 531 4208 καὶ
548 4143 639 4232 μόνος
651 4143 705 4208 ool
717 4136 750 4220 ἐξ
763 4147 871 4233 ἀρχῆς,
889 4146 943 4211 ὅτε
997 4139 1112 4205 Primus
1133 4140 1253 4223 quidem
1266 4159 1301 4205 ae
1314 4140 1394 4205 solus
1407 4139 1527 4204 videtur
1542 4139 1643 4214 tuisse,
1659 4136 1749 4219 idque

194 4253 248 4317 καὶ
271 4263 336 4330 τοῖς
361 4244 527 4330 δακτύλοις
557 4253 667 4343 ἔλεγεν
692 4246 882 4341 ἁρμόζεσθαι
904 4254 943 4319 τό
997 4247 1035 4313 ab
1057 4247 1153 4329 initio,
1176 4267 1267 4333 quum
1280 4248 1373 4331 elegit
1386 4246 1560 4331 psalterium
1580 4243 1683 4328 digitis
1698 4262 1746 4310 co·

233 4500 279 4586 (s)
295 4497 442 4567 Hruunrus.
458 4499 540 4565 Prot.
554 4500 604 4566 λδ.
618 4501 653 4565 ln
670 4499 843 4584 diapsalma
856 4521 940 4586 vero,
997 4501 1091 4567 altero
1112 4499 1184 4566 artis
1205 4500 1323 4565 musicae
1343 4497 1461 4567 modulo
1481 4497 1611 4580 cantari,
1634 4493 1749 4562 intelli-

192 4591 270 4674 quod
282 4591 471 4675 interpretum
488 4591 620 4673 plurimis
636 4590 755 4673 psalmis
771 4603 825 4670 est,
835 4611 944 4674 cogno·
996 4591 1125 4675 gendum
1145 4592 1196 4656 sit.

191 4681 333 4746 scendum
348 4689 405 4761 est,
422 4679 651 4746 demutationem
665 4689 717 4745 aut
737 4698 871 4762 persuum
890 4694 943 4748 aut
1035 4680 1079 4762 (p)
1100 4680 1250 4744 Hrunnrus.
1273 4677 1357 4742 Prol.
1381 4698 1411 4742 n.
1434 4679 1463 4742 1.
1487 4675 1587 4760 Aliqui
1610 4673 1747 4740 llebraeo·

192 4787 295 4835 sensus
309 4770 365 4834 sub
379 4769 573 4835 conversione
584 4768 664 4834 modi
676 4770 781 4834 musici
794 4771 939 4852 inchoari,
995 4785 1058 4832 rum
1071 4786 1121 4834 eos
1135 4768 1165 4832 in
1180 4770 1310 4850 quinque
1325 4768 1413 4832 libros
1424 4765 1537 4832 diuisos
1551 4764 1657 4829 uolunt
1671 4779 1745 4827 esse:

191 4869 224 4925 ut
237 4859 342 4925 sicubi
357 4859 534 4944 diapsalma
544 4858 754 4938 intercesserit,
765 4870 818 4926 aut
829 4861 942 4945 aliquid
994 4859 1187 4940 ursinusque
1201 4858 1232 4921 in
1247 4862 1300 4922 XL
1314 4857 1388 4922 liber
1400 4858 1522 4941 primus,
1536 4865 1592 4921 etc.
1609 4854 1655 4920 Ob
1669 4853 1747 4936 quod

190 4949 271 5014 aliud
292 4949 368 5031 diei,
388 4958 442 5016 aut
460 4949 549 5016 etiam
570 4948 609 5013 ab
630 4950 724 5016 altero
745 4949 815 5033 diei,
838 4961 890 5016 aut
910 4953 941 5018 in
994 4948 1025 5013 bi
1046 4967 1154 5102 omne}
1169 4947 1274 5029 psalmi
1297 4948 1327 5012 in
1342 4947 1598 5014 consummatione
1619 4963 1673 5010 sua
1694 4942 1747 5008 ba·

993 5038 1101 5105 beant:
1154 5037 1209 5118 iot,
1232 5037 1296 5120 fiel.

242 5214 266 5280 l)
288 5217 340 5271 Hie
358 5217 441 5290 plura
459 5236 515 5274 om.
535 5221 563 5272 et
586 5215 668 5289 plura
692 5221 789 5290 postea
807 5219 884 5276 addit
901 5221 940 5277 De
994 5219 1013 5286 'l
1028 5217 1110 5276 Solus
1123 5219 1220 5275 Casan.
1237 5222 1381 5292 sequeutia
1394 5219 1478 5276 dedit.
1492 5249 1525 5260 -
1538 5217 1560 5283 8)
1575 5216 1627 5271 Hie
1641 5215 1745 5286 Origo·

191 5305 340 5380 Magistris
353 5327 415 5382 quae
434 5315 515 5367 extra
527 5310 642 5365 eborum
654 5310 765 5366 omnino
779 5317 891 5368 canunt.
905 5343 940 5354 -
994 5328 1044 5367 ues
1065 5309 1174 5366 ridetur
1192 5308 1296 5382 alloqui
1316 5313 1435 5370 amioum
1454 5327 1534 5370 sunm
1553 5305 1742 5366 Ambrosium.
