3976 6078
949 624 1034 691 XXI

205 774 296 844 nulli
320 791 428 860 saepe
453 771 619 858 Oedippo,
645 788 761 856 neque
786 768 854 856 ipsi
874 767 1054 836 venditori
1080 766 1299 837 extricanda.
1319 723 1518 852 Egovero,
1538 783 1763 854 quacumque

203 892 341 960 invidia
364 893 502 968 urente,
529 889 638 957 malui
663 886 848 956 nonnullis
872 886 1006 954 notulis
1042 886 1173 953 addere
1198 902 1385 972 operosam
1411 887 1448 952 et
1470 887 1680 971 perpetuam
1705 883 1764 953 la-

204 1009 395 1092 tinitatem,
421 1025 513 1092 quae
536 1005 632 1074 obvii
657 1005 695 1073 in
718 1004 834 1072 vicem
859 1002 1106 1072 commentarii
1132 1001 1319 1073 inserviat.

294 1125 358 1192 llis
381 1121 601 1211 praemissis,
626 1141 670 1191 ex
695 1121 820 1190 ordine
855 1120 1023 1207 deinceps
1047 1119 1313 1206 chronologice,
1338 1121 1511 1208 sequatur
1545 1117 1763 1207 scriptorum

190 1247 343 1328 agmen,
369 1259 449 1309 cum
481 1239 585 1308 novis
610 1238 804 1306 identidem
829 1236 1095 1325 impedimentis
1119 1237 1404 1320 anecdoctorum,
1430 1254 1521 1322 quae
1543 1235 1605 1304 vel
1629 1253 1763 1323 oppon*

202 1362 291 1427 tuno
313 1361 474 1446 tempore
499 1375 569 1425 non
595 1355 741 1426 luerunt
763 1358 917 1444 praesto,
942 1356 1002 1425 vel
1027 1356 1215 1425 maturiori
1241 1354 1402 1440 indagini
1430 1356 1616 1423 reservata
1641 1355 1738 1421 sumt.

809 1739 1047 1810 SAECULUM
1071 1737 1251 1810 PlthUM

272 2097 421 2152 SANCTUS
445 2099 605 2151 CLEMENS
628 2100 804 2151 Romanas

283 2201 308 2260 l.
331 2199 380 2258 iix
401 2198 494 2278 epist.
519 2199 533 2258 I
555 2197 597 2259 ad
613 2197 789 2259 Corinthios
803 2203 827 2260 t.
845 2197 887 2274 ΙΙ,
904 2199 966 2277 p.i
1007 2198 1078 2262 276.
1102 2197 1149 2262 cl.
1174 2199 1353 2274 Protagora.
1377 2217 1407 2276 p.
1430 2195 1500 2260 Vll.
1524 2197 1611 2261 Vlll.

281 2308 396 2368 11.le
421 2303 524 2386 epist.
563 2307 593 2368 ll
619 2308 657 2368 ed
685 2307 823 2382 eosdem,
853 2311 877 2368 t.
906 2306 960 2369 lV.
1084 2307 1139 2371 IV.
1166 2306 1285 2368 Pseudo
1320 2307 1466 2367 Glerneos.
1499 2306 1703 2384 quaestiones
1735 2309 1769 2366 et

200 2435 231 2496 p.
255 2413 285 2492 1,
306 2415 377 2476 276.
1000 2431 1152 2495 responsa
1171 2432 1212 2474 ex
1233 2415 1518 2492 Recopnitionibus,
1542 2415 1589 2474 uti
1611 2414 1708 2476 inira.

280 2523 336 2586 Ill.
352 2525 579 2602 Fragmentum
602 2523 755 2604 spurium,
770 2529 795 2587 t.
812 2523 867 2600 lV,
883 2545 913 2604 p.
926 2525 957 2602 2,
1081 2525 1119 2586 V.
1136 2525 1185 2584 Ex
1201 2522 1286 2583 lihro
1303 2525 1316 2584 l
1332 2523 1538 2584 Pariodormn
1554 2525 1588 2581 in
1601 2524 1766 2583 Caesarea.

280 2630 307 2694 1.
329 2631 432 2695 Tanta
451 2637 512 2710 est,
535 2635 618 2695 haud
637 2633 797 2694 immerito
818 2611 904 2711 jure,
942 2634 1106 2694 doctorum
1135 2631 1318 2693 sollicitudo
1349 2632 1386 2692 de
1417 2634 1577 2696 Clemente
1607 2633 1762 2706 Romano,

205 2759 396 2820 quocumque
418 2742 566 2804 idiomate
587 2742 776 2823 reperiatur,
806 2747 842 2803 ut
872 2759 914 2802 ex
944 2741 1072 2820 integro
1104 2742 1180 2802 dare
1207 2739 1479 2828 nonldistulerlm
1507 2740 1612 2801 locum
1644 2739 1765 2819 primae

204 2850 348 2928 epistolae
370 2849 408 2910 ad
422 2850 619 2927 Corinthios,
642 2851 680 2912 ab
700 2853 739 2912 A.
761 2847 845 2910 Maio
865 2854 1084 2925 memoratum,
1106 2854 1138 2909 et
1159 2847 1283 2908 frustra
1304 2848 1457 2911 hactenus
1473 2847 1663 2926 requisitum
1679 2845 1766 2909 inter
1808 2912 1814 2920 ,

200 2956 321 3017 codices
342 2955 524 3034 Vaticanus,
547 2959 600 3019 scd
622 2958 702 3021 satis
722 2957 839 3036 exigua
860 2957 1017 3020 varietate
1039 2959 1221 3019 notandum.

280 3065 324 3141 ΙΙ,
346 3065 403 3126 ΙΙΙ.
425 3065 640 3144 Quaecumque
660 3071 808 3145 spectant
829 3066 867 3126 od
889 3072 1009 3128 tomum
1030 3065 1084 3142 IV,
1108 3064 1141 3125 in
1162 3065 1302 3144 ejusdcm
1324 3063 1555 3147 prolegomenis
1577 3065 1647 3128 fuse
1662 3064 1765 3146 expli-

201 3175 325 3234 cantur.
362 3173 532 3236 Occasione
566 3181 672 3237 autem
706 3175 791 3249 data,
824 3173 961 3235 codicem
992 3174 1216 3251 parisiensem,
1250 3192 1341 3253 quem
1373 3173 1473 3233 miror
1504 3193 1523 3235 a
1558 3175 1692 3250 nemine,
1729 3172 1763 3232 ni

201 3279 314 3358 iallor,
337 3281 502 3359 collatum,
525 3282 721 3344 comminisci
738 3283 844 3361 juvat:
868 3281 1083 3346 coislinianus
1103 3289 1152 3346 cst
1173 3283 1230 3344 sub
1252 3299 1337 3345 num.
1359 3283 1431 3358 279,
1454 3281 1531 3342 olim
1552 3281 1689 3344 tortasse
1717 3301 1769 3342 ne·

179 3388 336 3470 [glectua
362 3390 414 3452 rel
436 3408 455 3450 a
474 3390 644 3468 Maurinis,
667 3391 741 3471 quia
763 3392 851 3454 risus
872 3397 921 3454 est
941 3392 1049 3452 eadem
1070 3390 1232 3452 continere
1263 3407 1355 3469 quam
1377 3390 1565 3451 Damasceni
1587 3392 1763 3469 Paroraia,

199 3515 240 3558 ex
260 3497 367 3558 codice
389 3499 649 3578 claromontano,
673 3519 755 3561 nunc
776 3499 960 3570 oxoniensi,
979 3499 1180 3580 pervulgata.
1197 3499 1257 3560 Sed
1273 3498 1487 3561 Ooislinianus
1503 3499 1650 3578 syllogen
1665 3499 1767 3560 conti·
1816 3533 1819 3538 -

199 3609 254 3666 net
284 3606 501 3670 damasceuica
523 3611 742 3688 recentiorem,
766 3610 799 3670 in
822 3628 885 3689 qua
907 3610 1039 3672 Photius
1067 3609 1233 3672 adducitur
1250 3625 1321 3668 cum
1342 3607 1453 3668 multis
1471 3606 1619 3667 Philonis
1643 3613 1676 3670 et
1697 3604 1784 3672 Me-¹

199 3713 301 3774 tholii
321 3715 414 3776 novis
436 3718 608 3794 anecdotis,
630 3735 709 3799 quae
724 3717 813 3778 inira
837 3719 992 3796 dabimus,
1009 3718 1124 3780 atalia
1144 3735 1223 3796 quae
1244 3733 1318 3778 mox
1339 3716 1519 3778 succedunt.
1537 3713 1573 3774 ln
1588 3733 1649 3792 quo
1664 3712 1766 3792 igitur

201 3821 308 3883 codiee
322 3823 460 3904 quinque
473 3823 657 3906 fragmenta
670 3827 828 3889 Clementi
852 3828 1067 3905 ascribuntur,
1083 3831 1116 3888 et
1136 3826 1261 3906 quidem
1282 3826 1343 3886 duo
1357 3841 1398 3885 ex
1411 3823 1550 3903 epistola
1571 3823 1708 3884 secunda
1724 3823 1762 3882 ad

203 3929 400 4002 corinthios.

277 4037 397 4120 Incipit
418 4040 554 4121 primum
576 4044 598 4106 f.
620 4045 660 4106 34
682 4044 777 4126 paulo
799 4043 897 4108 aliter
918 4045 956 4108 ab
977 4047 1046 4118 edd.
1071 4062 1112 4108 ex
1132 4061 1201 4126 cap.
1223 4043 1296 4106 XX:
1320 4037 1372 4110 lla*
1394 4033 1579 4132 ταρασσέτω
1601 4033 1657 4109 criu
1688 4061 1764 4132 καρ-

198 4135 282 4225 δῖαν,
304 4149 410 4228 pergit
431 4169 527 4231 usque
548 4154 587 4216 ad
609 4146 770 4241 κερδαλέον
793 4141 961 4232 διώκοντες,
993 4174 1065 4216 cum
1086 4155 1136 4216 his
1159 4153 1385 4216 varietatibus:
1409 4145 1507 4224 οὐδεῖς
1534 4145 1597 4239 yeip
1628 4154 1685 4213 τῶν
1726 4144 1770 4213 δι·

197 4245 320 4317 καίων..
345 4249 452 4330 εὐθέως
473 4252 631 4341 ἀπεδίδου,
654 4263 770 4326 omisso
791 4255 989 4348 συντέμως...
1013 4269 1081 4326 tum
1109 4280 1178 4326 var.
1210 4254 1244 4324 ου’
1265 4254 1317 4324 διαὶ
1346 4256 1381 4323 rc*
1403 4253 1538 4344 εὐσεβὲς.
1561 4260 1610 4323 Cf.
1634 4261 1761 4320 Patrol.

200 4366 229 4446 1,
251 4365 321 4445 456,
347 4369 545 4448 Hilgenfeld.
568 4373 618 4450 84,
641 4373 750 4451 runa,
772 4375 801 4452 1,
826 4373 897 4437 168.

276 4477 379 4539 Locus
400 4481 554 4541 secundus
569 4482 592 4542 f.
607 4481 678 4557 244,
701 4483 759 4544 sub
781 4484 839 4544 hoc
854 4483 966 4546 titulo:
983 4475 1017 4545 ἔκ
1032 4485 1087 4555 τῆς
1102 4475 1177 4573 πρὸς
1193 4470 1371 4572 Κορινθίους
1387 4470 1429 4564 β’.
1446 4471 1613 4553 ἐπιστολῆς
1636 4475 1759 4556 incipit:

197 4577 233 4643 ‘0
255 4581 304 4647 τδν
325 4581 495 4674 παρόντων,
518 4592 624 4670 pergit
644 4593 682 4654 ad
700 4583 849 4677 περιβολὴ
868 4585 1000 4678 γίνεται,
1025 4592 1119 4672 plane
1141 4597 1176 4653 ut
1197 4589 1230 4649 in
1254 4589 1375 4653 Patrol.
1402 4588 1430 4664 l,
1454 4588 1523 4667 457,
1542 4590 1575 4649 in
1591 4587 1756 4662 auctariis,

196 4713 275 4778 quae
296 4699 420 4775 quidem
439 4699 545 4777 potius
567 4701 763 4762 Clementem
786 4701 1041 4763 Alexandrinum
1062 4700 1203 4784 sapiunt.

276 4808 327 4868 Ex
347 4807 450 4868 tribus
471 4807 596 4872 caeteris
620 4808 821 4888 fragmentis,
844 4809 903 4870 duo
926 4809 1014 4870 inira
1035 4809 1211 4871 recitantur
1234 4807 1302 4888 (lV,
1320 4808 1371 4891 V).
1389 4809 1517 4873 Tertius
1533 4809 1556 4873 l.
1573 4811 1633 4872 246
1648 4826 1762 4871 occur⁴

196 4915 241 4978 rit
261 4915 295 4976 in
318 4916 500 4980 Cleoscatin.
524 4918 596 4978 hom
614 4903 649 4980 ἸΙ
671 4918 720 5000 (P.
745 4919 887 4998 Lagarde
909 4940 939 4999 p.
963 4920 1014 4995 32,
1038 4918 1174 5000 13-19),
1198 4918 1362 4980 nonnullis
1383 4919 1520 4997 omissis,
1540 4920 1632 4981 unica
1652 4919 1761 4980 varie-

197 5028 263 5086 tate
285 5022 342 5114 rix
363 5024 566 5105 excipienda:
590 5018 811 5100 ἀσυνειδήτως.
1580 5001 1583 5008 ¹

276 5131 447 5212 Sequentia
465 5133 534 5215 (lV,
552 5135 594 5217 V)
615 5144 670 5200 aut
691 5138 785 5201 editis
807 5140 932 5218 desunt,
950 5144 1005 5203 aut
1027 5159 1144 5203 novum
1165 5142 1428 5205 Clementiaarum
1449 5141 1589 5204 codicem
1608 5140 1760 5220 produnt,

197 5243 356 5305 aduobus
377 5245 517 5323 cognitis
548 5245 697 5308 alienum.
731 5249 817 5315 Quae
850 5249 975 5310 uncinis
1008 5250 1226 5328 includuntur,
1259 5251 1387 5312 omnino
1418 5250 1639 5312 desiderantur
1675 5249 1757 5327 apud

197 5352 352 5434 Lagarde,
374 5371 404 5433 p.
426 5353 476 5430 35,
499 5354 549 5418 21.
571 5353 672 5418 Locus
707 5355 820 5418 librii
850 5352 994 5446 περιέδων
1017 5359 1235 5442 quaestionem
1259 5363 1365 5420 movet
1391 5375 1432 5417 an
1459 5357 1695 5434 Reccoaitioncs
1730 5357 1764 5415 et

200 5471 357 5538 Homilice
376 5488 395 5531 a
415 5471 560 5536 l‘eriodia
579 5475 799 5554 secernamur,
821 5495 899 5556 quas
922 5473 1082 5556 singulari
1103 5471 1227 5536 nomine
1242 5473 1420 5533 memorant
1437 5466 1589 5544 Origenes
1609 5467 1761 5527 Philocal·
