3966 6120
236 495 297 570 629

246 668 284 718 17.
302 666 392 719 omnis
409 666 452 717 bic
469 665 588 718 mundus

245 759 283 808 18.
301 755 358 821 agri
377 767 458 821 seges

245 849 282 897 19.
301 846 418 911 apastoli
436 845 619 910 pascebantur

243 936 282 986 20.
300 939 329 987 et
345 935 534 988 manducasse.

245 1037 271 1089 p.
290 1027 331 1086 ts,
348 1026 374 1085 l,
390 1028 414 1076 5.
433 1025 587 1078 liberamus
606 1029 681 1078 sexta
699 1025 760 1077 dies

244 1115 267 1165 6.
286 1114 390 1166 aridam
408 1114 461 1166 boc
476 1119 520 1166 est

243 1203 267 1254 7.
284 1216 339 1255 ent.
363 1217 434 1256 eum.

244 1295 282 1345 10.
300 1295 392 1347 iratris
410 1295 461 1362 sui,
479 1295 522 1348 iile
539 1300 697 1361 quassatum
715 1295 848 1348 calamum

245 1386 282 1434 11.
301 1383 346 1448 qul
363 1397 431 1436 vero
450 1385 585 1438 modicam

244 1473 281 1524 19,
301 1474 326 1524 in
345 1475 467 1538 parvolis
486 1514 492 1526 .
512 1514 517 1526 .
537 1515 543 1526 .
562 1487 677 1540 quorum
696 1477 815 1527 cbristus

244 1564 282 1613 11.
301 1562 327 1613 in
345 1564 429 1615 domo
447 1565 525 1620 lortis

243 1653 281 1704 17.
300 1655 391 1706 evicto

243 1745 281 1794 18.
299 1743 333 1794 de
355 1748 492 1808 potestate

243 1835 280 1884 19,
301 1839 435 1900 sanctum,
454 1838 482 1885 ut
499 1835 535 1885 ait
552 1824 695 1900 apostolus'
705 1847 711 1884 :
729 1833 861 1885 babemus
879 1833 986 1885 tbesau-

290 1935 349 1973 rum
367 1924 438 1975 brine

224 2007 283 2070 'ab
300 2014 338 2062 25.
358 2013 398 2063 cui
417 2013 616 2079 contradicere,
631 2013 735 2076 justitia
752 2018 807 2076 est,
821 2027 874 2066 non
893 2027 987 2078 pecea-

289 2105 345 2153 tum
364 2101 437 2165 (cdd.
456 2108 518 2154 ante
538 2110 679 2167 peecatum
692 2105 716 2169 l)

245 2202 271 2254 p.
291 2192 370 2256 19,1.
390 2193 566 2256 praedicebat

240 2283 267 2330 2.
282 2285 309 2332 et
326 2283 409 2334 bomo
428 2296 478 2347 per
501 2291 616 2338 matrem

240 2372 264 2421 3.
281 2377 310 2422 11
326 2384 422 2425 sumus

240 2463 263 2512 8.
283 2461 337 2513 illio
354 2463 397 2514 dei
416 2463 688 2527 remunerantem
710 2469 866 2529 recoctione.

239 2555 263 2602 9.
281 2552 315 2603 ad
332 2552 473 2604 dominum
491 2554 597 2606 delictis

241 2642 277 2692 10.
298 2645 327 2692 ut
343 2642 380 2693 ait
396 2643 562 2696 biszeebibel

243 2733 282 2784 11.
300 2735 470 2786 exerraverit

241 2826 279 2875 11.
298 2825 324 2876 in
343 2839 502 2892 quacunque
519 2827 564 2880 die

241 2920 278 2969 11.
298 2918 441 2970 ecclesiam
458 2918 589 2983 spiritalia
612 2922 725 2984 peccata

241 3009 278 3058 15.
296 3019 351 3058 am.
375 3021 423 3060 sua

238 3101 277 3150 20.
296 3113 410 3165 regnum
429 3101 569 3154 coelorum

239 3191 278 3239 21.
296 3191 416 3242 ostendit
433 3191 548 3242 missam
567 3193 592 3242 in
612 3194 637 3244 b.
656 3205 692 3243 m.

239 3279 277 3328 22.
296 3276 368 3341 qaod
385 3288 499 3342 granam
519 3282 662 3332 minimum
681 3282 791 3346 quidam
810 3285 854 3333 cst
870 3280 903 3332 ab
926 3293 983 3332 om-

286 3366 364 3418 nibus

238 3457 278 3508 13.
296 3469 378 3508 onore
399 3460 480 3510 mute.

237 3549 274 3599 15.
294 3551 370 3598 esset
387 3549 551 3600 constitutus
570 3588 576 3600 .
596 3588 601 3602 .
622 3588 627 3600 .
645 3561 691 3602 om
708 3551 803 3615 inquit.

237 3638 275 3688 el.
294 3638 379 3688 nostri
398 3650 479 3689 causa
497 3651 564 3702 qrros

235 3728 274 3776 111.
293 3726 342 3777 scd
360 3732 425 3790 post
441 3740 522 3791 quam
541 3730 671 3788 creverit,
689 3730 777 3793 majus
799 3729 829 3782 ut
854 3730 980 3783 omnibus

282 3815 411 3881 oleribus,
430 3817 482 3868 boc
498 3821 541 3868 est
559 3823 622 3881 post
634 3831 713 3883 quam
727 3821 846 3872 creverit
861 3821 980 3872 cbristus

236 3907 275 3957 eo.
292 3908 366 3956 mule
383 3907 485 3968 reperit
502 3907 589 3970 maius
608 3908 636 3960 iit
654 3910 781 3962 omnibus
798 3911 918 3964 oleribus

235 3999 274 4048 31.
293 4009 347 4050 om.
365 3996 493 4062 inquitet
511 3998 582 4050 Deus
607 4029 611 4036 -

205 4102 210 4112 ·
235 4089 274 4138 31.
290 4100 387 4139 omnes
404 4101 475 4152 genu
496 4089 605 4142 llectant

148 4233 156 4254 ⁶
236 4189 264 4241 p.
281 4180 321 4240 50,
338 4180 360 4229 3.
379 4179 543 4232 ostendebat

234 4271 259 4319 5.
278 4269 413 4333 significat

235 4361 258 4410 1.
276 4359 407 4411 catbolica
425 4360 549 4412 doctrina

234 4450 257 4498 9.
276 4448 419 4512 apostolus
437 4449 534 4501 Paulus

237 4537 274 4587 111.
291 4543 319 4588 11
336 4537 360 4589 in
376 4553 438 4592 aera
455 4541 540 4592 etsie
557 4541 643 4592 sancti
662 4555 712 4606 pcr
728 4555 790 4594 eum
809 4543 836 4594 d.
863 4557 887 4595 e.

235 4628 272 4678 11.
289 4627 325 4680 ita
342 4628 460 4682 difficilia
477 4635 504 4682 et
521 4633 647 4684 acredine
666 4635 769 4698 ingrato
793 4635 930 4708 indevotis

234 4720 272 4768 la.
290 4719 385 4782 sinape
402 4721 574 4772 sumentibus
591 4734 664 4773 cum

233 4809 271 4859 ll.
289 4808 434 4861 thesaurus
450 4821 517 4861 vero
534 4811 654 4863 cbristus
672 4811 715 4876 nui
735 4814 858 4866 triduana
884 4814 927 4866 bic

232 4899 270 4950 16.
289 4898 314 4950 in
332 4899 435 4953 saeculo

233 4992 268 5042 17.
287 4991 393 5055 accepit
409 4989 438 5055 (l.
456 4992 591 5057 acceptis)

232 5081 270 5130 19.
290 5081 379 5144 moysi

229 5171 312 5233 1113.
331 5170 357 5222 b.
376 5170 503 5224 dominus
521 5172 610 5236 pascit
632 5194 635 5202 ·

230 5271 256 5326 p.
273 5261 313 5324 51,
331 5263 353 5311 1.
373 5271 470 5312 navam
488 5261 643 5327 ecclesiam,
661 5265 774 5316 ventum

1039 663 1063 712 1.
1082 659 1209 728 quattuor
1224 654 1366 736 evangelia
1382 653 1410 719 d.
1427 679 1454 732 q.
1472 657 1625 722 adventarit

1040 750 1063 800 3.
1081 763 1135 802 om.
1154 757 1244 804 autem
1261 760 1370 818 petrum

1041 835 1065 890 1.
1083 851 1144 891 cum
1163 841 1307 894 submersa
1324 849 1368 896 est

1042 929 1065 978 6.
1084 933 1128 980 est
1145 928 1187 980 lex

1041 1017 1065 1066 8.
1084 1016 1118 1068 de
1136 1019 1227 1072 multis
1245 1023 1403 1086 praeceptis

1042 1108 1065 1156 s.
1085 1107 1188 1160 iaciens
1206 1109 1351 1162 salvatoris

1044 1197 1082 1247 10.
1100 1195 1152 1249 illis
1169 1199 1263 1251 exiens

1043 1288 1081 1337 11.
1099 1286 1239 1360 idolatriae
1259 1290 1437 1344 mundaretur

1042 1378 1079 1427 15.
1099 1376 1231 1440 papulam
1248 1381 1378 1444 gentilem
1447 1447 1450 1453 y

1042 1467 1080 1516 16.
1098 1481 1152 1520 om.
1171 1481 1235 1521 essa

1041 1560 1079 1610 l7.
1097 1557 1235 1610 uoluisset

1041 1649 1079 1698 19.
1097 1660 1175 1698 suum
1194 1661 1295 1714 corpus
1314 1690 1320 1702 .
1340 1690 1345 1703 .
1366 1691 1371 1701 .
1390 1652 1516 1703 bomiaos
1531 1653 1697 1718 significarit

1040 1740 1078 1788 11.
1098 1750 1148 1802 per
1168 1739 1280 1792 catellos

1039 1830 1078 1878 11.
1100 1828 1207 1890 cadere,
1226 1829 1313 1882 idest

1039 1926 1077 1974 15.
1097 1923 1217 1986 separari
1236 1923 1370 1987 signibcat
1387 1925 1561 1978 reiectionem

1039 2015 1078 2064 aa.
1096 2015 1179 2066 boitro
1196 2014 1380 2068 adtrahendus
1397 2021 1456 2068 erat
1472 2017 1507 2068 dc
1525 2030 1549 2068 s.

1039 2103 1078 2153 90.
1097 2107 1224 2167 quattuor
1241 2105 1421 2170 intellegenda

1040 2202 1067 2254 ρ.
1087 2195 1126 2258 51,
1146 2196 1167 2243 1.
1186 2207 1301 2258 ortorum
1321 2194 1438 2259 prolatio

1039 2289 1065 2336 5.
1083 2283 1153 2336 illius
1170 2284 1234 2335 labri
1254 2284 1297 2335 vel

1038 2378 1061 2426 11.
1079 2387 1133 2426 om.
1153 2387 1183 2425 se
1203 2413 1209 2425 .
1228 2413 1234 2424 .
1253 2413 1259 2424 .
1277 2373 1335 2426 trid
1351 2374 1413 2440 quia
1431 2375 1490 2439 ipse
1508 2380 1552 2426 est

1038 2465 1061 2515 7.
1080 2478 1133 2516 aaa.
1153 2465 1225 2516 Deus
1244 2503 1250 2515 .
1269 2505 1274 2516 .
1296 2468 1347 2516 .et
1365 2465 1390 2516 in
1409 2465 1543 2528 principio

1038 2557 1061 2604 a.
1081 2554 1177 2619 spiritu
1195 2555 1260 2607 vitia
1275 2551 1348 2616 (edd.
1373 2555 1504 2618 spiritalia
1522 2555 1561 2620 v.)
1581 2593 1587 2606 .
1607 2593 1613 2606 .
1631 2594 1638 2605 .
1657 2567 1783 2608 securem

1086 2658 1249 2697 ammonens

1039 2750 1066 2802 p.
1083 2739 1123 2801 53,
1142 2737 1164 2786 l.
1182 2735 1275 2786 discus
1300 2735 1451 2787 norissima
1473 2747 1538 2800 pars
1561 2735 1663 2787 coenae
1681 2735 1785 2799 signill-

1083 2831 1168 2889 catur,
1187 2825 1305 2876 iuturum
1323 2837 1390 2889 ergo

1037 2920 1061 2968 5.
1079 2917 1218 2981 exciperet

1038 3010 1062 3058 8.
1080 3021 1134 3060 nm.
1150 3005 1260 3068 joannis
1278 3005 1383 3071 passio,
1409 3015 1461 3067 pro
1484 3017 1540 3069 auo
1566 3017 1616 3070 per
1641 3003 1784 3069 apostolos

1086 3097 1289 3163 praedicandam

1037 3192 1060 3240 9.
1080 3188 1129 3240 sed
1148 3199 1236 3250 usque

1038 3281 1076 3329 11.
1094 3277 1164 3328 sicut
1181 3288 1271 3340 poenre

1038 3369 1076 3419 la.
1095 3369 1166 3419 sicut
1183 3365 1287 3430 posteri

1037 3460 1074 3511 li.
1093 3458 1193 3510 besdra
1210 3455 1317 3507 dicento
1335 3453 1363 3518 (l.
1382 3454 1511 3519 ducente)
1530 3453 1669 3506 redierunt
1686 3454 1719 3506 de
1739 3452 1769 3505 ll.

1037 3551 1074 3601 17.
1092 3547 1258 3614 generaliter
1280 3545 1345 3596 dicit

1037 3641 1073 3690 18.
1092 3645 1120 3690 11
1137 3639 1207 3690 sicut
1224 3635 1302 3688 nabis

1035 3735 1074 3790 ab.
1097 3733 1132 3784 ita
1149 3737 1177 3784 et
1194 3744 1244 3784 nos

1034 3831 1073 3880 11,
1092 3827 1253 3892 persoluere

1033 3921 1073 3971 11,
1091 3917 1193 3970 scillcel
1213 3915 1316 3979 majore

1034 4005 1217 4070 1511111111
1236 4003 1391 4056 dubitarent

1034 4111 1062 4163 p.
1080 4101 1119 4164 51,
1138 4102 1161 4150 1.
1179 4097 1296 4149 transire
1314 4107 1364 4160 per
1383 4097 1399 4147 1.
1417 4109 1441 4148 a.

1032 4190 1056 4240 3.
1073 4200 1205 4253 egressus
1222 4191 1298 4239 esset
1314 4186 1348 4238 de
1366 4199 1427 4251 neg.
1445 4186 1480 4238 de
1502 4198 1556 4250 auo

1032 4281 1056 4329 1.
1076 4279 1128 4331 boc
1146 4280 1190 4328 est

1032 4369 1054 4416 9.
1074 4365 1175 4418 babere
1193 4379 1246 4419 noa
1265 4366 1365 4417 meruit

1033 4458 1070 4506 11.
1088 4455 1209 4507 coarluce
1229 4454 1415 4506 mercenarios

1032 4558 1059 4610 p.
1076 4548 1115 4611 55,
1134 4549 1157 4597 1.
1174 4549 1217 4597 est
1235 4544 1443 4610 intellegendus,
1462 4544 1506 4608 qui
1527 4581 1533 4596 .
1552 4583 1559 4595 .
1578 4583 1584 4595 .
1603 4543 1655 4595 boc
1673 4545 1779 4608 estqui

1031 4639 1055 4688 5.
1073 4636 1192 4688 calorem
1211 4635 1366 4698 primaevae
1384 4633 1519 4686 tolerasse

1030 4727 1053 4776 1.
1070 4729 1214 4789 augmenta
1232 4723 1404 4775 continentes

1031 4819 1054 4866 9.
1073 4827 1159 4866 nanae
1177 4824 1299 4877 moyses,
1318 4811 1482 4865 undecimae

1031 4907 1069 4956 11.
1088 4905 1169 4956 vitam
1188 4908 1328 4956 aeternam

1077 4993 1153 5060 (Huc
1170 5007 1203 5047 eo
1221 4993 1312 5048 codex
1339 4993 1486 5045 transtulit
1502 5004 1576 5058 quac
1597 4994 1692 5056 aptius
1710 4991 1781 5044 editi

1077 5084 1179 5138 babent
1196 5095 1223 5149 p.
1241 5085 1280 5150 11,
1301 5084 1339 5135 lb.

1030 5177 1070 5227 lb.
1088 5172 1260 5228 adduxerunt

1029 5267 1067 5318 11.
1085 5277 1220 5331 praesepe
1237 5265 1264 5318 d.
1283 5277 1306 5318 s.
1324 5263 1463 5330 cognorit,
1482 5261 1534 5315 boc
1554 5265 1599 5322 est
