4064 6108
310 419 369 483 302
907 416 957 482 DE
978 417 1258 486 ttuxtuutttuts

308 589 371 634 rum
394 577 618 648 monomenta»
633 587 699 652 quas
712 567 858 633 Eusebius
869 569 959 633 habet
971 568 1162 634 «divinorum
1173 569 1345 652 dogmatum
1355 567 1505 634 thesauros
1520 568 1852 653 1).»Νἰ1ιί1αὑτολεξεὶ

246 666 249 673 ’
308 687 452 763 superest.
467 676 564 742 Pauca
584 693 653 761 quae
672 685 880 758 memorantur,
896 677 996 743 multis
1008 678 1045 743 de
1059 695 1141 743 more
1155 678 1276 744 ornavit
1296 677 1457 744 llalloivius
1470 678 1508 758 ²),
1525 680 1627 761 paucis
1641 691 1672 746 et
1686 683 1759 746 scite
1772 700 1852 750 coer·

306 785 368 850 cuit
384 782 596 849 Bollandianns
609 782 646 862 ³),
659 782 810 865 eleganter
822 802 892 849 vero
905 782 1061 864 Routbius,
1078 793 1112 849 ut
1126 785 1211 864 solet,
1225 795 1257 852 et
1270 785 1355 869 plene
1369 785 1520 852 redhibuit
1532 789 1570 866 ⁴),
1586 787 1641 852 nisi
1657 788 1736 871 qaod
1750 789 1852 854 doctus

305 891 367 972 vir,
381 891 521 976 deceptus
540 907 557 954 a
572 888 739 975 ciampinio
753 893 790 971 ὅ),
806 895 903 957 minus
917 901 986 975 apte
999 891 1094 956 locum
1108 891 1250 957 Pantaeno
1265 892 1349 958 dedit
1368 893 1398 958 id
1420 893 1643 974 toreumatibus,
1658 913 1726 979 quaa
1746 894 1852 961 valvas

305 1006 422 1066 veteres
437 1017 535 1064 aeoeas
549 997 683 1063 Basilicas
699 998 729 1062 S.
747 997 828 1063 Pauli
843 1007 925 1063 extra
945 1016 1045 1063 muros
1061 998 1149 1064 Urbis
1162 999 1371 1084 insigniebant.
1388 999 1447 1065 Sed
1461 1010 1655 1084 preterquam
1676 1001 1756 1085 quod
1775 1002 1849 1066 nibil

308 1104 405 1173 simile
419 1106 497 1173 vidit
511 1107 536 1172 N
541 1106 672 1187 icolaius,
688 1107 758 1172 dum
771 1105 929 1186 diligenter
941 1107 978 1171 de
991 1107 1060 1173 visu
1074 1106 1228 1191 descripsit
1241 1117 1270 1174 et
1284 1107 1446 1174 illustravit
1455 1125 1530 1190 opus
1540 1108 1638 1173 adbuc
1648 1108 1796 1191 integrum
1808 1109 1846 1188 ⁶),

307 1213 441 1282 incendio
455 1224 555 1298 crepta
569 1225 704 1299 superest
717 1233 785 1298 pars
800 1216 966 1296 valvarum,
982 1233 1050 1299 qna
1063 1215 1181 1282 exhibet
1194 1215 1226 1280 S.
1241 1215 1382 1281 Tbomam
1396 1215 1498 1282 lancea
1514 1225 1690 1282 transactum
1709 1217 1748 1282 ab
1764 1216 1849 1282 Indis

306 1323 474 1403 tortoribus,
489 1341 563 1406 quos
576 1323 761 1408 ciampinius
774 1323 967 1389 commutavit
987 1321 1144 1404 benignius
1159 1323 1189 1386 in
1203 1331 1335 1388 nostrum
1348 1320 1566 1406 philosophum,
1582 1340 1671 1388 manu
1684 1331 1848 1406 gestarum

303 1431 335 1495 S.
358 1429 493 1499 ldattbaei
513 1431 712 1513 evangelium.
736 1431 830 1497 Testis
844 1448 899 1515 ego
914 1447 1030 1514 quoque
1044 1431 1187 1512 oculatus,
1203 1431 1282 1497 baud
1295 1431 1378 1511 sileo,
1393 1449 1431 1496 ne
1449 1430 1593 1514 spatietur
1611 1447 1704 1510 amr,
1726 1431 1768 1497 uti
1786 1434 1848 1514 jam

303 1541 392 1605 latius
409 1541 527 1623 irrepsit.
538 1540 576 1620 ⁷),
591 1558 771 1625 quanquam,
787 1559 876 1623 quum
891 1540 1040 1607 rarissima
1055 1541 1117 1608 sint
1129 1539 1307 1608 celebritatis
1321 1548 1351 1606 et
1364 1538 1460 1604 cultus
1474 1538 1504 1602 S.
1520 1537 1654 1604 Pantaeni
1672 1539 1848 1616 testimonia,

302 1659 424 1714 maestus
443 1650 533 1716 video
553 1649 642 1715 etiam
662 1649 717 1714 boc
738 1648 769 1713 in
789 1665 877 1714 auras
898 1649 1066 1716 evanuisse.
1139 1723 1146 1734 ‚

343 1757 440 1822 Pauca
462 1757 497 1822 de
517 1757 665 1822 Clemente
684 1756 880 1822 Alexandrino
900 1755 997 1822 dicere
1025 1756 1136 1836 babeo,
1158 1772 1248 1838 ᾳιιιιιιι
1271 1772 1306 1819 er
1334 1751 1493 1818 rarissimis
1512 1753 1562 1818 vel
1583 1752 1614 1818 in
1637 1753 1778 1819 Vaticana
1799 1771 1847 1819 co-

303 1864 417 1930 dicibus
434 1883 513 1944 aegre
526 1864 671 1947 expiscari
688 1862 787 1929 tenuia
809 1864 1057 1954 ἀποσπασμάτια
1078 1863 1179 1928 dotum
1192 1863 1241 1926 sit.
1259 1859 1316 1928 llix
1330 1859 1406 1924 alius
1420 1859 1544 1942 scriptor
1558 1859 1773 1926 ecclesiasticus
1786 1869 1845 1938 est,

303 1983 367 2056 post
386 1973 552 2056 Origenem,
569 1972 717 2055 quipiam
732 1972 891 2053 scripserit,
908 1989 1003 2054 neque
1015 1971 1091 2036 alius
1105 1989 1192 2056 quem
1206 1977 1321 2051 tempus
1341 1965 1490 2032 audaciori
1512 1969 1600 2033 dente
1620 1967 1766 2034 arroserit.
1788 1965 1848 2034 Nec

301 2076 397 2160 magis
410 2076 554 2160 placuisse
567 2074 684 2142 videtur
697 2090 784 2158 quam
799 2078 942 2160 Origenes
953 2078 1164 2159 Orientalibus,
1176 2076 1256 2157 apud
1267 2093 1340 2159 quos
1352 2082 1475 2157 uterque
1488 2073 1579 2141 veluti
1591 2073 1765 2140 exterminio
1776 2090 1848 2140 oxu-

302 2181 353 2247 let.
369 2179 506 2248 lacinias
527 2189 644 2246 tantum
664 2196 746 2245 raras
767 2179 855 2246 nobis
875 2191 1073 2249 sevenerunt
1090 2182 1182 2266 jejuni
1202 2183 1381 2248 Gemmarum
1401 2179 1616 2265 compilatores.
1639 2181 1732 2246 nna
1751 2179 1848 2246 adbuc

300 2289 409 2356 saculo
429 2287 483 2356 llil
504 2287 674 2354 circumlata
694 2287 784 2354 luisse
803 2287 961 2354 Clementis
981 2305 1080 2372 opera,
1104 2287 1191 2355 fidem
1211 2288 1324 2354 iaciunt
1344 2288 1504 2371 llaximus,
1526 2287 1715 2368 Anastasius,
1737 2287 1848 2354 Dama·

301 2415 417 2479 monus,
439 2395 583 2462 Antonius
603 2394 739 2475 llelissa3
762 2395 812 2478 qui
832 2394 968 2462 videntur
991 2395 1119 2463 uouisse
1139 2395 1295 2462 nonnullas
1319 2396 1450 2480 eiusdem
1470 2397 1568 2480 operis
1587 2397 1758 2480 scripturas,
1787 2403 1846 2461 unu

301 2507 375 2570 mlra
395 2504 543 2570 varietate
563 2502 737 2582 distinctas,
758 2513 792 2568 ut
815 2502 881 2586 jure
900 2509 1054 2578 censeatur
1081 2502 1215 2570 Clemens
1235 2503 1320 2586 plura
1346 2505 1434 2571 novis
1460 2504 1537 2569 curis
1557 2503 1738 2570 immutasse.
1760 2501 1848 2584 Quod

300 2620 380 2678 certe
400 2612 484 2678 nobis
503 2610 612 2694 obtigit
632 2610 664 2676 in
685 2611 849 2693 fragmento
869 2610 1069 2678 commentarii
1084 2610 1121 2678 de
1134 2611 1248 2694 psalmo
1262 2612 1367 2695 primo,
1382 2611 1461 2677 idem
1475 2621 1614 2696 expertus
1628 2619 1675 2678 est
1691 2610 1846 2676 Cramcrus

301 2715 332 2783 in
353 2717 473 2785 Catenis
492 2718 565 2800 suis,
587 2717 637 2784 ubi
659 2716 783 2800 paginas
804 2717 878 2783 satis
898 2719 1010 2802 amplas
1030 2737 1066 2784 es
1086 2718 1253 2802 Padagogo
1274 2719 1389 2787 invenit
1407 2718 1466 2785 alia
1480 2728 1566 2786 veste
1585 2729 1705 2785 ornatas
1718 2717 1758 2798 8),
1772 2733 1846 2800 quas

301 2824 451 2911 llorilegus
470 2829 520 2894 vix
542 2826 637 2911 potuit
658 2827 687 2890 in
709 2823 786 2892 buno
799 2826 917 2892 modum
931 2844 1050 2910 augere.
1066 2827 1243 2894 (Ῑοιιοιάἰιιιι
1257 2828 1387 2911 quidem,
1402 2827 1545 2896 immensa
1563 2826 1730 2907 Athanasii,
1752 2823 1845 2910 Chry·

299 2936 431 3014 sostonu,
453 2934 566 3017 cyrilti,
588 2935 788 3017 majommque
807 2942 922 3017 pauum
935 2936 1145 3002 commentaria
1165 2954 1245 3020 sape
1261 2935 1392 3002 breviori
1405 2935 1576 3020 compendio
1596 2935 1627 3000 in
1647 2935 1766 3000 Catenis
1779 2951 1845 3017 per-

300 3041 425 3126 stringi3
448 3061 537 3126 quum
557 3058 629 3106 vero
650 3039 770 3105 Patrum
789 3041 1039 3107 antenicaenomm
1059 3043 1152 3108 verba
1173 3044 1350 3122 referuntur,
1372 3043 1452 3111 baud
1472 3046 1536 3109 sine
1555 3043 1681 3127 quadam
1702 3041 1845 3120 religione

301 3151 411 3216 intacta
432 3158 464 3215 et
485 3149 598 3232 integra
613 3148 799 3216 remansisse.
815 3149 974 3216 Laudento
987 3159 1159 3233 argumento
1173 3160 1219 3218 cst
1230 3151 1363 3219 lrenaeus
1378 3152 1496 3234 latinus,
1512 3169 1638 3236 quocum
1650 3151 1698 3217 vel
1718 3147 1843 3214 frustula

299 3276 393 3341 greca
405 3258 443 3323 ad
457 3257 594 3322 amussim
604 3265 755 3341 aptantur,
771 3257 857 3340 idque
870 3276 929 3324 non
943 3259 1032 3326 send
1048 3259 1125 3342 apud
1141 3259 1318 3326 Clementem
1333 3260 1563 3326 alexandrinum
1576 3256 1840 3342 comprobavimus.

1042 3543 1105 3640 X.

340 3787 426 3854 Nunc
438 3783 591 3864 adesdum,
608 3784 768 3867 Origenesl
786 3785 811 3848 0
826 3782 897 3846 mibi
912 3785 1080 3861 praeteritos
1093 3787 1160 3870 quis
1173 3787 1279 3853 reserat
1293 3803 1397 3865 annos,
1412 3785 1528 3869 quando
1549 3795 1710 3868 martyrum
1731 3783 1840 3849 alumni

298 3903 329 3962 ct
342 3892 489 3974 magistri,
503 3890 623 3958 oracula
635 3889 740 3956 divina
754 3889 879 3956 innocuo
892 3908 944 3958 ore
958 3891 1148 3959 effundebant
1156 3911 1165 3974 ;
1181 3895 1299 3977 quando
1312 3895 1467 3979 resupinus
1480 3893 1616 3960 Leonidae
1634 3892 1725 3972 lilius,
1741 3891 1842 3956 ultimo

300 4003 390 4087 patris
401 4004 503 4070 osculo
513 3999 623 4085 pectori
636 4001 775 4084 impresso
785 3999 931 4066 excitatus
941 4017 958 4064 e
968 4017 1082 4085 sopore,
1095 4003 1157 4084 ipso
1165 4002 1285 4084 jubente
1296 4001 1456 4084 Demetrio,
1468 4001 1620 4068 ambonem
1630 4001 1839 4090 κατηχήσεων

298 4111 532 4195 aggrediebatur,
548 4108 789 4176 concurrentibus
804 4116 864 4173 um
875 4109 976 4177 avidis
996 4109 1150 4197 discipulis
1162 4129 1180 4176 a
1194 4111 1289 4196 primo
1302 4111 1376 4176 lucis
1390 4119 1456 4176 ortu
1475 4127 1571 4192 usque
1590 4109 1627 4175 ad
1643 4123 1793 4191 vesperas,
1808 4117 1840 4171 ut

297 4221 469 4304 magistmm
481 4218 695 4285 adolescentem
709 4236 748 4284 ne
761 4219 904 4303 respirare
917 4218 1035 4302 quidem
1049 4219 1250 4303 permitterent
1261 4219 1305 4299 9);
1321 4217 1439 4302 quando
1452 4216 1598 4281 subselliis
1611 4215 1719 4281 scholae
1733 4216 1841 4298 gestie·

297 4330 370 4394 bant
391 4346 550 4412 purpuram
570 4327 740 4406 admovere,
755 4344 813 4392 non
833 4325 927 4392 solum
948 4325 1008 4392 dux
1021 4325 1072 4392 ille
1085 4324 1213 4392 arabum
1226 4334 1258 4392 et
1272 4324 1426 4392 Mammea
1438 4325 1572 4405 Augusta
1586 4323 1636 4404 1⁰),
1651 4322 1703 4388 sed
1720 4322 1850 4405 plurimi

296 4436 356 4519 jam
377 4433 520 4517 martyrio
540 4432 690 4514 destinati,
713 4434 755 4498 uti
777 4433 835 4499 duo
856 4433 969 4514 Sereni,
993 4434 1080 4500 ambo
1100 4432 1217 4518 gemelli
1238 4434 1356 4512 iratres,
1379 4429 1421 4494 uti
1443 4429 1616 4496 Plutambus
1639 4431 1726 4496 irater
1746 4429 1840 4514 ipsius

289 4541 440 4620 dieraclac,
462 4538 583 4605 alterius
602 4539 739 4623 magistri
761 4549 791 4608 et
810 4551 913 4625 postea
933 4543 1075 4627 episcopt,
1098 4544 1140 4610 uti
1155 4543 1243 4609 etiam
1257 4541 1367 4608 nobiles
1388 4557 1481 4606 sacra
1494 4540 1638 4619 virgines,
1660 4538 1765 4604 Herais
1785 4556 1835 4602 ca·

300 4647 474 4714 tocbumena
494 4655 525 4714 et
544 4646 726 4728 Potamiena,
740 4650 836 4714 ambae
850 4668 916 4714 cum
936 4659 1030 4716 matre
1044 4651 1178 4718 llarcella
1195 4647 1483 4733 rogoamtmtae11).
1500 4646 1558 4712 Sed
1577 4664 1687 4729 precor,
1705 4653 1763 4711 tota
1785 4645 1841 4710 de-

336 4828 359 4902 l)
378 4829 455 4884 Hier.
476 4827 498 4886 l.
515 4828 535 4883 l.
551 4829 644 4885 Rufio.
659 4829 734 4885 Hist.
749 4832 826 4887 Eccl.
841 4831 941 4886 Euseb.
956 4832 991 4886 H.
1008 4832 1040 4886 tt.
1096 4833 1126 4885 S.
1140 4831 1237 4896 Panlo,
1252 4829 1338 4882 Rome
1354 4825 1431 4895 1805,
1446 4845 1474 4899 p.
1489 4825 1554 4892 289,
1569 4834 1624 4880 tav.
1639 4843 1667 4881 ιιι
1681 4832 1710 4880 et
1727 4841 1784 4882 xvv.
1804 4853 1840 4867 -

297 4935 326 4990 v,
350 4917 483 4991 ltu-²)
502 4922 544 4976 Dc
562 4923 627 4975 citis
646 4919 704 4975 PP.
727 4921 774 4976 Or.
795 4927 816 4975 t.
836 4937 867 4985 ιι,
888 4939 916 4992 p.
929 4919 1041 4975 839.-
1094 4918 1118 4982 ⁷)
1131 4916 1170 4972 cf.
1184 4917 1293 4973 Patrol.
1308 4925 1327 4970 t.
1349 4933 1376 4983 v,
1396 4916 1451 4970 col.
1476 4907 1627 4984 1'327‚n0t.
1648 4913 1758 4977 3.-8)
1779 4913 1839 4969 Cat.

302 5005 325 5074 ³)
339 5009 381 5064 dd
399 5007 544 5064 turduli.
559 5025 590 5078 ιι,
604 5025 631 5080 p.
644 5007 707 5065 457.
720 5035 755 5050 -
768 5007 796 5083 ⁴)
811 5011 905 5080 Relig.
919 5011 999 5064 Scor.
1019 5023 1039 5077 1,
1093 5007 1123 5060 in
1143 5023 1206 5078 epp.
1221 5004 1301 5059 Pauli
1321 5011 1343 5060 t.
1356 5020 1406 5072 vat,
1420 5021 1447 5076 p.
1460 5003 1525 5060 tau.
1539 5033 1573 5046 -
1587 5002 1611 5069 9)
1626 5005 1727 5058 Eusab.
1750 5005 1783 5060 H.
1805 5003 1836 5057 Ε.

296 5095 460 5162 ast-⁵)
486 5097 585 5154 Vetere
605 5099 683 5154 Most.
704 5116 733 5171 p.
759 5115 870 5170 r,osp.
890 5098 925 5166 d,
945 5115 973 5168 p.
993 5097 1039 5164 38,
1094 5091 1837 5168 v1,e.15-.10)tusa.c.2t.-11paetsss

298 5187 395 5256 quadr.
415 5202 503 5244 ravit.
523 5218 558 5228 —
578 5187 602 5259 6)
620 5187 744 5256 Nicolai,
765 5189 840 5244 della
867 5189 991 5243 Basilica
1010 5188 1042 5242 di
1095 5187 1207 5241 Octobr.
1228 5191 1249 5241 t.
1268 5202 1306 5255 tv,
1325 5203 1353 5259 p.
1373 5186 1437 5242 857.
