3976 6078
929 483 1030 554 XVII

197 655 258 714 ma
279 639 340 712 lex
373 637 537 720 occurrit,
562 637 661 710 salus
696 637 908 706 animarum.
936 634 1050 714 Quum
1076 636 1113 704 in
1144 635 1305 709 coetibus
1329 636 1482 724 publicis
1506 638 1619 710 rerba
1653 649 1757 711 sacra

198 763 471 842 intercederent,
488 781 596 849 quum
617 780 661 830 cx
680 761 831 833 ambone
847 775 990 846 semper
1007 756 1162 846 paginae
1185 775 1309 828 sacrae
1328 757 1363 828 in
1381 776 1606 847 quacumque
1626 761 1755 847 synaxi

198 883 446 967 recitarentur,
480 899 565 952 sane
587 880 716 970 priscis
751 878 1008 966 interpretibus
1031 895 1104 946 non
1138 877 1290 948 multum
1314 881 1394 948 erat
1428 879 1561 950 nudam
1596 879 1758 952 litteram
1881 879 1884 888 '

198 1005 237 1074 et
251 1004 379 1090 jejuna
400 1000 547 1072 nomina
570 1005 751 1082 excutere,
777 999 878 1069 arida
901 1001 1102 1086 temporum
1126 987 1261 1087 puncta
1278 1003 1315 1071 et
1332 989 1540 1072 discrimina
1553 1005 1756 1076 ,ventilare

174 1123 268 1216 fScd
292 1139 399 1208 quum
424 1121 462 1192 in
485 1120 597 1191 sacris
632 1120 789 1194 oraculis
823 1117 1034 1190 evolvendis
1058 1137 1285 1207 summopere
1317 1120 1511 1191 interesset
1534 1121 1759 1194 christiano-

199 1263 277 1314 rum
299 1241 690 1328 sanctitatiprodcsse,
712 1240 748 1308 in
772 1239 840 1307 hoa
862 1237 1089 1326 potissimum
1109 1250 1240 1307 nervos
1265 1238 1480 1334 ct‘laccrtos
1508 1241 1754 1312 intenderunt.

198 1363 328 1434 Mirum
352 1362 409 1432 est
442 1362 578 1446 quanta
599 1378 679 1428 cum
710 1357 868 1437 solertia,
893 1345 1027 1444 quanto
1052 1355 1227 1433 acumine,
1253 1358 1389 1443 quauta
1411 1357 1604 1439 varietate,
1633 1358 1755 1432 omnia

197 1483 241 1550 ad
264 1479 493 1550 sanctitatem
517 1477 718 1563 aagendam
735 1477 780 1570 ct
804 1475 1002 1544 ornandam
1037 1475 1264 1554 convertant
1291 1475 1399 1543 etiam
1424 1473 1649 1548 diverticula
1671 1495 1756 1565 pcr-

197 1597 300 1684 sequi
331 1598 512 1676 affectant,
551 1596 661 1664 ctiam
695 1592 892 1679 allegoriae
929 1593 967 1661 et
999 1590 1190 1678 parabolas
1214 1591 1462 1679 undecumque
1486 1598 1675 1664 accersunt
1710 1595 1756 1664 ad

198 1715 335 1786 animos
359 1711 709 1800 expergefaciendcs.
736 1711 829 1787 Quot
849 1728 988 1794 versus,
1013 1711 1067 1778 tot
1090 1709 1238 1778 monita:
1265 1712 1353 1797 quot
1375 1711 1563 1794 vocabula,
1587 1712 1657 1783 vel
1682 1713 1759 1782 lle-

200 1834 397 1916 braeorum,
421 1831 476 1898 tot
496 1830 596 1898 uitae
620 1827 796 1914 exempla
823 1829 911 1913 quot
933 1827 1066 1914 apices,
1091 1829 1146 1896 tot
1169 1844 1307 1897 morum
1331 1833 1572 1900 sacramenta.

289 1948 378 2027 Quid
401 1946 528 2019 utilius
552 1949 590 2015 ct
612 1946 731 2032 aptius
755 1946 799 2014 ad
822 1945 1062 2031 morigeratos
1079 1945 1244 2018 alumnos
1267 1965 1374 2033 quam
1394 1947 1590 2020 Clementis
1615 1951 1758 2020 Pacda·¹

199 2084 326 2155 gogus,
351 2085 456 2153 quam
480 2065 622 2132 Hermae
646 2066 783 2149 Pastor,
800 2080 907 2150 quam
922 2065 1110 2151 Theophili
1137 2064 1365 2152 allegoriae.²
1389 2066 1664 2154 Origenespree
1679 2075 1758 2138 cae·
1844 2121 1847 2128 .

199 2185 298 2270 teris,
323 2185 417 2271 quod
441 2181 560 2250 minus
584 2184 746 2258 notatum
769 2184 834 2261 est,
854 2182 943 2252 mihi
967 2183 1110 2253 videtur
1134 2185 1290 2270 optimus
1307 2203 1447 2255 morum
1467 2187 1654 2274 magister.
1682 2189 1754 2255 Nec

200 2301 326 2387 solum,
350 2320 415 2388 pro
450 2301 710 2373 consuetudine
745 2301 962 2386 didascalice,
985 2303 1096 2388 probe
1134 2305 1173 2371 et
1194 2302 1284 2374 scite
1320 2303 1501 2374 elementa
1535 2303 1757 2374 christianae

200 2420 345 2490 virtutis
368 2421 544 2506 suggerit:
569 2396 631 2490 sed
666 2419 820 2490 ulterius
857 2439 1083 2510 progressus,
1108 2422 1367 2492 incrementum
1403 2423 1606 2494 sanctitatis
1641 2441 1757 2510 usque

201 2538 244 2608 ad
280 2535 479 2622 fastigium,
506 2556 578 2624 qua
600 2537 685 2606 data
719 2537 918 2620 occasione,
954 2543 1152 2627 promovet
1176 2540 1331 2610 ascetica
1354 2541 1463 2610 etiam
1487 2533 1638 2624 arcana,
1655 2558 1755 2609 more

201 2655 439 2726 recentiorum
465 2657 504 2726 et
525 2655 750 2743 peritiorum,
776 2654 880 2726 facile
904 2657 1081 2727 enucleat.
1107 2657 1333 2727 Noviticrnm
1366 2658 1629 2728 moderatorem
1653 2656 1758 2724 dixe-

202 2773 262 2854 ris,
288 2789 398 2861 quum
422 2775 626 2862 penetralia
646 2775 820 2846 mentium
844 2773 1008 2858 rimatur,
1035 2796 1141 2864 quum
1168 2779 1326 2848 secretos
1351 2776 1461 2847 animi
1485 2791 1614 2844 sensus
1638 2773 1757 2842 intro-

202 2891 320 2978 spicit,
356 2903 465 2978 quum
502 2895 653 2964 obscura
685 2893 926 2964 tentationum
958 2895 1173 2968 diverticula
1207 2896 1406 2966 collustrat:
1444 2893 1507 2964 vix
1541 2913 1613 2964 non
1642 2895 1757 2982 'puta-

201 3007 316 3078 verim
340 3007 392 3078 ita
414 3009 538 3096 plures
562 3029 606 3080 ex
630 3013 708 3082 eius
732 3013 920 3101 discipulis
954 3014 1090 3102 primos
1114 3016 1151 3085 in
1174 3034 1295 3086 eremo
1319 3014 1430 3084 luisse
1453 3014 1552 3084 vitae
1588 3010 1759 3082 monasti·

201 3141 263 3194 cae
286 3123 502 3206 conditores,
528 3127 621 3196 sicut
643 3134 863 3218 compertum
888 3135 945 3201 est
969 3151 1040 3201 non
1063 3149 1195 3220 paucos
1219 3151 1263 3202 cx
1288 3132 1388 3202 illius
1411 3131 1591 3202 catechesi
1615 3132 1660 3200 ad
1684 3130 1752 3199 he-'

202 3240 299 3310 roica
321 3245 518 3330 martyrum
545 3247 744 3316 certamina
767 3248 989 3319 convolasse.
1016 3249 1116 3319 Unde
1150 3249 1284 3319 nimius
1308 3267 1376 3336 ego
1400 3267 1472 3318 non
1506 3249 1645 3327 videar,
1670 3246 1754 3316 dum

201 3359 395 3446 praecipuo
419 3360 463 3429 ad
488 3361 679 3448 Origcuem
716 3370 895 3452 respectu,
921 3365 1020 3436 hisce
1043 3361 1151 3436 tomis
1180 3370 1257 3435 turn
1280 3365 1435 3454 primum
1474 3365 1642 3434 accedere
1662 3362 1760 3450 jhssi,

202 3493 323 3545 rerum
349 3476 500 3547 iudicem
525 3480 713 3550 moralium
740 3485 778 3551 ct
800 3482 1072 3555 asceticarum

291 3593 407 3665 Macte
426 3613 523 3681 ergo,
549 3617 569 3666 o
593 3615 709 3684 genus
732 3601 907 3681 nostrum,
924 3602 1032 3688 atque
1056 3599 1276 3669 comminisci
1301 3599 1425 3668 lubeat
1447 3599 1541 3684 quod
1560 3595 1758 3684 allegorico

202 3711 240 3778 ct
260 3727 347 3779 vcro
367 3711 489 3782 ,colore
513 3711 631 3800 pinxit
653 3715 873 3803 apostolicus
896 3718 1051 3805 scriptor
1073 3716 1249 3804 epistolae
1273 3717 1318 3788 ad
1343 3714 1569 3802 Diognetum:

293 3851 310 3889 a
335 3827 433 3905 Quod
456 3831 514 3899 est
535 3830 572 3899 in
591 3851 739 3919 corpore
763 3833 896 3914 anima,
921 3834 989 3904 hoc
1022 3834 1168 3903 suntin
1193 3833 1324 3902 mundo
1349 3831 1588 3902 Christiani...
1615 3829 1760 3900 Inclusa

203 3967 221 4002 «
247 3943 388 4030 quidem
425 3949 482 4016 est
504 3947 624 4018 anima
659 3949 880 4038 incorpore,
906 3951 969 4020 sed
1006 3950 1084 4037 ipsa
1107 3966 1237 4036 corpus
1261 3952 1463 4030 conservat
1499 3952 1537 4017 et
1560 3947 1755 4018 Christiani
1851 4023 1853 4028 ,

204 4083 222 4120 «
247 4047 453 4134 detinentur
477 4064 514 4132 in
538 4067 679 4151 mundo,
704 4068 886 4154 tamquam
907 4067 945 4136 iu
967 4067 1141 4151 custodia,
1162 4067 1225 4136 sed
1249 4067 1317 4154 ipsi
1338 4067 1509 4139 mundum
1527 4068 1755 4138 conservant.
1876 4119 1878 4124 ·

204 4199 221 4236 c
246 4177 465 4250 Immortalis
489 4179 609 4252 anima
632 4183 669 4252 in
693 4184 837 4253 mortali
857 4184 1088 4254 tabernaculo
1124 4182 1274 4264 habitat
1301 4185 1337 4252 ct
1360 4182 1554 4252 christiani
1579 4181 1644 4252 illa
1667 4185 1759 4268 quae

203 4317 222 4353 a
245 4297 464 4383 corruptioni
483 4301 569 4367 sunt
586 4300 749 4386 obnoxia,
772 4303 954 4389 tamquam
978 4300 1156 4388 inquilini,
1182 4299 1356 4374 incolunt,
1381 4289 1756 4388 incorruptibilitatem

204 4431 223 4468 κ
248 4414 509 4497 exspectantes.
537 4415 674 4496 Anima,
699 4418 784 4487 dum
808 4417 878 4487 cibi
897 4422 935 4488 et
956 4421 1044 4506 potu
1067 4417 1161 4487 male
1177 4402 1363 4498 tractatur,
1386 4418 1428 4487 fit
1451 4417 1591 4499 melior3
1617 4420 1655 4486 et
1673 4418 1757 4485 dum

205 4551 222 4587 ι
249 4526 443 4598 Christiani
475 4531 660 4620 suppliciis
684 4535 889 4604 adiciuntur
924 4536 1096 4624 quotidie,
1136 4511 1309 4618 numerus
1344 4552 1466 4604 eorum
1484 4534 1632 4604 crescit.
1660 4535 1754 4604 Deus

205 4643 329 4722 «illos
354 4648 425 4716 tam
450 4645 630 4736 insignem
665 4653 789 4721 tenere
814 4650 931 4722 locum
949 4652 1076 4738 voluit,
1094 4669 1200 4740 quem
1225 4652 1298 4722 illis
1323 4651 1425 4723 neias
1449 4655 1506 4722 cst
1528 4651 1714 4739 defugere.
1737 4677 1756 4716 »

959 4868 998 4932 V.

294 5052 415 5122 Ita-ne
432 5054 655 5126 Antenicaeni
678 5058 806 5126 Patres
823 5055 923 5127 luere
947 5056 1072 5145 optimi
1096 5073 1234 5128 morum
1259 5056 1435 5143 magistri,
1456 5056 1657 5146 disciplinae
1673 5055 1759 5127 alle-

206 5167 349 5253 goricae
365 5170 424 5239 vel
445 5172 479 5238 in
506 5173 664 5244 minimis
687 5173 862 5260 custodes,
886 5193 1068 5245 sacrorum
1081 5174 1254 5244 librorum
1268 5175 1511 5262 operosissimi
1532 5175 1758 5264 interpretes,

285 5312 379 5377 Anat.
404 5315 445 5395 11,
469 5317 500 5380 o.
