3976 6078
310 479 328 540 i
796 472 1161 542 subcrescentibus
1187 473 1369 540 llOlllNUS

348 629 423 708 Qum
443 629 538 693 omnia
559 628 708 692 stimulum
729 628 799 692 mihi
821 637 850 694 ct
871 627 967 693 calcar
986 626 1176 706 addiderunt,
1192 636 1328 710 utquam
1348 627 1407 693 cito
1428 627 1497 692 data
1518 628 1750 711 opportunitate,
1772 628 1853 693 illum

307 726 465 793 Clementis
487 727 599 806 locum,
623 737 710 809 prout
728 728 823 810 jocel,
846 727 1026 792 eruditorum
1048 727 1166 791 undem
1191 725 1352 792 curiositati
1380 725 1544 804 traderem,
1569 737 1631 792 tum
1650 737 1684 792 ut
1706 727 1853 793 inuidiam

307 825 437 892 tollerem
459 827 705 911 prestantissima
726 828 905 892 antecessori
920 827 1060 906 inustum,
1077 837 1137 891 turn
1158 836 1190 891 ut
1211 825 1303 892 musci
1319 825 1449 889 Vaticani
1473 825 1560 890 toties
1582 826 1612 890 in
1632 843 1751 891 causam
1773 826 1854 892 baud

305 925 370 989 sinc
391 926 499 1008 injuria
521 926 638 992 adducti
661 927 836 1009 patrocinio,
861 944 913 1010 pro
934 944 1057 991 munere
1078 944 1153 1005 mco,
1176 925 1296 1007 defungi
1318 924 1482 989 studerem.
1788 935 1793 944 ·

348 1027 387 1088 At
407 1023 448 1088 nil
470 1025 531 1089 lcrc
552 1043 662 1089 norrun
684 1033 790 1106 praeter
803 1042 892 1088 unam
908 1025 1072 1089 alteramve
1087 1024 1255 1089 dictionem.
1273 1023 1353 1104 Quid
1374 1041 1445 1088 rero
1467 1023 1660 1105 opportunius
1675 1041 1763 1109 quarn
1783 1024 1857 1089 Cle-

306 1123 415 1188 mentis
446 1123 567 1188 Romani
596 1125 643 1189 rel
669 1142 757 1188 unam
782 1124 925 1206 syllabam
950 1124 1114 1208 insculpere
1142 1123 1223 1189 hisce
1250 1123 1408 1210 propplaeis
1434 1123 1555 1188 Patrum
1577 1125 1856 1190 Antanicaenorum‘t

305 1221 456 1287 Accedant
475 1222 657 1288 solummodo
678 1223 839 1304 fragmenta
861 1223 996 1306 quasdam
1017 1241 1052 1288 er
1074 1221 1159 1286 codd.
1179 1221 1380 1302 orientalibus,
1404 1241 1471 1307 quae
1493 1233 1570 1288 torno
1591 1233 1691 1289 nostro
1712 1223 1752 1290 lll
1772 1241 1855 1307 prae-

305 1319 447 1401 liguntur;
465 1318 543 1384 baud
558 1320 624 1386 sinc
639 1319 769 1404 periculo
783 1321 939 1386 severioris
954 1337 1094 1398 censura,
1111 1330 1168 1384 tum
1183 1321 1311 1386 maxima
1324 1340 1414 1404 quum
1429 1319 1509 1387 bisce
1523 1323 1703 1406 temporibus
1716 1323 1773 1388 alia
1785 1322 1854 1387 Cle-

303 1419 410 1482 mentis
434 1424 586 1510 κειμήλια
610 1419 700 1486 multo
722 1419 863 1502 ampliora
884 1439 901 1485 a
923 1419 1051 1486 tenebris
1072 1429 1224 1485 cruuntur.

493 1687 554 1746 Τοῦ
579 1681 666 1771 ἁγίου
691 1682 873 1770 Κλήμεντος
899 1680 1020 1770 Ῥώμης
1045 1685 1079 1745 ἐκ
1103 1692 1160 1756 τῆς
1186 1681 1259 1771 πρὸς
1284 1679 1459 1764 Κορινθίους
1482 1685 1662 1759 ἐπιστολῆς.

624 1808 677 1872 Ec
699 1809 828 1893 epistola
852 1809 883 1874 S.
911 1809 1075 1874 Clementia
1098 1809 1238 1874 Romani
1259 1811 1303 1874 od
1327 1810 1514 1876 Corinthios.

344 1998 443 2075 Αὐτὸς
467 1998 526 2091 γὰρ
551 2002 567 2062 ὁ
591 1989 781 2091 δημιουργὸς
809 1999 862 2064 καὶ
887 1992 1045 2078 δεσπότης
1138 2019 1207 2101 ipsc
1227 2038 1356 2106 namque
1375 2023 1473 2106 opifex
1494 2034 1525 2089 et
1550 2023 1693 2090 Dominus
1714 2028 1848 2096 omnium

299 2115 362 2171 τῶν
377 2107 522 2172 ἁπάντων
536 2105 586 2172 ἐπὶ
598 2118 662 2184 τοῖς
678 2109 779 2198 ἔργοις
797 2112 892 2173 αὑτοῦ
909 2109 1045 2201 diffle-
1099 2127 1127 2192 in
1149 2129 1289 2211 operibus
1310 2130 1373 2196 suis
1391 2131 1564 2196 oblectatur.
1581 2131 1677 2198 Coelos
1690 2134 1769 2200 enim
1789 2153 1844 2202 sua

297 2239 351 2279 τοι
368 2216 453 2300 imp
470 2213 529 2307 γὰρ
546 2215 806 2308 παμμιγιοτάτο)
823 2221 918 2282 aaron
936 2216 1044 2307 οριὶτιι
1097 2235 1184 2320 longe
1204 2239 1331 2303 maxima
1353 2250 1499 2324 potestate
1519 2241 1657 2324 firmarit,
1680 2253 1710 2308 ct
1730 2243 1845 2312 incom-

297 2321 440 2412 obpoeoobi
463 2317 623 2414 ἐστήριξεν
640 2327 672 2412 ²l›
690 2325 742 2398 καὶ
759 2337 798 2424 Til
823 2326 1042 2410 ἀκαταλήπτῳ
1097 2342 1287 2425 prehensibili
1302 2365 1355 2413 sua
1371 2348 1514 2415 industria
1528 2367 1579 2416 eos
1592 2350 1759 2416 adornauit.
1773 2352 1843 2418 'ler-

296 2433 393 2494 αὑτοῡ
411 2429 529 2496 συνέσει
546 2423 772 2520 διεσαόσμηστν
789 2433 909 2510 αὐτούς·
926 2444 985 2526 γῆν
1003 2457 1040 2498 τι
1096 2463 1156 2512 ram
1177 2451 1267 2518 ctiam
1288 2454 1326 2519 ab
1346 2471 1423 2538 aqua
1445 2473 1509 2521 eam
1523 2457 1674 2524 ambiente
1692 2458 1840 2540 distinxit,

294 2526 476 2627 lusidius
494 2539 517 2622 ³)
542 2540 602 2605 ἀπὸ
626 2551 682 2606 τοῦ
712 2541 910 2632 τρριέχοντοτ
938 2541 1037 2616 α”ιτδι
1095 2563 1125 2618 ct
1145 2575 1234 2641 super
1255 2569 1317 2625 tuto
1338 2561 1502 2627 uoluntatis
1521 2582 1582 2628 suaa
1602 2563 1751 2630 stabilivit
1772 2564 1838 2630 lun-

293 2637 422 2724 ιἹδατος,
447 2648 502 2712 καὶ
525 2639 650 2738 ἔδρασεν
678 2651 709 2733 [l.
735 2642 881 2741 ἥδρασεν]
909 2651 959 2716 ἐπὶ
983 2653 1037 2719 τὸν
1094 2664 1240 2732 dumento.
1256 2669 1299 2734 lla
1315 2680 1422 2752 praetcr
1436 2670 1569 2737 ultimum
1590 2692 1678 2755 porro
1699 2683 1790 2757 atquc
1806 2673 1840 2738 il-

293 2754 419 2842 ιἰσραλῆ
444 2764 499 2819 τοῦ
533 2747 609 2820 ἰδίου
642 2754 820 2846 θελήματος
839 2759 860 2842 ²)
886 2757 1037 2848 θεμέλιον.
1094 2771 1153 2837 lum
1176 2777 1332 2843 marimum
1354 2779 1502 2847 hominem
1517 2783 1579 2846 suis
1594 2792 1654 2848 met
1671 2782 1795 2866 propriis
1809 2795 1840 2849 ct

293 2859 362 2925 Ἐπὶ
385 2861 507 2940 τούτοις
539 2863 594 2928 τὸν
619 2857 768 2942 ἑξότιιτον
797 2865 834 2949 il.
861 2860 1034 2955 ἐξοίτοιτον]
1093 2878 1274 2948 intaminatis
1296 2886 1431 2951 manibus
1446 2887 1541 2968 finxit,
1559 2888 1699 2972 imaginis
1713 2908 1777 2954 suaa
1797 2890 1840 2954 ct-

291 2967 344 3030 ιιιιὶ
358 2968 545 3060 παμμεγέθη
566 2969 723 3060 ἄνθρωπον
744 2983 813 3048 ταῖς
833 2965 920 3051 ἰδίαις
944 2978 1038 3040 αιίτοῦ
1092 2985 1202 3068 figiem.
1226 2993 1269 3056 lta
1290 2993 1368 3057 enim
1388 2992 1432 3057 ait
1452 2993 1547 3058 Deus:
1570 2994 1729 3060 Faciamus
1746 2997 1837 3061 dorni-

290 3071 343 3136 κοῑῖ
360 3074 500 3164 οὶμιίμοις
516 3077 621 3166 χερσὶν
638 3077 767 3156 ἔπλασε,
784 3090 842 3156 τῆς
859 3084 972 3146 ἑαυτοῦ
995 3087 1038 3146 οἱ·
1090 3113 1154 3157 nem
1175 3095 1216 3159 ad
1233 3097 1388 3182 imupinem
1409 3105 1437 3163 et
1454 3101 1674 3167 similitudinem
1693 3110 1836 3170 nostram.

289 3179 376 3256 ιιοιος
395 3193 592 3273 χαρακτῆρα·
617 3185 708 3250 Οὔτοι
732 3184 791 3278 γαρ
808 3187 899 3277 φησὶν
918 3193 933 3252 ὁ
950 3189 1036 3266 Θτος·
1090 3202 1132 3267 at
1147 3205 1217 3288 fecit
1232 3207 1309 3271 θεον
1322 3210 1473 3274 dominam·
1486 3213 1644 3278 marculum
1659 3219 1685 3278 et
1699 3216 1838 3297 sesamam

289 3288 473 3378 Ποιήσωμεν
498 3289 657 3381 ἅνθρωποι
680 3293 752 3358 κατ’
770 3296 875 3359 εἰκόνα
898 3295 950 3360 καὶ
966 3295 1034 3360 καθ’
1088 3309 1159 3391 fecit
1177 3330 1233 3375 eos.
1251 3314 1318 3378 llaec
1337 3313 1428 3396 igitur
1442 3318 1539 3382 omnia
1555 3337 1621 3383 cunr
1642 3319 1834 3402 absolvisset,

288 3395 432 3482 ὁμοίωσιν
456 3396 621 3488 ἡμετέραν.
646 3399 706 3462 Καὶ
738 3402 881 3474 ἐποίησεν
914 3405 930 3464 ὁ
957 3403 1035 3478 Θεὸς
1088 3435 1122 3482 ea
1145 3420 1287 3498 laudarit,
1307 3431 1338 3487 st
1358 3423 1519 3502 benedixit,
1534 3425 1738 3511 subdiditquc:
1761 3431 1837 3493 σνν-

287 3501 342 3566 τδν
359 3501 527 3592 ἄνθρωπον,
545 3504 635 3597 ἄρσεν
653 3508 707 3573 καὶ
729 3507 808 3583 dallo
825 3510 968 3582 ἐποίησεν
981 3515 1035 3574 αὺ-
1087 3528 1153 3591 ,iiiii
1173 3534 1200 3592 ei
1218 3529 1459 3612 multiplicamini,

286 3609 366 3687 τούς.
384 3617 494 3676 Ταῦτα
511 3605 563 3677 οὖν
579 3612 685 3680 πάντα
708 3615 887 3693 τελειώσας,
912 3619 1035 3684 ἐπαίνε-

285 3741 337 3783 σον
366 3719 582 3809 [1.ἐπῄνεοεν]
610 3722 700 3802 αὐτὰ,
717 3725 770 3789 καὶ
785 3725 955 3818 ηὺλὸγησε,
980 3727 1034 3792 καὶ

284 3819 377 3891 εἶπεν·
401 3821 575 3907 Αὺξάνεσθε
598 3831 652 3894 καὶ
674 3830 879 3906 πληθύνεσθε.

322 4045 343 4100 ι)
365 4040 519 4110 &palladam
537 4041 618 4098 Alex.
639 4047 708 4099 vett.
729 4045 789 4098 edd.
811 4047 881 4100 Dein
898 4065 1032 4120 παμμεγι-
1084 4049 1179 4097 locans
1198 4051 1241 4098 acl
1259 4051 1292 4097 τὰ
1310 4047 1333 4098 ἰν
1352 4048 1417 4118 αὐτῇ
1435 4049 1487 4108 ζῶα
1506 4055 1687 4122 προιτονμοὶσας
1711 4052 1830 4107 lotatum

281 4126 400 4194 θιοιιῖτμ·
421 4157 454 4168 -
476 4136 499 4195 ²)
518 4131 564 4186 Sic
585 4131 646 4187 cod.
668 4132 789 4204 Bryenn.
812 4134 936 4189 Damaso.
951 4135 1031 4190 Alias
1084 4138 1116 4204 τῇ
1128 4136 1214 4187 lausai
1227 4137 1337 4204 δυνάμει.
1349 4135 1409 4188 'llari
1423 4141 1486 4189 πᾶσι
1497 4141 1524 4191 τὸ
1539 4138 1693 4206 licinianam
1705 4147 1830 4213 antesp-

280 4209 413 4284 ἐστήρισεν.
434 4246 466 4256 -
481 4217 503 4282 ³}
518 4218 633 4289 ἔχώριοιν
648 4221 772 4276 Damaso.
787 4253 821 4262 -
835 4221 856 4284 ⁴)
873 4221 1028 4292 βουλήματος
1083 4223 1261 4296 μιγιθέστατον
1275 4229 1342 4276 κατὰ
1353 4227 1470 4293 διάνοιαν,
1490 4229 1614 4297 ἄνθρωπον
1627 4233 1681 4290 ταῖς
1697 4233 1771 4300 ἱεραῖς
1784 4237 1828 4285 ast

280 4317 343 4357 cnm
369 4303 451 4362 Alex.
472 4308 533 4364 add.
554 4327 659 4365 omnes.
680 4341 715 4354 -
735 4311 802 4366 Post
819 4312 929 4381 arpinus
947 4312 1028 4385 plura
1083 4315 1195 4385 ὰμώμοις
1215 4319 1270 4366 κτλ.
1290 4313 1416 4387 Hilgenf.
1436 4335 1465 4388 p.
1481 4314 1527 4387 38,
1541 4335 1603 4389 qum
1623 4320 1749 4376 nonnihil
1768 4322 1828 4376 dis*

278 4391 411 4449 Leontius
425 4399 556 4454 resecuit.
571 4399 640 4453 Edd.
657 4405 794 4472 pergunt:
817 4405 855 4453 Τά
875 4423 901 4454 τε
921 4404 943 4455 ἐν
963 4401 1027 4473 αὐτῇ
1081 4403 1173 4458 soluta
1191 4408 1220 4458 at
1238 4403 1406 4474 interpolata
1429 4405 1512 4462 facila
1530 4407 1707 4466 haberentur.
1728 4439 1762 4452 -
1781 4411 1825 4468 Cf.

278 4484 330 4544 ζωῖῑ
350 4489 474 4557 φοιτῶντα
488 4493 520 4560 τῇ
532 4492 619 4543 ἑαυτοῦ
632 4489 743 4553 διατάξει
761 4491 885 4546 ἐκέλευσεν
902 4489 970 4546 εἶναι·
983 4497 1026 4546 bo't·
1081 4496 1150 4552 Gan.
1169 4510 1189 4566 1,
1210 4493 1237 4567 4,
1256 4495 1285 4566 6,
1308 4494 1350 4564 14,
1372 4493 1414 4550 18.
