3976 6078
949 543 1017 615 vu

246 713 249 718 ·
301 691 432 761 Verum
456 690 551 761 enim
575 709 662 762 vero
689 691 721 760 si
746 691 997 779 qualicumque
1021 693 1157 762 ambitu
1181 692 1274 762 velis
1299 691 1472 781 amplecti.
1491 696 1605 762 totum
1630 694 1771 765 anteni-

211 828 321 878 oaenae
359 810 572 878 litteraturae
608 810 801 890 theatrum,
828 812 942 877 macte
966 809 1096 894 animo,
1122 830 1162 878 ac
1197 811 1307 879 menti
1333 812 1485 880 subeant
1523 830 1604 897 quae
1629 814 1769 900 tempus

210 930 247 994 et
269 927 445 1008 homineS,
471 947 550 996 aevo
575 927 771 1007 edaciores,
797 928 1036 1006 sustulerunt,
1068 928 1257 996 innumera
1273 947 1382 1014 opera
1398 927 1594 1007 Melitonis,
1622 929 1763 1009 irenaei,

209 1042 405 1132 Hippolyti,
426 1045 534 1112 etiam
559 1043 747 1130 Polycarpi
767 1047 804 1112 et
822 1043 952 1130 Papiae,
970 1049 1045 1112 tum
1064 1045 1272 1132 Hegesippi,
1292 1044 1445 1124 Tatiani,
1469 1046 1660 1123 ltlrodoniS,
1680 1047 1771 1114 Ter·

209 1160 367 1241 tulliani,
387 1160 580 1230 Clementis
598 1160 843 1239 Alexandrini,
859 1160 1002 1240 tustini,
1021 1163 1039 1228 J
1044 1161 1106 1228 ulii
1128 1162 1297 1241 Africani,
1312 1160 1491 1247 origenis,
1508 1160 1664 1247 Dionysii
1682 1162 1771 1229 Ale-

210 1277 388 1356 xandrini,
414 1278 585 1346 Methodii
615 1281 836 1346 Patarorunr.
864 1278 959 1346 Ades
982 1279 1111 1354 animo,
1148 1284 1185 1345 et
1206 1277 1272 1344 tibi
1308 1280 1535 1358 revocentur,
1563 1279 1680 1364 quoad
1715 1277 1769 1345 fas

208 1399 277 1476 est,
303 1399 357 1464 tot
380 1395 587 1483 scripturae,
614 1395 761 1481 inglorii
787 1394 951 1474 sortasse,
977 1395 1118 1480 egregii
1151 1414 1221 1463 non
1247 1394 1372 1474 semel,
1397 1413 1497 1480 quos,
1522 1395 1598 1462 solo
1624 1395 1768 1462 nomine

208 1516 369 1600 excepto,
396 1511 622 1600 inexpiabilis
662 1511 860 1581 internecio
884 1513 1047 1598 peremit,
1073 1511 1199 1597 qualos
1223 1513 1322 1590 sunt,
1348 1529 1392 1580 nc
1418 1530 1541 1580 omnes
1566 1515 1764 1581 taceantur:

294 1875 482 1954 Quadratus,
495 1875 650 1958 propheta
669 1875 771 1937 dictus
792 1879 825 1937 ct
845 1873 965 1955 primus
1100 1873 1252 1951 Isidorus,
1275 1872 1313 1937 da
1334 1875 1469 1938 Pascha.

214 1984 404 2065 apologista.
1098 1984 1322 2063 Hieronymus,
1344 1984 1426 2065 apud
1460 1982 1644 2046 Anatolium
1691 1984 1764 2048 Ale·

294 2095 496 2175 Apollonius,
514 2095 693 2176 apologista
712 2111 817 2156 eoram
836 2096 959 2156 senatu.
1017 2083 1220 2147 xaudriuum.

293 2207 511 2283 Anaxagoras,
534 2203 714 2284 apologista
734 2203 815 2283 apud
836 2201 964 2262 Tertul·
1095 2192 1270 2255 Marcellus
1292 2194 1426 2270 Sidetas,
1443 2193 1594 2275 physicus
1618 2199 1651 2256 ot
1671 2198 1769 2274 poeta

213 2310 335 2373 lienum
360 2312 520 2374 laudatus.
773 2363 776 2370 ,
1015 2301 1222 2376 christianus,
1246 2302 1283 2362 cle
1304 2302 1460 2363 Remediis
1475 2321 1514 2363 aa·
1539 2304 1681 2384 piscibus.

293 2420 457 2484 Miltiades
491 2426 523 2483 et
544 2419 741 2496 Ambrosius,
759 2419 958 2499 apologistae.
1095 2409 1259 2486 Musaque,
1282 2410 1429 2500 adversus
1448 2412 1641 2471 Encratitaa.

292 2529 372 2592 laem
384 2527 558 2600 Miltiades,
572 2529 718 2590 adparens
727 2526 863 2604 jum,
874 2528 964 2588 Mon.
1095 2517 1296 2596 Apollinaris
1326 2519 1600 2597 Hierapolitanus,
1624 2519 1716 2598 cujus
1738 2537 1765 2580 c-

212 2637 345 2696 tanistas
364 2641 393 2696 at
420 2635 665 2697 Valentinianos.
1009 2626 1142 2704 pistolas
1162 2637 1316 2688 memorat
1342 2644 1465 2688 coaevus
1497 2625 1650 2706 Serapion
1683 2628 1764 2706 apud

292 2744 426 2804 Hermas
462 2742 598 2807 sortasse
620 2746 658 2806 ab
690 2745 811 2806 Herma
832 2746 960 2825 pastore
1015 2732 1196 2795 Eusebium·

212 2851 466 2932 distinguendus.
1094 2841 1289 2921 Theophilus
1309 2843 1529 2920 Caesariensis,
1552 2843 1589 2904 de
1616 2841 1750 2904 Pascha.

291 2962 465 3041 Archelaus,
488 2962 525 3024 (10
547 2961 682 3039 pascha,
706 2961 789 3042 «qui
814 2965 887 3042 post
914 2960 961 3022 qq.
1093 2950 1265 3028 Modestus,
1288 2953 1434 3016 adversas
1455 2953 1659 3015 Marcionem.

212 3069 349 3149 scipulos
364 3068 490 3131 Domini
504 3071 670 3151 episcopus
692 3069 755 3132 iuit
780 3069 958 3150 Leptitana
1093 3059 1215 3121 Soteris
1235 3061 1297 3123 ΡΡ.
1314 3062 1442 3140 epistola
1456 3061 1499 3121 ad
1515 3060 1708 3136 Corinthios,
1730 3062 1764 3122 et

210 3179 343 3242 urbis.»
368 3163 369 3168 ¹
1013 3167 1160 3230 adversas
1184 3168 1416 3248 Cataphrypas.

290 3285 436 3363 Mnasou,
470 3285 550 3349 «vir
581 3287 785 3367 apostolicus,
808 3287 958 3347 adversus
1093 3278 1237 3357 Dionysii
1259 3285 1291 3339 et
1312 3278 1675 3358 PynitiCorinthiorum
1700 3278 1763 3356 api-

212 3412 304 3473 quem
325 3395 471 3456 Philonis
486 3381 666 3484 ἀντέρῤησις
687 3399 806 3459 exstat.
819 3417 836 3452 a
1011 3390 1106 3448 stolae
1126 3392 1159 3447 et
1179 3386 1217 3448 da
1239 3386 1370 3480 Origine
1392 3387 1627 3448 haereticorum.
1775 3380 1778 3386 ’

287 3505 443 3566 Pothinus
482 3509 516 3566 et
545 3505 694 3566 Seniores
719 3505 957 3584 Lugdunenses,
1093 3495 1278 3576 Serapionis
1300 3497 1444 3574 epistulae
1461 3498 1594 3576 plnres.

207 3611 357 3696 polemici
377 3618 480 3685 rates,
506 3616 587 3694 apud
609 3616 776 3679 lrenaeum.
1091 3605 1220 3684 Trypho
1243 3609 1276 3666 et
1307 3605 1404 3684 Hero,
1427 3603 1577 3684 discipuli
1598 3605 1759 3684 Origanis,
1861 3599 1868 3614 ⁴

287 3721 435 3783 Senioras
457 3721 684 3793 Alexandrini,
712 3722 793 3801 apud
815 3721 959 3786 Clemen·
1012 3732 1142 3793 quorum
1165 3712 1336 3775 laudantur
1358 3713 1543 3792 Eaepcticu.

207 3829 325 3891 temet
347 3829 517 3908 Origenem
540 3828 806 3910 frequentissimi.
1093 3821 1244 3901 Beryllus
1276 3821 1472 3896 Bostrensis,
1491 3839 1580 3900 quem
1603 3821 1755 3901 Origenes

287 3936 484 4022 Pantaenus,
507 3938 666 4001 Candidus
700 3942 733 3998 et
768 3938 883 4017 Apion,
921 3938 958 4000 de
1012 3931 1049 3993 ad
1072 3930 1200 3992 saniora
1220 3930 1395 3993 revocavit.
1594 3993 1596 4000 ,

208 4049 437 4112 Hecaenaeron.
1092 4038 1254 4114 Geminus,
1276 4038 1493 4120 Antiochenus
1515 4039 1691 4118 presbyter.

287 4156 455 4239 Philippus
466 4155 691 4237 Gortynensis,
708 4154 855 4218 adversar
870 4156 958 4217 Mar·
1090 4147 1205 4230 NepoS,
1222 4146 1377 4228 aegyptius
1392 4147 1566 4226 episcopus,
1581 4145 1761 4228 aDionysio

209 4265 337 4330 monem.
1011 4262 1224 4336 oppugnatus.

286 4373 416 4436 Palmae
430 4373 629 4438 Amastrides
645 4378 678 4437 et
696 4373 882 4437 Bacchillus
903 4377 958 4438 Co-
1091 4363 1249 4426 Basilides
1269 4363 1545 4444 pentapolitanus,
1568 4362 1607 4427 da
1627 4349 1761 4442 tempore

207 4481 360 4559 sinthius,
382 4481 435 4562 qui
457 4484 592 4547 mittunt
614 4486 733 4546 tietmar
759 4483 933 4562 synodicas.
1009 4475 1241 4538 resurrectionis
1261 4473 1304 4534 ad
1326 4475 1524 4552 Dionysiam.

288 4590 470 4652 Heraclites
505 4591 705 4669 Corinthius,
743 4593 777 4652 in
815 4591 956 4670 epistolas
1089 4583 1218 4646 Eusebii
1238 4582 1407 4644 Laodiceni
1429 4584 1506 4644 liber
1519 4599 1683 4643 sacrarum
1706 4581 1762 4642 do·

208 4699 316 4763 Pauli.
1010 4694 1198 4755 ctrinaram.

285 4807 393 4886 ludas,
426 4811 459 4870 in
486 4809 637 4888 (laneam,
660 4814 693 4871 et
714 4808 747 4870 in
778 4807 871 4870 LXX
888 4807 958 4868 aea-
1089 4803 1282 4880 Theodorus,
1305 4802 1343 4866 de
1363 4803 1488 4866 Conona
1505 4805 1756 4885 Smipturarnm,
1780 4879 1786 4892 ⁸

207 4915 358 4979 donandas
380 4919 531 4981 Danielis.
1010 4915 1092 4995 apud
1112 4915 1311 4976 Victorinum
1337 4914 1608 4978 Petobionansem.

287 5025 413 5102 Sextus,
437 5027 474 5088 de
495 5029 743 5091 Rmnrrcclionc.
980 5055 983 5060 ’
1089 5024 1320 5099 Athenodorus,
1344 5021 1680 5102 sarcileThaumaturgi
1695 5021 1761 5083 tra·

287 5136 438 5198 Abercius
470 5137 744 5218 hieropolitanus,
769 5135 861 5217 cujus
894 5151 956 5196 me·
1008 5139 1071 5210 ter,
1094 5133 1131 5194 cle
1152 5133 1344 5194 Habraisrno.

207 5253 372 5310 morantur
392 5247 528 5327 epistola
548 5251 581 5307 et
605 5237 768 5320 διατάξεις.
1089 5241 1237 5305 Faustini
1257 5242 1477 5322 Lugdunensis
1502 5243 1647 5322 epistolae
1668 5241 1758 5302 binae

287 5355 440 5419 Arabiani
461 5346 683 5418 διδασκαλικά.
884 5385 885 5388 ¹
1009 5354 1048 5415 ad
1071 5351 1266 5432 Stephanum
1288 5353 1349 5415 ΡΡ.
1373 5359 1406 5415 et
1426 5353 1636 5432 cyprianum.
