4038 6088
278 487 338 551 558

275 658 327 723 per
347 638 511 721 subjectam
531 637 643 703 dtvtnae
664 639 806 722 potestati
833 638 961 722 speciem
981 636 1028 701 vi·

274 727 369 791 sibilis
389 736 541 808 creature,
558 745 625 810 qnae
645 726 782 792 humanis
802 735 918 811 poterat
937 742 1028 810 appa-

276 834 339 882 rere
352 818 568 900 conspectibus.
583 817 616 882 ln
627 837 662 883 ea
673 827 772 884 auam
783 817 951 882 substantia
967 835 1028 879 ma-

272 906 399 987 iestatis,
417 905 447 970 in
468 923 528 990 qua
548 917 603 984 est,
623 908 769 990 quomodo
783 907 863 970 Deus
878 925 895 969 a
910 905 1027 969 mortali

276 997 373 1059 adhoc
387 994 507 1061 homine
520 997 680 1076 rideretur,
698 1016 763 1061 cum
779 997 841 1078 ipse
852 995 890 1060 ad
905 995 1028 1075 llloysen

275 1083 370 1148 dicat:
395 1091 467 1152 Nora
477 1093 591 1164 poteris
604 1093 703 1151 cidere
715 1093 824 1165 facien
837 1107 941 1149 meam.
957 1089 1028 1150 Non

276 1181 355 1239 enim
374 1181 482 1240 videbis
501 1197 547 1241 me
560 1182 654 1254 bano,
669 1185 695 1240 ct
708 1180 804 1241 aiom?
820 1174 882 1238 llac
895 1190 966 1250 ergo
981 1187 1028 1234 ra·

276 1263 356 1328 tione
377 1274 536 1348 utrumque
558 1264 757 1330 testimonium
778 1281 881 1329 verum
901 1271 958 1327 est.

369 1491 478 1536 tltcsets
501 1490 753 1536 tasssaaostlstttltts
776 1491 809 1534 ltlt
833 1487 935 1533 attona.

315 1671 398 1732 XIII.
414 1675 623 1748 Interrogasse.
639 1665 718 1732 lttctt
738 1665 879 1731 Dominus
899 1665 938 1728 ad
956 1662 1030 1728 Μοι-

275 1774 345 1820 sen:
358 1760 530 1822 PostcrIora
542 1778 608 1821 mcc
621 1762 732 1822 caseth
746 1758 779 1834 ¹):
794 1754 866 1836 quid
882 1753 929 1816 hic
945 1751 1030 1816 intel-

277 1845 435 1927 legendum
457 1845 526 1910 esti

318 1934 568 2017 Respondeadcm,
585 1933 662 2019 quod
678 1935 840 2019 posteriora
855 1932 1028 1999 diuinorum

277 2043 398 2108 operum
411 2025 440 2088 in
452 2025 579 2104 Christo,
592 2028 718 2109 posteris
730 2021 945 2089 manifestanda
958 2031 1029 2086 tem-

278 2113 409 2194 poribus,
427 2113 476 2176 uel
488 2117 518 2186 in
534 2113 646 2197 Spiritu
661 2114 784 2178 visurus
797 2120 874 2177 esset
889 2116 924 2190 ²),
938 2109 987 2174 vel
1000 2110 1029 2174 in

277 2203 403 2284 posteris
418 2203 492 2268 suis.
509 2202 583 2267 Nam
604 2205 763 2287 posteriora
779 2202 899 2267 Domini
914 2200 1027 2280 videre,

280 2293 334 2358 boc
347 2304 393 2358 est
405 2291 509 2356 Filium
519 2293 583 2374 ejus
596 2293 681 2356 terris
696 2293 879 2376 apparuisse,
895 2302 925 2356 et
938 2309 1032 2355 saccu-

278 2382 337 2448 lum
353 2381 569 2464 periclitantem
588 2381 695 2465 jamin
716 2381 803 2446 linem
824 2400 877 2445 sna
892 2382 1031 2465 passione

279 2471 449 2534 redemisse.

318 2563 398 2623 XIV.
415 2557 523 2622 latera.
539 2558 617 2637 Quid
630 2569 677 2625 est
691 2559 738 2625 ille
753 2558 864 2641 digitus
886 2559 951 2636 Dei,
972 2576 1031 2642 quo

278 2646 347 2711 duae
368 2647 455 2728 Legis
479 2647 585 2712 tabulae
606 2647 743 2714 uidentur
764 2647 882 2730 scriptae
897 2647 949 2728 ³)‘l

318 2735 411 2818 Reep.
428 2737 547 2818 Digitus
561 2735 615 2801 Dei
632 2736 680 2801 hic
694 2737 883 2819 accipiendus
897 2746 944 2801 est
965 2735 1030 2820 Spi-

280 2826 354 2890 ritus
376 2825 443 2891 Dei.

549 3016 588 3093 [aa
610 3021 768 3096 navarrcol.

320 3231 385 3290 XV.
409 3226 511 3291 latera.
528 3227 602 3292 Cum
623 3231 732 3293 munda
752 3237 784 3294 et
804 3227 944 3293 inmunda
966 3229 1028 3292 ani·

280 3316 368 3379 malla
389 3315 491 3381 divina
513 3337 564 3399 per
584 3318 698 3384 bloisen
719 3319 797 3400 Lege
811 3317 935 3383 discreta
958 3318 1028 3398 sint,

281 3403 427 3485 quomodo
441 3407 530 3471 etiam
551 3417 620 3471 ante
640 3406 786 3472 diluvium
801 3405 838 3470 de
852 3406 898 3470 his
913 3425 979 3489 quae
1002 3406 1030 3469 in

282 3511 377 3558 arcam
394 3496 559 3579 recipienda
574 3506 668 3578 crant,
687 3495 826 3562 inmunda
844 3495 1031 3579 appellantur

282 3581 420 3648 animalia
435 3586 484 3663 ⁴)‘l

323 3670 355 3748 [l.
370 3673 418 3753 st]
431 3671 520 3755 Desp.
538 3675 655 3750 ldoises,
673 3674 835 3757 inspirante
848 3682 950 3738 sancto
965 3671 1028 3756 Spi-

283 3759 351 3837 ritu,
375 3758 566 3827 Pentatheuci
582 3763 707 3844 scriptor
720 3772 750 3828 et
764 3761 896 3826 conditor
916 3769 978 3825 est:
1000 3771 1031 3827 et

282 3847 352 3933 quia
367 3849 397 3914 in
412 3851 543 3917 Leuitico
557 3852 594 3918 de
609 3851 725 3917 mundis
747 3851 952 3936 inmundisque
968 3852 1032 3917 ani·

282 3938 407 4005 malibus
431 3951 495 4008 erat
516 3942 689 4027 proterenda
710 3940 866 4024 discretio,
889 3943 978 4006 etiam
1000 3941 1031 4005 in

282 4027 403 4108 Genesi,
413 4033 482 4116 quia
494 4036 647 4116 utriusque
661 4031 728 4096 libri
743 4041 845 4096 auctor
859 4043 915 4109 est,
928 4033 1029 4098 eadem

281 4119 420 4183 animalia
440 4123 606 4207 appellarit
624 4121 777 4187 inmunda.

321 4212 402 4274 XVI.
415 4210 519 4274 lotas.
533 4213 609 4293 Quae
623 4210 659 4276 de
673 4210 768 4276 reteri
782 4210 971 4276 Testamenta
986 4229 1031 4276 re·

283 4296 424 4380 linquere,
448 4301 495 4366 vel
517 4319 583 4384 quae
605 4301 762 4365 obseruare
782 4301 945 4366 dehemus?

325 4391 415 4473 Besp.
439 4390 587 4456 Debemus
608 4391 768 4455 observare
786 4391 942 4468 mandata,
963 4409 1031 4474 quae

283 4482 321 4548 ad
336 4479 537 4562 corrigendam
550 4479 642 4544 vitam
656 4495 810 4562 moresque
822 4478 968 4558 pertinent
983 4485 1029 4560 6);

282 4574 448 4656 relinquere
462 4580 560 4636 autem
579 4569 768 4634 ceremonias
789 4567 923 4650 ritusque
943 4569 1032 4632 sacri·

333 4807 354 4865 ¹)
374 4797 462 4853 ond.
477 4811 577 4864 xxxiia,
590 4793 637 4850 23.
650 4825 684 4836 -
700 4801 722 4858 Ιὃ)
736 4797 802 4850 assit
815 4794 844 4848 C.
858 4823 893 4834 —
906 4793 928 4858 ³)
943 4791 1030 4846 Exod.

283 4907 362 4958 xxxi,
386 4887 427 4943 ta.
448 4887 561 4943 Addunt
573 4887 635 4940 edd.
656 4885 823 4957 quaestiones
840 4889 897 4938 tres
911 4885 938 4936 in
958 4883 1033 4937 Exo-

283 4983 357 5037 dum.
375 5009 410 5020 -
424 4980 448 5050 ⁴)
467 4980 537 5034 Gen.
558 4993 607 5045 arr,
626 4975 653 5032 8.
675 4977 793 5047 Langen
806 4975 978 5030 discrasta...
997 4975 1033 5028 tr·-

284 5073 362 5125 berct
370 5068 544 5140 proferenda
554 5067 583 5122 C.
592 5097 627 5107 -
634 5067 656 5131 5)
668 5067 799 5121 devemus
808 5065 877 5120 bis...
884 5067 1032 5133 pertimet...

283 5162 388 5232 fisurus
403 5157 432 5211 C.
447 5185 479 5198 -
493 5161 516 5226 ὕ)
530 5158 644 5212 nobis...
660 5153 697 5208 id.
707 5185 742 5195 -
757 5157 779 5217 ⁷)
791 5155 936 5208 brebiter...
950 5149 1032 5222 paulo

285 5251 429 5318 prastaam
448 5255 473 5300 et
492 5263 543 5299 aros
557 5247 762 5315 temporibus...
779 5242 876 5296 deiude
889 5248 921 5296 in
935 5257 1033 5296 cacerr-

800 483 1111 552 tltssttttcstttdtttt
1137 484 1313 549 ausflaatt

1083 633 1231 714 liciorum,
1254 635 1304 716 qui
1327 633 1436 716 ligneas
1456 640 1546 716 aque
1574 631 1707 696 umbram
1731 633 1839 698 lutaris

1082 734 1152 789 tunc
1173 725 1261 788 rebus
1283 722 1486 806 praetulerunt.

1121 812 1344 878 XVIIIoterr.
1367 813 1448 893 Quid
1469 811 1679 892 respondemus
1698 812 1839 894 objicien-

1084 901 1175 979 tibus,
1195 919 1281 984 quam
1303 901 1341 966 ob
1362 919 1482 964 eausam
1503 899 1594 982 Deus,
1611 899 1760 964 sacrificiis
1780 919 1840 964 ve-

1081 991 1192 1056 teribus
1203 991 1375 1074 repudiatis,
1390 991 1476 1054 novis
1491 993 1519 1070 6)
1533 990 1696 1054 delectatus
1706 988 1768 1053 sit‘l
1782 989 1840 1052 Ni-

1081 1079 1122 1144 hil
1144 1081 1221 1146 enim
1242 1081 1347 1162 corrigi
1371 1080 1540 1161 adfirmant,
1564 1079 1622 1144 nisi
1644 1078 1722 1162 quod
1745 1081 1836 1158 ¹[non]

1083 1179 1161 1235 recte
1182 1171 1288 1234 lactum
1310 1179 1439 1252 putetur,

1121 1258 1215 1341 Resp.
1238 1259 1372 1341 Spatiosa
1394 1258 1530 1342 quaestio,
1552 1258 1606 1323 sed
1626 1274 1680 1321 nos
1700 1275 1753 1339 pro
1774 1274 1836 1322 ne-

1081 1350 1218 1414 cessitate
1229 1349 1359 1414 breriter
1374 1353 1398 1428 τ)
1414 1346 1668 1432 respondebimus,
1681 1345 1759 1426 quod
1774 1363 1836 1409 non

1084 1438 1149 1504 ideo
1170 1439 1250 1503 Deus
1270 1437 1366 1503 videri
1387 1438 1481 1522 possit
1501 1436 1663 1516 mutabilis,
1681 1437 1748 1516 quia
1770 1435 1836 1498 haec

1082 1545 1135 1610 pro
1148 1537 1311 1611 temporum
1318 1529 1539 1612 opportunitate
1551 1537 1663 1591 mutata
1673 1533 1753 1590 sunt.
1759 1523 1835 1588 Nam

1083 1625 1113 1681 et
1132 1635 1229 1681 annus
1250 1618 1441 1701 temporibus,
1457 1627 1488 1682 et
1502 1617 1574 1682 ritae
1589 1615 1715 1699 spatium
1738 1613 1836 1679 raria-

1084 1716 1130 1772 tur
1151 1707 1300 1772 aetatihus.
1325 1707 1385 1772 Nec
1406 1708 1602 1790 idcircoque
1623 1705 1681 1772 ista
1697 1702 1834 1780 instituit,

1082 1795 1194 1860 diviua
1214 1795 1410 1879 providentia
1424 1796 1499 1860 ratic
1513 1795 1656 1860 variatur.
1673 1793 1734 1859 Nec
1752 1791 1833 1874 agri·

1082 1885 1157 1962 cola,
1181 1883 1205 1948 si
1226 1893 1330 1949 astae
1351 1885 1451 1964 aliud,
1473 1884 1569 1950 bieme
1592 1884 1674 1949 aliud
1696 1883 1726 1948 in
1746 1901 1835 1948 eucr-

1082 1974 1176 2038 cendo
1195 1989 1267 2054 agro
1285 1973 1420 2055 jusserit,
1437 1971 1625 2055 agricultura
1642 1972 1717 2037 ratio
1738 1983 1834 2036 mula-

1085 2071 1141 2125 tur.
1164 2061 1229 2126 Non
1243 2061 1322 2146 quod
1340 2063 1364 2126 is
1378 2063 1424 2127 sui
1439 2063 1575 2128 rideatur
1589 2079 1652 2126 esse
1668 2061 1830 2138 dissimilis,

1083 2153 1133 2234 qui
1156 2151 1240 2230 lacit,
1266 2153 1333 2233 [sed
1356 2162 1549 2237 tempusque
1571 2151 1668 2232 lacitl.
1693 2152 1835 2234 Praeoeoit

1082 2259 1153 2319 ergo
1174 2241 1254 2305 Deus
1274 2258 1341 2324 quac
1362 2236 1431 2325 apta
1452 2251 1523 2305 sunt
1548 2243 1609 2304 suis
1636 2240 1828 2324 quibuslque]

1084 2332 1272 2413 temporibus.
1287 2331 1370 2398 Sicut
1383 2333 1473 2397 etiam
1484 2330 1532 2395 hic
1543 2331 1580 2397 de
1591 2330 1742 2395 sacrifieiis
1756 2347 1833 2414 prae·
1918 2361 1922 2371 ν

1083 2423 1169 2504 cepit,
1194 2441 1252 2486 non
1273 2439 1362 2487 causa
1382 2441 1444 2488 suae
1464 2421 1677 2499 delectationis,
1699 2420 1750 2486 sed
1773 2420 1833 2484 hn-

1084 2530 1187 2591 manae,
1205 2523 1236 2577 ut
1249 2524 1356 2594 cetera,
1375 2514 1522 2578 utilitatis.
1538 2513 1575 2577 llt
1590 2512 1654 2578 ideo
1677 2513 1770 2577 honus
1786 2519 1832 2575 est

1085 2601 1116 2681 [f.
1127 2603 1177 2683 92]
1191 2602 1347 2682 Dominus,
1359 2611 1430 2682 quic
1441 2609 1582 2670 bonoram
1591 2609 1760 2668 nostrorum
1770 2623 1832 2665 mort

1081 2696 1202 2770 bodipct.
1225 2690 1283 2756 Sed
1304 2691 1366 2756 haec
1386 2692 1449 2774 ipsa
1474 2700 1719 2756 sacramentorum
1743 2690 1831 2768 [com-

1083 2779 1233 2860 mutatio]‚
1257 2799 1294 2846 ne
1315 2799 1391 2846 nora
1406 2789 1436 2846 et
1456 2782 1551 2846 subito
1573 2791 1692 2863 putetur
1713 2783 1833 2843 adsum·

1083 2879 1145 2952 pta,
1169 2871 1330 2954 praedicata
1349 2871 1520 2955 jamdudum
1542 2870 1720 2955 propheticis
1742 2878 1830 2950 atque

1083 2959 1195 3023 divinis
1215 2960 1339 3025 vocibus
1361 2959 1465 3040 luerat,
1489 2957 1595 3045 quibus
1619 2958 1739 3024 dicitur:
1763 2965 1835 3024 Non

1083 3056 1231 3129 accipr'cm
1252 3057 1287 3116 de
1307 3057 1390 3116 doram
1411 3060 1464 3116 tac
1483 3055 1599 3128 viculos,
1618 3070 1711 3128 neque
1724 3053 1760 3113 dc
1770 3069 1834 3128 pre·

1081 3146 1167 3219 ottus
1187 3147 1246 3205 tois
1265 3146 1371 3205 hircos.
1386 3139 1544 3215 Postremo,
1566 3146 1598 3202 ut
1617 3135 1746 3203 brevitor
1765 3154 1835 3200 con-

1083 3228 1252 3306 cludamus,
1276 3247 1326 3292 eur
1353 3227 1471 3293 diversa
1500 3227 1558 3291 sibi
1585 3225 1727 3290 sacrificia
1755 3226 1834 3290 Deus

1084 3317 1211 3382 voluerit
1224 3317 1333 3396 ollerri,
1350 3317 1420 3400 quia
1441 3315 1507 3381 aliis
1528 3315 1719 3380 sacramentis
1735 3314 1836 3379 Chris·

1087 3418 1147 3473 tum
1169 3407 1361 3491 prenuntiari
1384 3407 1521 3490 oportuit,
1544 3404 1772 3470 convenisset.

1318 3613 1352 3658 oa
1374 3613 1547 3660 uenenorum
1563 3596 1602 3676 ⁸).

1124 3770 1236 3830 XVIII.
1253 3764 1357 3828 latera.
1375 3764 1494 3830 Balaam
1511 3762 1559 3828 ille
1574 3761 1694 3846 gentilis
1709 3767 1745 3840 ⁰),
1761 3761 1833 3845 quid

1083 3854 1225 3937 estquod
1247 3852 1438 3938 prophetasse
1458 3853 1618 3920 secundum
1633 3849 1719 3916 iidem
1740 3866 1834 3914 sacrae

1083 3944 1287 4027 comprobatur
1308 3943 1440 4007 istoriae‘l

1123 4034 1213 4116 Resp.
1230 4035 1265 4098 Ut
1277 4032 1376 4099 multis
1392 4033 1588 4098 innotesceret
1602 4031 1696 4096 modis
1710 4029 1833 4106 veritos,

1084 4124 1153 4189 dum
1166 4140 1374 4206 usquequaque
1387 4121 1512 4205 prolata,
1524 4121 1614 4186 etiam
1625 4136 1677 4204 per
1687 4118 1832 4196 infideles,

1083 4213 1284 4290 adnuntiatur,
1297 4220 1327 4277 et
1340 4221 1375 4276 ut
1388 4211 1443 4277 hoc
1457 4230 1492 4276 ex
1504 4211 1643 4294 gentihus
1655 4208 1836 4294 prophetan-

1086 4313 1125 4381 te,
1139 4301 1255 4380 signum
1266 4300 1321 4365 hoc
1332 4311 1412 4366 esset
1425 4299 1564 4381 gentibus
1578 4297 1744 4364 credituris.
1757 4297 1834 4360 Nam

1084 4402 1115 4458 et
1136 4391 1242 4457 Deliud
1266 4392 1294 4456 in
1309 4391 1365 4456 Job
1385 4390 1461 4455 libro
1475 4390 1513 4455 de
1528 4391 1632 4456 futuris
1646 4388 1726 4455 haud
1747 4387 1836 4452 dubie

1085 4481 1177 4547 multa
1205 4481 1350 4564 predixit.
1373 4481 1411 4545 llt
1431 4479 1559 4564 caiphas
1584 4481 1622 4546 de
1649 4479 1776 4545 Domino
1800 4495 1836 4541 ac

1085 4572 1240 4637 salvatore
1261 4581 1362 4634 nostro
1385 4570 1413 4633 in
1435 4570 1600 4652 Evangelio
1616 4567 1811 4652 prophetavit.

1085 4795 1121 4847 do
1133 4809 1203 4864 agro
1213 4793 1242 4848 G.
1255 4793 1300 4846 Ps.
1316 4808 1363 4860 xv3
1375 4807 1451 4861 xurx,
1462 4791 1492 4857 9,
1503 4794 1578 4845 circs
1587 4790 1659 4845 mad.
1672 4789 1834 4861 Gindr'git...

1084 4898 1200 4955 scyram
1219 4883 1287 4939 bis...
1299 4884 1420 4938 uitulo...
1436 4883 1567 4936 atreus...
1580 4889 1730 4950 posttremc
1747 4880 1787 4932 sic
1802 4879 1831 4933 C.

1085 5001 1120 5012 -
1135 4972 1158 5042 ⁸)
1173 4972 1200 5024 lu
1221 4969 1303 5025 titulo
1322 4969 1437 5024 scholiis
1458 4973 1562 5024 lnssrto
1582 4969 1664 5022 habet
1683 4969 1703 5023 C
1721 4967 1756 5022 rie
1773 4986 1832 5022 ιιιι·

1085 5077 1209 5130 merrrm,
1229 5076 1280 5131 pro
1299 5075 1495 5128 numerorum,
1515 5054 1722 5124 subintellecto,
1740 5058 1772 5110 ul
1790 5055 1833 5119 st,

1086 5149 1185 5204 libro...
1196 5177 1231 5190 -
1244 5153 1267 5214 ⁰)
1277 5149 1422 5220 gentiles...
1437 5148 1821 5212 stortae...euottscsrat...pro

1086 5241 1205 5293 latam...
1220 5255 1303 5294 esse...
1323 5239 1459 5293 dubiae...
1474 5238 1525 5292 tuce
1547 5236 1576 5290 C.
1592 5236 1673 5290 Num.
1689 5249 1765 5302 xxrr,
1789 5227 1829 5285 tr.
