3966 6120
204 435 265 510 cll

198 609 254 664 XL.
274 611 354 675 Lapis
373 609 463 662 hlelas.
480 616 554 662 -el
573 615 693 677 migieas
717 608 745 666 C.
766 605 793 668 Ρ.
809 640 843 654 ·-
857 618 946 669 inean-
1000 598 1081 670 XLV.
1100 619 1181 682 Lapis
1200 621 1332 674 Sicaliten
1354 620 1383 674 C,
1404 623 1433 674 Ρ.

244 696 374 753 talionem
393 701 422 752 C.
439 704 520 756 -ad
538 706 659 772 quintam
681 707 817 759 decimam
835 709 864 760 C.
884 710 910 762 Ρ.
999 707 1093 759 xlvi.
1112 709 1194 772 Lupis
1212 710 1363 774 Camptine.
1380 735 1414 751 -·
1429 725 1531 776 corpas
1549 714 1636 774 lallare
1664 716 1694 766 C.
1715 715 1743 766 l‘.

199 791 266 843 XLl.
285 791 366 854 Lapis
385 792 569 857 Gagalromeo
588 794 615 845 C.
637 796 663 847 l‘.
999 795 1105 849 xnvn.
1126 799 1207 861 lapis
1225 799 1380 863 Crysoliteo
1399 802 1427 852 C.
1449 803 1474 854 Ρ.

198 882 278 933 xiil.
299 881 380 946 Lapis
398 882 525 933 Felicitan
544 882 572 933 C.
586 882 705 944 (recitas
719 886 744 936 Ι).
756 886 947 952 Fericiieul-
999 887 1118 939 xhvlll.
1138 890 1218 952 Lapis
1237 891 1399 942 chrisoliteo
1417 891 1493 944 aller.
1514 893 1542 944 C.
1563 894 1589 944 Ρ·
1602 919 1635 931 -
1651 895 1759 945 lutum

244 971 342 1022 similis
360 977 402 1022 esi
416 971 503 1022 lonico
515 972 543 1023 C.
556 972 618 1023 Non
636 973 748 1026 'cicietur
766 975 869 1027 babere
885 980 945 1038 pios
1046 979 1123 1030 oeldo
1141 980 1170 1030 C.
1191 981 1217 1031 Ρ.
1235 988 1310 1032 -ei
1328 994 1438 1034 amiram
1457 983 1526 1048 ingr.
1544 995 1588 1046 ap.
1607 992 1634 1034 et
1653 985 1682 1035 C.

245 1073 331 1112 scaro.
999 1066 1084 1118 xllx
1103 1067 1185 1131 Lapis
1203 1069 1393 1132 ,ipoclreamos
1411 1072 1440 1123 C.
1453 1072 1480 1124 l’.
1492 1095 1526 1109 -
1537 1075 1564 1123 ia
1574 1074 1631 1134 flare
1645 1073 1666 1124 C
1686 1084 1751 1124 cor-

197 1149 288 1202 XLlll.
308 1151 389 1215 Lapis
408 1152 508 1215 Lyncis
528 1152 556 1202 C.
577 1154 604 1205 P.
739 1179 743 1186 ,
838 1151 839 1154 ’
922 1169 925 1184 ·
1045 1163 1128 1219 rapte
1145 1158 1253 1209 abortus
1271 1165 1298 1210 el
1316 1161 1395 1211 viles.

197 1241 290 1294 XLlV.
310 1241 390 1303 Lapis
408 1242 570 1294 Narcissiles
596 1243 746 1296 -viridis
766 1245 890 1297 modicus
915 1247 943 1299 C.
1001 1246 1019 1296 L
1049 1248 1130 1310 Lapis
1149 1249 1246 1298 Saluio.
1265 1250 1285 1300 c
1315 1250 1341 1300 li.
1360 1273 1393 1288 -
1414 1259 1492 1314 parri
1511 1252 1580 1303 lasis
1598 1253 1627 1302 C.

955 1425 999 1502 ll.

606 1633 878 1694 declarantes
912 1632 1027 1696 Codice
1062 1638 1212 1706 Caucasi,
1238 1637 1258 1697 Ι.
1283 1636 1349 1697 191.

271 1825 320 1885 m.
342 1828 446 1898 Lapis
468 1825 747 1896 Anthropocriae.
772 1821 1034 1898 Anthropocrino
1057 1824 1136 1901 lapis
1157 1823 1254 1885 habet
1269 1825 1381 1886 stellas
1397 1827 1564 1903 projectas,
1581 1826 1670 1889 velut
1685 1827 1755 1890 cri-

191 1949 248 1994 nes
268 1930 500 2002 hominisllic
522 1931 602 2007 lapis
623 1929 704 1990 artis
727 1928 872 2006 magicae
886 1931 918 1990 et
940 1929 1105 1995 maleficae
1120 1931 1353 1995 absolutionem
1375 1933 1482 1995 lacit...
1505 1934 1617 1996 traciam
1642 1937 1750 1997 mullis

191 2039 352 2102 coloribus
378 2039 530 2101 inseriae.

269 2148 332 2207 Lll.
356 2149 642 2222 Leptsl'epoaz'on.
664 2144 824 2222 'topazion
847 2143 928 2222 lapis
949 2145 999 2206 est
1020 2147 1255 2208 sabrasimatus
1280 2145 1366 2228 (etc),
1388 2149 1521 2221 lucidus,
1549 2151 1629 2213 bene
1660 2152 1750 2224 lenis,

190 2257 319 2335 spissus.
332 2257 426 2316 Hunc
437 2253 476 2315 ad
488 2251 718 2314 maleficiorum
731 2251 994 2314 adversionem...
1008 2253 1165 2332 (gestare)
1178 2255 1211 2316 in
1223 2255 1350 2317 acinum
1363 2256 1479 2318 bonum
1496 2262 1553 2320 est.
1568 2257 1620 2334 (ci.
1635 2261 1747 2331 xxix,

189 2363 416 2440 Topazoniten.
441 2365 545 2436 spicil
564 2362 614 2420 ΙΙΙ.
637 2359 722 2438 332).

267 2473 345 2532 Llll.
368 2474 471 2544 Lapis
495 2472 685 2530 Palicanus.
709 2467 878 2530 Polizonas
901 2467 1123 2546 lapis,l1icest
1146 2470 1248 2547 niger,
1272 2471 1392 2533 habens
1414 2472 1448 2532 in
1464 2474 1635 2552 semetipso
1649 2491 1744 2538 zonas

188 2579 286 2640 albas.
308 2577 368 2639 Hie
388 2576 535 2654 portatus
566 2575 604 2636 ad
627 2574 746 2636 amicos
770 2575 1064 2638 coiunrendatianes
1085 2577 1162 2638 iacit
1195 2579 1227 2638 et
1249 2576 1335 2640 fides.
1357 2580 1510 2641 Nascitur
1532 2582 1564 2642 in
1588 2583 1669 2644 mari
1691 2601 1750 2644 ru-

189 2687 256 2748 bro.
279 2685 337 2746 Est
365 2685 451 2748 enim
476 2684 510 2746 et
535 2683 724 2744 mulieribus
740 2680 892 2762 (aptusl...
918 2683 1089 2744 continens
1111 2683 1261 2756 infantes
1284 2687 1430 2763 portatus
1453 2687 1486 2748 in
1508 2705 1598 2750 zona.

267 2799 346 2857 LIV.
361 2798 465 2870 Lapis
491 2796 630 2868 Pprtles.
659 2793 786 2871 Pyrites
816 2793 903 2870 lapis,
934 2792 989 2854 hie
1010 2793 1139 2870 spissae,
1169 2792 1305 2856 tricatus
1330 2795 1422 2856 laxat
1444 2811 1596 2870 amorem,
1618 2798 1651 2860 et
1673 2815 1748 2876 per·

187 2923 301 2968 cussus
322 2905 430 2982 ignem
452 2903 549 2980 ejicit.
572 2905 666 2964 Hune
686 2901 822 2978 lapidem
844 2900 979 2978 ligatum
1003 2898 1160 2979 (gestare)
1183 2899 1259 2961 lacit
1274 2901 1388 2963 contra
1412 2886 1520 2964 omnia
1534 2903 1692 2967 maleficia
1715 2906 1747 2967 et

186 3009 300 3076 emn'es
320 3012 448 3074 dolores
469 3011 688 3089 expellendos.
724 3041 727 3046 ·
1193 3017 1197 3024 ·

147 3119 149 3126 '
266 3123 334 3182 LV.
354 3125 459 3195 Lapis
493 3120 690 3182 Chelonatas.
714 3116 905 3180 Chelonilen
930 3117 1011 3196 lapis
1041 3116 1134 3178 sortis
1156 3118 1204 3179 est
1229 3117 1261 3180 et
1292 3119 1412 3197 gnavis,
1444 3119 1558 3180 similis
1588 3121 1742 3183 testudini

187 3228 341 3316 marinae.
363 3229 420 3288 Est
442 3243 546 3289 vanus
562 3227 595 3306 (i.
611 3226 748 3305 varius),
764 3242 956 3305 purpureus,
972 3226 1091 3287 imbres
1105 3227 1138 3288 el
1152 3227 1328 3304 grandines
1343 3229 1463 3290 evertit
1476 3231 1509 3288 et
1523 3229 1739 3306 tempestales.

185 3339 216 3400 Si
239 3355 311 3401 eum
335 3337 444 3397 mittas
468 3335 637 3411 inaquam
659 3335 845 3411 pluvianam
866 3335 922 3395 ant
943 3334 1110 3406 marinam,
1131 3335 1164 3396 et
1184 3333 1295 3410 pastea
1316 3349 1388 3396 eum
1421 3335 1547 3397 miseris
1569 3334 1602 3396 in
1625 3337 1741 3414 ignem,

184 3447 339 3508 contiuuo
359 3444 423 3506 erit
444 3443 603 3505 serenitas
625 3440 682 3519 (el.
705 3457 804 3518 supra
824 3444 878 3502 Xl.
902 3447 1012 3517 Sptctl.
1034 3444 1086 3512 Ill,
1108 3441 1191 3519 328).

265 3555 343 3615 LVI.
365 3556 468 3626 Lopts
486 3551 628 3622 Diffides.
650 3549 758 3612 Diffies
787 3547 856 3627 (stc,
879 3538 1011 3628 δεφυήξ
1033 3550 1113 3626 lapis
1138 3551 1187 3611 est
1210 3549 1399 3622 maculosae,
1415 3548 1448 3610 et
1469 3548 1566 3611 habet
1581 3551 1615 3612 iu
1637 3567 1672 3613 ee
1693 3567 1745 3612 co·

185 3664 270 3725 lares
292 3661 379 3732 duos,
402 3660 533 3737 nigrum
546 3658 581 3721 et
600 3658 717 3718 album.
738 3657 917 3736 aliquoties
938 3660 1062 3718 colores
1083 3656 1181 3718 habet
1202 3656 1236 3716 in
1268 3654 1372 3716 medio
1403 3655 1464 3734 (in)
1498 3657 1741 3720 similitudinem

182 3766 383 3832 characteris
411 3764 492 3845 (eod.
511 3765 733 3844 characteres)
758 3767 852 3826 Hunc
873 3781 946 3826 cum
967 3763 1143 3835 inveneris,
1166 3763 1272 3824 allidis
1293 3779 1366 3824 eona
1387 3763 1420 3823 iu
1443 3764 1535 3841 petra
1556 3764 1740 3836 fortissima,

182 3878 216 3940 et
247 3876 381 3938 induces
401 3875 509 3952 partes
529 3872 659 3945 tractas,
681 3889 810 3950 unaque
835 3871 933 3933 habet
954 3871 1089 3933 turones
1102 3870 1152 3951 (l)
1174 3871 1271 3932 intus.
1294 3871 1386 3932 Facit
1406 3871 1445 3958 ad
1466 3887 1609 3934 amorem
1631 3888 1744 3950 perpe-

64 3962 66 3970 *
182 3986 274 4046 tuum
296 3983 385 4046 inter
405 3982 514 4044 virum
534 3981 566 4043 et
588 3995 732 4043 uxorem.

263 4093 356 4154 LVII.
379 4093 482 4165 Lapis
496 4089 763 4164 Epopethalmos.
779 4087 988 4166 Egothalmos
1004 4084 1075 4167 (stc.
1092 4088 1171 4162 sort.
1191 4085 1477 4166 aegophthalmos,
1498 4072 1739 4170 αἶγόφθαλμοςὶ

181 4199 278 4277 Lapis
300 4197 413 4259 similis
433 4197 483 4259 est
503 4197 595 4258 oculo
616 4196 749 4272 caprina
770 4196 935 4274 sublonga,
956 4195 1080 4257 habens
1095 4195 1210 4265 album,
1233 4209 1300 4255 non
1314 4195 1409 4257 valde
1423 4194 1602 4267 candidum,
1620 4197 1674 4258 sed
1689 4213 1742 4259 su-

181 4305 329 4369 blividus.
350 4304 441 4366 Facit
461 4303 501 4364 ad
521 4303 589 4364 iras
610 4319 724 4380 regum
746 4303 939 4380 mitigandas
964 4303 1045 4382 (cod.
1078 4301 1338 4380 mitigationem),
1372 4302 1398 4362 si
1417 4318 1491 4363 enm
1515 4300 1670 4367 habueris
1702 4304 1736 4366 iu

113 4437 116 4443 ·
181 4431 280 4476 mauu
301 4413 434 4474 sinistra
453 4413 654 4488 occupatum.

261 4521 370 4584 LVllI.
390 4519 494 4594 Lapis
515 4519 657 4580 Alcinio.
680 4515 804 4580 Alcinio
826 4516 907 4594 lapis
927 4516 1041 4578 similis
1061 4516 1112 4578 est
1133 4516 1226 4590 aeris,
1249 4513 1281 4577 id
1311 4516 1362 4579 est
1381 4517 1606 4580 aeramentum
1640 4514 1737 4580 doris.

181 4631 332 4693 Sublalus
352 4627 392 4689 ad
412 4629 511 4689 solem
533 4626 628 4688 lucet.
653 4626 712 4688 Hic
732 4642 797 4688 non
817 4642 837 4686 a
858 4626 968 4687 multis
990 4625 1207 4702 cognoscitur.
1229 4625 1327 4687 Utilis
1354 4625 1404 4688 est
1426 4627 1573 4703 portatus
1594 4625 1739 4704 potesla-

179 4740 275 4801 tibus.
294 4737 418 4814 Sculpis
440 4736 473 4797 in
494 4751 568 4798 eum
589 4733 774 4811 Neptunum
795 4751 892 4811 super
914 4734 1020 4812 bigam
1043 4731 1089 4810 (id
1111 4733 1161 4796 est
1181 4749 1352 4795 carrucam
1372 4749 1445 4796 cum
1467 4733 1585 4816 equis).
1607 4733 1655 4794 Sit
1675 4747 1738 4794 au·

178 4847 243 4908 tem
264 4863 285 4906 a
304 4843 493 4923 quibusdam
517 4842 699 4906 iacinthus:
720 4840 769 4904 est
789 4843 897 4904 autem
918 4857 1022 4920 genus
1044 4841 1192 4903 iacinthi.

259 4955 340 5017 LIX.
355 4953 458 5027 Lapis
473 4955 619 5015 Berallo.
633 4953 765 5016 Berullo
786 4952 867 5030 lapis
886 4951 984 5016 habet
998 4955 1139 5016 colorem
1161 4951 1300 5014 similem
1323 4949 1403 5026 oleo,
1424 4951 1457 5016 et
1491 4949 1672 5032 applicatus
1702 4947 1739 5013 ad

127 5143 131 5148 Ι
176 5057 379 5138 splendorem
399 5059 483 5132 selis,
505 5058 660 5138 splendet.
685 5057 782 5122 Utilis
802 5060 853 5122 est
873 5061 1020 5139 portatus
1041 5060 1080 5122 ad
1104 5060 1263 5140 potentes
1288 5059 1341 5142 (cl.
1357 5078 1456 5142 sopra
1476 5061 1608 5134 XXXV,
1628 5063 1741 5139 Splctl.

177 5166 228 5241 Ill,
249 5164 335 5247 334).
