4064 6108
12 22 22 235 l

7 240 21 495 i

4 499 12 764 l

857 433 1121 502 xuvnrucerus
1621 436 1622 440 ‘
1700 392 1758 510 aaa

215 581 323 650 lihetur
337 582 549 649 venustissima
563 581 595 649 S.
613 583 746 667 Gregorii
761 583 975 670 Thaomnturgi
990 573 1082 652 oratio
1096 585 1287 673 panegyrice,
1302 605 1399 653 rnram
1412 588 1539 672 Origene
1559 589 1671 672 hahita,
1687 613 1756 678 qua,

212 689 406 756 dimittendus
424 689 544 774 juvenis
565 691 735 776 Cappadox,
757 711 925 777 supremum
946 694 1115 776 valedicit,
1138 704 1168 760 et
1190 713 1299 778 cycneo
1324 697 1409 780 quasi
1434 706 1520 762 onntn
1543 702 1757 787 ὰποτακτικῷ,

211 796 401 884 gymnasium
415 796 598 864 Cesarienae
612 797 757 881 salutans,
773 800 877 867 vivam
890 802 954 885 ejus
967 801 1022 867 suh
1036 802 1128 867 oculis
1138 802 1223 886 penit
1232 802 1369 886 effigiem,
1385 803 1471 888 quasi
1487 804 1585 872 tahnla
1599 807 1755 892 depictam.

251 905 325 971 Nolo
346 906 452 972 iterum
472 905 640 988 lamentari,
662 915 774 974 tantem
796 906 885 974 luisse
900 907 937 972 ah
959 907 1077 975 inimico
1092 906 1209 984 homine
1222 908 1366 974 zizaniam
1386 909 1417 974 in
1438 929 1553 977 amoeno
1565 921 1598 978 et
1611 913 1757 979 uherrimo

211 1031 285 1094 agro
302 1012 576 1098 superseminatam.
591 1015 715 1106 linitam
728 1014 809 1081 enim
823 1033 948 1082 messem
962 1034 1052 1100 quum
1065 1014 1096 1082 in
1110 1033 1181 1098 agro
1197 1017 1350 1100 collegisse
1363 1016 1477 1098 videar,
1493 1019 1594 1084 statim
1615 1019 1652 1085 ah
1672 1020 1758 1087 initio

213 1121 315 1188 testari
336 1131 506 1205 pergratum
525 1131 588 1204 est,
610 1121 684 1190 nihil
704 1140 750 1190 me
771 1122 914 1189 haetenus
933 1123 1086 1190 invenisse
1105 1123 1184 1207 quod
1211 1123 1331 1190 inimico
1356 1124 1466 1214 homini
1487 1125 1676 1192 tribuendum
1696 1127 1755 1208 sit;

197 1227 278 1296 ¹sive
298 1229 377 1313 qnod
397 1248 503 1296 manns
523 1231 657 1315 quadam
677 1235 806 1314 prudens
826 1230 926 1298 lolium
946 1231 1029 1315 prins
1047 1230 1201 1312 evulserit,
1222 1232 1289 1298 sive
1308 1231 1435 1298 ereverit
1454 1233 1558 1298 messis
1578 1242 1678 1300 nostra
1698 1252 1757 1300 an-

216 1343 332 1420 tequam
352 1337 547 1420 pullulaverit
567 1338 670 1406 inlelix
691 1357 809 1417 manen,
830 1339 897 1404 sive
917 1338 1007 1406 etiam
1028 1348 1128 1428 nosue
1148 1339 1290 1422 Origenes
1311 1339 1452 1408 Caesarere
1472 1341 1643 1424 dictaverit,
1665 1361 1755 1434 quum

204 1443 370 1512 ‚infortunio
389 1447 574 1528 emendatae,
597 1466 632 1512 ac
652 1455 820 1514 sanctmum
840 1447 988 1531 Pamphili
1003 1457 1032 1514 et
1046 1447 1201 1513 Alexandri
1219 1447 1374 1531 prudentia
1392 1457 1557 1530 contentus,
1574 1467 1640 1533 quae
1661 1450 1756 1518 minus
1853 1521 1855 1528 ,

213 1569 285 1618 sana
306 1554 375 1619 olim
396 1555 546 1636 docuerat,
569 1557 777 1640 temperaverit
796 1557 913 1622 tandem
933 1566 964 1623 et
983 1555 1195 1623 emendaverit.

253 1662 308 1727 Hic
328 1682 399 1730 vero
420 1663 543 1730 hebebis
563 1663 689 1747 primum
704 1680 798 1747 panca
812 1665 843 1730 in
857 1664 1069 1730 Ocnteuohum
1091 1663 1266 1745 fragmenta,
1281 1679 1348 1744 qrrae
1362 1661 1503 1728 hatenus
1522 1663 1649 1730 editores
1669 1666 1756 1749 lnge-

213 1779 291 1850 runt‚
313 1779 366 1835 aut
385 1771 490 1836 mutila
510 1780 541 1838 et
562 1772 661 1856 ignota
681 1773 803 1839 exulant
823 1772 854 1837 in
874 1773 985 1839 Calena
1006 1771 1148 1857 Lipsiensi
1168 1769 1278 1852 saepins
1296 1778 1469 1834 memorata.

250 1877 416 1944 Succedunt
436 1881 521 1965 plara
538 1900 556 1948 e
575 1881 783 1948 commentario
803 1881 834 1946 in
853 1881 920 1946 Johi
942 1881 1059 1960 lihrnm,
1080 1897 1168 1962 quem
1189 1877 1301 1960 primns
1322 1877 1450 1942 omnium
1472 1877 1663 1960 interpretum
1683 1880 1754 1946 Ori-

86 1998 90 2004 ·
211 2001 302 2066 genes
323 2005 358 2052 ao
378 2005 454 2070 pene
474 1988 553 2053 eolus
567 1991 643 2054 inter
657 1989 785 2070 Grecos,
807 1995 839 2053 et
852 1987 976 2054 lornsse
990 1986 1028 2052 ah
1042 1986 1125 2051 initio
1145 2002 1264 2050 suarum
1278 1985 1497 2069 praelectionnm
1517 2003 1553 2050 ex
1571 1985 1686 2069 integro
1699 2005 1755 2054 ex-

210 2094 355 2177 planavit.
377 2094 477 2178 Spirat
498 2095 576 2162 enim
598 2096 629 2161 in
645 2095 727 2162 hisce
740 2094 868 2175 laciniis,
884 2113 950 2179 qnae
963 2095 1001 2160 ad
1017 2112 1069 2159 nos
1084 2101 1293 2176 pervenerunt,
1308 2091 1380 2156 odor
1400 2091 1467 2157 belli
1487 2099 1519 2157 et
1538 2092 1618 2158 calor
1630 2095 1752 2176 cruoris,

210 2221 246 2268 ao
264 2202 310 2281 si,
331 2203 401 2268 dum
421 2203 608 2272 severissima
628 2203 760 2270 diricani
781 2202 965 2286 imperatoris
985 2202 1107 2272 vexatio
1127 2202 1266 2282 seviret,
1290 2200 1382 2276 eencu'
1403 2200 1527 2267 ldnmaei
1556 2201 1754 2268 tortitudinem

210 2308 349 2385 alumnis,
371 2327 469 2376 noram
489 2310 626 2378 carnifice
645 2309 863 2393 anhelantibus,
886 2311 964 2376 lilius
985 2309 1123 2376 Leonidae
1142 2308 1336 2393 proposuerit.
1353 2307 1447 2387 Quam
1470 2307 1500 2373 in
1521 2308 1681 2392 Spicilegio
1701 2310 1753 2376 So-

209 2416 345 2482 lesmensi
356 2416 501 2499 dedimus,
513 2415 683 2502 Hieronymi
699 2419 825 2502 epistola
839 2419 876 2485 de
889 2418 1013 2501 Scriptis
1027 2417 1166 2487 Varronis
1180 2426 1209 2483 et
1223 2416 1372 2499 Origenis,
1384 2416 1448 2480 nae
1459 2416 1534 2482 duas
1545 2435 1632 2500 snpra
1646 2419 1752 2502 viginti

209 2522 343 2589 homilias
363 2524 395 2590 in
415 2524 470 2591 Joh
491 2534 634 2591 memorat
649 2525 686 2607 ¹),
703 2546 776 2609 quas
790 2527 907 2594 videtur
922 2542 1046 2610 magnus
1061 2525 1192 2590 Hilarius
1207 2525 1314 2590 latinas
1328 2524 1433 2590 iecisse
1445 2545 1481 2592 ex
1495 2526 1659 2608 fragmento
1675 2527 1753 2610 apud

209 2630 407 2714 Augustinum
426 2642 581 2699 asservato
603 2622 733 2700 feliciter.
755 2633 852 2699 Pauca
871 2631 998 2701 Maurini
1020 2631 1215 2714 collegerant,
1238 2633 1321 2715 plura
1342 2631 1458 2698 addidit
1477 2633 1663 2714 Gallandins,
1685 2651 1753 2718 quae

206 2736 296 2802 etiam
323 2736 510 2804 homiliarum
528 2740 648 2806 exordia
668 2749 699 2806 et
720 2741 888 2809 coronidem
908 2742 1079 2808 restituunt.
1102 2739 1188 2805 Hand
1209 2757 1263 2822 ego
1290 2740 1426 2824 pauciora
1449 2741 1567 2824 insuper
1588 2741 1753 2826 repperisse

203 2846 292 2928 juvat
305 2846 335 2912 in
350 2857 462 2931 septem
477 2849 595 2916 Catenis
608 2849 769 2932 Vaticanis,
786 2867 909 2935 quarum
925 2849 1024 2933 plures
1041 2857 1100 2913 Hm
1115 2846 1290 2930 antiquitate
1303 2854 1334 2910 ot
1348 2846 1454 2911 unciali
1470 2845 1648 2929 charactere,
1664 2865 1752 2932 quam

206 2953 335 3035 egregiis
358 2954 480 3038 picturis
501 2956 714 3039 insigniuntur.

245 3061 346 3144 Longe
366 3063 451 3147 plura
473 3064 504 3128 in
525 3074 642 3131 centurn
657 3074 687 3130 et
701 3065 918 3147 qninquaginta
933 3063 1061 3146 psalmos
1075 3062 1158 3128 nohis
1172 3071 1340 3146 suppetere,
1356 3063 1397 3128 nil
1414 3061 1533 3144 mirum,
1555 3080 1646 3148 quum
1660 3081 1752 3150 pauca

207 3177 321 3233 tantum
341 3179 372 3235 et
392 3186 480 3254 parca
501 3188 591 3236 manu
612 3172 742 3238 Meurini
757 3189 793 3235 ex
808 3171 925 3236 Catenis
947 3177 1129 3254 receperunt,
1145 3187 1213 3253 quae
1233 3169 1336 3235 iterum
1359 3169 1533 3235 Gallondius
1553 3153 1633 3236 houd
1652 3172 1752 3238 inlell-

206 3275 280 3338 citer
292 3275 385 3339 auxit.
404 3274 463 3340 Sed
477 3293 616 3360 quorsum
632 3277 706 3357 haeo,
722 3276 793 3342 dum
808 3284 883 3344 teste
897 3295 998 3342 rursus
1013 3275 1192 3358 Hieronymo
1214 3275 1244 3339 in
1264 3276 1389 3360 epistola
1403 3277 1444 3341 ud
1455 3275 1594 3358 Paulum,
1611 3279 1753 3358 Origenes

208 3390 314 3463 praeter
334 3381 455 3466 scholia,
479 3383 509 3448 in
531 3392 626 3450 totum
646 3384 820 3470 psalterium
832 3382 913 3449 haud
926 3382 1078 3468 panciores
1094 3381 1229 3448 effuderit
1244 3400 1333 3464 quam
1354 3381 1486 3466 quinque
1505 3391 1536 3464 et
1555 3384 1751 3468 qnadraginta

209 3497 301 3554 tomos
322 3490 608 3574 commentariorum,
631 3500 720 3577 atque
740 3492 859 3577 insuper
878 3500 992 3558 centum
1014 3499 1044 3560 et
1063 3489 1283 3575 quatuordecim
1304 3488 1464 3555 homilias‘l

245 3595 285 3662 Et
303 3596 360 3661 hoc
379 3596 499 3681 quidem
521 3598 630 3683 triplex
651 3599 906 3684 interpretationis
926 3617 1038 3683 genus,
1060 3597 1137 3682 quod
1157 3597 1281 3676 Origeni
1302 3596 1433 3663 solemne
1451 3597 1572 3663 videtur
1593 3596 1693 3682 luisse,
1716 3619 1751 3666 ex

206 3702 329 3770 Philone
348 3704 505 3776 oriundum
524 3722 601 3788 esse,
620 3707 700 3774 haud
714 3724 770 3791 ego
784 3707 915 3773 renitens
935 3705 1152 3786 existimarem;
1168 3723 1258 3800 quam
1278 3701 1376 3770 adhuc
1395 3702 1485 3771 obvia
1506 3703 1579 3786 sint,
1599 3705 1751 3773 Hebraeum

206 3811 284 3895 apud
304 3813 489 3896 magistrum,
505 3815 614 3880 scholio
635 3815 701 3882 sive
721 3815 859 3882 breviora
875 3834 1027 3900 responso,
1043 3814 1175 3882 lromih'ee
1189 3823 1219 3881 et
1232 3813 1388 3880 conciones
1410 3814 1441 3878 in
1461 3814 1629 3898 synagogis
1648 3816 1696 3882 vel
1716 3835 1752 3882 ex

206 3927 334 4002 tempore
354 3919 463 3986 hahitae
486 3920 529 4003 (in
549 3921 722 3988 Samsonem
741 3931 823 4007 pota,
841 3923 871 3987 in
892 3923 1009 4003 Jonam,
1025 3924 1110 4004 atel,
1127 3932 1189 3987 tum
1204 3921 1380 4006 amplissimi
1395 3923 1602 4002 commentarii,
1620 3934 1694 3988 aestu
1710 3923 1752 3989 al-

207 4023 336 4107 legorico
356 4025 394 4091 ad
415 4026 566 4093 cumulum
579 4035 735 4095 tumentes.
752 4029 862 4096 Hadem
876 4031 1034 4113 origenem
1052 4029 1297 4112 frequentavisse,
1313 4038 1359 4094 sat
1372 4027 1559 4113 perspicuum
1576 4028 1687 4095 faciunt
1698 4048 1753 4096 co-

204 4129 287 4214 piosa
308 4151 375 4215 quae
396 4133 539 4200 uacuum
559 4135 647 4201 editis
669 4137 846 4203 incrementa
867 4155 947 4202 nunc
966 4136 1102 4202 addimus
1122 4145 1153 4201 et
1173 4136 1204 4200 in
1226 4137 1352 4202 medium
1373 4137 1520 4220 ponimus.

246 4239 364 4306 Scholia
377 4250 447 4307 sunt
462 4241 611 4321 videlicet,
626 4243 692 4309 sive
706 4254 854 4328 excerpta,
871 4263 938 4328 quac
950 4244 1159 4329 propemodum
1172 4243 1235 4308 sole
1249 4245 1287 4308 ad
1298 4243 1449 4311 Haurinos
1463 4253 1672 4326 pervenerunt,
1691 4245 1752 4311 sola

205 4365 321 4432 quoque
342 4349 401 4414 iere
421 4350 508 4415 nohis
528 4351 663 4418 servavit
682 4351 775 4418 codex
795 4352 948 4419 Palatinus
968 4351 1039 4432 let,
1055 4350 1194 4436 peculiari
1215 4350 1382 4432 significata
1403 4349 1545 4434 siglornm
1565 4352 1749 4434 compendio,

205 4453 284 4537 quod
304 4455 390 4542 Lydii
411 4457 506 4524 instar
525 4457 632 4542 lapidis
651 4476 706 4525 uos
725 4459 858 4541 deduxit,
880 4461 924 4526 uti
943 4478 996 4525 sno
1017 4461 1080 4526 loco
1101 4459 1199 4525 dicere
1214 4467 1270 4522 est.

246 4561 393 4629 Homilr'or
413 4575 516 4649 aperte
535 4565 717 4650 significant,
739 4568 858 4635 exordio
879 4575 985 4652 praeter
998 4575 1029 4634 et
1041 4566 1212 4648 doxologias
1224 4566 1392 4646 nonnullas,
1412 4566 1568 4632 conciones
1587 4565 1752 4634 vehemen-

203 4667 303 4752 tiores,
320 4672 359 4738 ad
372 4691 468 4740 mores
482 4673 680 4755 instruendos,
696 4674 806 4761 quihus
820 4675 964 4760 interpres
977 4676 1117 4759 populum
1132 4691 1231 4738 eoram
1244 4681 1372 4740 euntem
1386 4673 1495 4758 alloqui
1516 4675 1601 4741 facile
1619 4675 1748 4742 videtur.

245 4776 467 4847 Commentarios
487 4789 585 4848 autem
600 4781 771 4865 dignoscere
785 4790 841 4863 est,
856 4801 923 4848 cnm
936 4801 974 4848 ex
990 4781 1057 4846 aliis
1072 4780 1204 4864 plurimis
1219 4781 1412 4864 argumentis,
1427 4790 1490 4847 tum
1504 4782 1552 4848 vel
1567 4782 1695 4849 maxime
1714 4802 1752 4849 ex

203 4883 366 4953 abundanti
387 4906 537 4954 mororum
557 4888 789 4956 testimoniorum
809 4889 959 4971 congerie,
975 4905 1043 4973 quae
1057 4887 1113 4954 rite
1128 4887 1246 4972 quidem
1260 4898 1291 4955 et
1304 4889 1450 4974 apposite,
1467 4898 1571 4971 argute
1591 4889 1678 4955 etiarn
1700 4889 1751 4955 ad·

202 4991 302 5073 dnota,
319 4995 371 5060 sed
386 5014 421 5062 eo
435 5006 631 5079 congeruntur
644 4999 773 5080 cumulo,
790 5009 823 5065 ut
835 4998 1029 5066 dubitandum
1044 5017 1103 5064 non
1115 4998 1164 5076 sit,
1176 4997 1248 5082 quin
1259 4997 1474 5064 Adamantinus
1487 5007 1576 5064 totam
1589 4999 1751 5065 Bibliorum

239 5190 261 5256 l)
282 5195 381 5264 Spioil.
403 5197 462 5253 Sol.
483 5203 503 5251 t.
524 5212 567 5262 ιιι,
589 5215 616 5268 p.
636 5195 698 5252 314.
