4038 6088
842 507 883 574 lN
906 508 1078 577 Psitttos
1672 514 1733 580 tic

192 661 245 738 λός
270 684 334 727 σου.
358 659 520 726 Φυλάσσει
552 650 586 725 dl
615 658 657 724 τὰ
680 657 859 749 ἐπιθυμητὰ
882 670 938 726 τοῦ
991 667 1046 724 est.
1069 659 1204 726 Custodit
1232 669 1330 726 cutem
1357 659 1563 726 desiderabilia
1591 660 1665 740 liei,
1686 663 1737 746 qui

188 771 279 844 Θεοῦ,
304 770 320 830 ο
346 764 500 855 ἐπιθυμῶν
525 770 581 832 οὐκ
596 765 675 832 ἄλλο
692 767 759 841 τιῆ
785 768 874 833 αὑτά·
890 760 938 835 διὸ
992 764 1065 831 niiril
1084 765 1165 830 alind
1184 781 1273 849 quem
1294 763 1344 829 iila
1365 765 1431 848 ipsc
1452 765 1609 830 desiderat.
1626 764 1738 832 idcirco

186 872 253 961 ἔχει
270 863 479 938 ἀνταπόδοσιν
495 881 557 937 τῶν
575 872 718 938 tretecor
735 874 933 964 μελλομένων
991 871 1216 937 retributionem
1241 870 1363 936 multam
1390 872 1422 937 in
1449 871 1535 937 bonis
1554 889 1572 936 a
1593 871 1654 938 lieu
1673 872 1739 938 lar·

185 978 318 1052 πολλήν.
989 976 1105 1056 giendis
1126 978 1315 1044 nanciscitur.

231 1102 263 1146 ν.
287 1083 337 1158 tt,
360 1083 409 1145 11.
435 1081 687 1173 Παραπτώματα
713 1083 761 1159 τίς
791 1083 934 1163 πονήσεις
1028 1104 1060 1150 ν.
1085 1085 1134 1164 13,
1158 1085 1207 1149 11.
1230 1084 1353 1149 Ριοιοίο
1373 1085 1437 1168 qur's
1455 1084 1671 1168 iutelliuciirll
1685 1105 1738 1152 cc-

188 1193 223 1254 ἐκ
246 1197 309 1252 τῶν
325 1189 458 1280 κρυφίων
477 1211 536 1276 μου
553 1186 719 1280 ιιαθάρισόν
737 1212 787 1278 με,
804 1188 857 1254 καὶ
873 1190 934 1255 ἀπὸ
989 1190 1071 1257 cultis
1096 1195 1168 1256 meir
1194 1191 1303 1256 muudc
1327 1210 1388 1274 mc,
1411 1197 1439 1256 ot
1464 1191 1501 1257 ud
1527 1191 1630 1257 alicnis
1652 1211 1739 1276 parce

189 1297 362 1384 ἀλλοτρίων
386 1304 489 1384 φεῖσαι
511 1304 567 1358 τοῦ
590 1285 701 1360 θοθλου
726 1317 790 1361 σου.
988 1315 1070 1362 seruc
1090 1303 1148 1362 ίυο.

232 1401 267 1466 ‘0
292 1393 326 1466 δὲ
341 1399 474 1477 Ἀκύλας
489 1401 528 1466 τὸ
542 1403 715 1491 ἀλλοτρίων
732 1401 934 1494 ὑπερηφάνων
1028 1405 1069 1467 nt
1088 1402 1194 1486 Aquila
1215 1422 1267 1488 pro
1288 1403 1325 1469 cl
1340 1403 1440 1469 οίίοιιίι
1452 1405 1589 1471 vertebat
1602 1424 1624 1471 ο
1637 1425 1738 1490 ευμεν·-

55 1579 61 1592 ,
186 1496 342 1582 ἐξέδωκεν.
366 1505 437 1571 Ἐπί
458 1505 519 1598 γὰρ
542 1517 606 1584 τοῖς
622 1506 808 1599 κατορθοῦσι
821 1509 861 1574 τὸ
876 1507 937 1573 πά·
990 1509 1043 1573 tis.
1056 1511 1090 1575 lu
1102 1511 1147 1575 his
1161 1514 1239 1578 enin
1253 1514 1303 1596 qui
1318 1517 1575 1597 passionsmrscu
1588 1514 1736 1596 cohibent,

187 1607 248 1686 θος,
261 1609 322 1675 ἐσθ’
340 1613 395 1676 ὅτε
410 1621 506 1677 τοῦτο
522 1613 707 1704 παρέπεται,
723 1615 936 1704 χαυνουμένης
989 1616 1165 1701 quaudoque
1185 1618 1257 1684 illud
1277 1621 1419 1698 succedit,
1432 1620 1469 1685 cb
1484 1620 1515 1686 id
1530 1621 1625 1704 ipsum
1640 1629 1738 1686 mente

187 1714 238 1780 ἐπί
252 1727 347 1784 τοῦτο
364 1729 421 1795 της
438 1711 582 1795 διανοίας·
599 1719 652 1785 καί
669 1712 706 1785 δι’
720 1721 826 1812 ἑτέρου
841 1720 935 1786 πάλιν
989 1727 1127 1806 remissa,
1150 1735 1181 1792 et
1200 1727 1306 1793 iterum
1326 1728 1387 1794 niis
1415 1729 1501 1794 medo
1529 1729 1636 1794 coilnm
1663 1747 1738 1793 con-

189 1821 473 1915 ἐκτραχηλίζοντοιι
496 1827 623 1916 τρόπου,
647 1833 752 1894 ὁποῖον
776 1830 813 1894 τὸ
837 1833 937 1894 ἀποσ-
991 1840 1144 1915 torquent,
1164 1835 1250 1917 juxta
1276 1835 1401 1899 verbum
1427 1834 1641 1917 apostolicum:
1667 1833 1739 1900 «Ne

187 1929 324 2010 τολιιιόν,
342 1934 391 1996 ἵνα
415 1931 458 2021 μὴ
480 1932 630 2022 τυφωθεὶς
646 1939 688 2010 είς
704 1936 800 2024 κρίμα
815 1934 934 2022 ἐμπέσῃ
989 1938 1108 2005 inflatus
1118 1941 1204 2005 cedet
1215 1942 1246 2005 in
1256 1941 1402 2024 judicium
1416 1941 1539 2022 diaboii,
1554 1965 1569 2001 n
1586 1941 1664 2008 lruud
1680 1942 1739 2006 iru-

189 2047 245 2101 ποῦ
263 2030 422 2116 tradetur,
438 2042 613 2134 ἀναγκαίως
625 2041 788 2132 προειπών·
800 2043 861 2107 Καὶ
875 2040 936 2134 γὰρ
990 2056 1049 2111 stru
1074 2047 1249 2132 subjiciens:
1273 2049 1387 2114 Etenim
1405 2060 1504 2114 ceruus
1531 2054 1596 2114 tuus
1620 2049 1742 2120 emindii

188 2149 204 2207 ὁ
225 2135 332 2222 δοῦλός
356 2170 412 2211 σου
435 2148 587 2237 φυλάσσει
603 2148 694 2227 αὐτὰ,
713 2149 843 2216 tueretur
867 2153 938 2242 ῥυσ-
989 2172 1034 2233 ιο,
1047 2155 1215 2238 expostulat
1228 2156 1344 2222 liberari
1360 2176 1376 2222 a
1391 2158 1579 2240 superbiazc
1598 2175 1657 2241 quo
1671 2175 1738 2241 pec-

188 2249 279 2326 θηναι
306 2265 365 2330 τῆς
387 2257 622 2345 ὑπιρηφανείας·
646 2257 696 2347 ἀφ’
721 2253 758 2334 ἧς
782 2259 936 2348 ἁμαρτίας
989 2271 1065 2336 catu,
1086 2271 1187 2344 utpote
1201 2263 1298 2345 gravi,
1315 2265 1339 2328 si
1356 2273 1532 2346 repurgatus
1548 2264 1663 2343 luerim,
1684 2282 1738 2347 pn·

188 2362 281 2436 οὔσης
299 2362 440 2453 μεγάλης
457 2362 660 2456 καθαρισθείς,
678 2365 806 2456 ἄμωμος
825 2369 936 2456 ἔσομαι
990 2387 1040 2433 rus
1057 2387 1108 2436 erc
1128 2379 1159 2435 et
1179 2371 1366 2453 emundatus
1388 2381 1449 2436 ium
1470 2389 1488 2437 11
1509 2371 1660 2456 superbit,
1677 2379 1739 2436 ium

187 2459 220 2544 ἐξ
243 2471 479 2559 ὑπερηφανείας,
497 2470 564 2560 ἅμα
579 2472 632 2536 καί
646 2483 710 2539 τῶν
727 2475 860 2565 κρυφίων
881 2498 937 2539 κα·
990 2477 1027 2542 ct
1048 2476 1180 2554 occultus·
1201 2497 1279 2543 nunc
1299 2480 1376 2543 eninr
1398 2479 1464 2544 nclc
1487 2479 1645 2546 rcniidere.

189 2571 350 2664 θαρισθείς·
374 2584 426 2640 νῦν
449 2577 510 2670 γὰρ
532 2580 617 2645 οὔπω
640 2578 750 2671 θαρρῶ.

223 2791 250 2827 ο.
273 2771 316 2844 13,
340 2770 466 2829 11111.
490 2772 532 2830 10.
551 2774 662 2847 ΑφυίΙιυ
682 2779 843 2834 varietatem
864 2777 935 2834 haud
990 2781 1087 2835 omisit
1104 2780 1193 2836 uictu.
1215 2785 1236 2837 ί.
1256 2799 1335 2853 11,p.
1360 2779 1419 2836 115.

810 3007 980 3082 Psalmus
1002 3009 1114 3082 XIX.

233 3237 264 3280 v.
288 3220 317 3295 3,
343 3218 370 3282 i.
394 3214 637 3298 Ἐξαποστείλαι
661 3245 709 3286 σοι
734 3219 881 3306 βοήθειαν
905 3217 938 3301 ἐξ
1031 3240 1063 3286 v.
1088 3223 1117 3301 3,
1141 3223 1169 3286 l.
1194 3221 1358 3287 Mittattr‘tr·
1371 3223 1515 3288 accillum
1534 3225 1568 3288 de
1588 3233 1699 3303 saccio,
1715 3233 1742 3288 et

189 3327 288 3416 ἁγίου,
312 3325 367 3389 καί
383 3329 418 3390 ἐκ
435 3325 513 3390 Σιὼν
532 3319 738 3394 desudaret
762 3350 827 3391 σου·
842 3350 940 3415 μνησ-
992 3327 1026 3391 dc
1044 3328 1116 3392 Sicu
1136 3333 1247 3392 lucatur
1261 3334 1296 3392 te.
1313 3328 1426 3393 Memor
1445 3331 1589 3395 silemsis
1603 3333 1742 3414 sacrificii

189 3431 255 3505 θείη
282 3431 385 3509 πάσης
401 3430 506 3510 θυσίας
523 3457 588 3512 σου,
605 3433 659 3498 καί
674 3434 712 3499 τὸ
729 3433 940 3524 discederunt
993 3435 1044 3515 tui,
1066 3446 1094 3498 ct
1111 3435 1304 3499 dolocuusium
1324 3441 1404 3500 tuum
1423 3440 1529 3519 pinque
1549 3439 1613 3519 fiai.

190 3563 245 3623 σου
269 3539 421 3606 πιανάτω.
450 3539 543 3606 Vatis.
568 3559 597 3623 p.
621 3539 690 3617 6311,
711 3541 740 3602 1.

243 3645 422 3726 Ῥυσθήσει,
455 3647 566 3739 φησίν,
599 3653 821 3740 εὐχαριστικως
849 3640 939 3736 ἀὐτῷ
1032 3646 1228 3728 liberaberis,
1251 3647 1359 3731 inquit,
1374 3648 1445 3714 dum
1460 3649 1491 3714 in
1505 3650 1665 3728 gratiarum
1686 3669 1741 3716 nc-

190 3755 354 3847 πφυσάγων
387 3755 493 3822 θυσίαν
523 3757 811 3846 circumcidenti
836 3757 939 3834 πάσης
994 3755 1072 3820 tione
1087 3755 1268 3838 spiritualem
1282 3755 1370 3822 offers
1384 3756 1550 3823 victimam.
1567 3757 1631 3823 Vox
1649 3761 1742 3826 omnic

189 3861 308 3938 πλῆθος
320 3865 470 3953 ἐμφαίνει·
484 3864 593 3957 ὀλίγης
605 3862 665 3957 γὰρ
678 3869 712 3930 οὺ
725 3865 941 3954 μίμνητοιι.-
958 3939 961 3948 ¹
993 3863 1210 3930 multitudinem
1231 3861 1396 3942 significan
1423 3864 1522 3946 exigui
1544 3865 1623 3930 enirn
1643 3867 1742 3930 sucri-

190 3969 352 4034 Πιαίνεται
382 3959 416 4033 dd
448 3970 674 4060 ducundecies,
699 3971 774 4035 ὅταν
807 3972 870 4054 ὅλῳ
894 3982 940 4056 τῷ
994 3968 1055 4033 licii
1075 3985 1186 4034 memor
1199 3985 1260 4033 11011
1281 3977 1335 4032 cei.
1352 4003 1392 4017 -
1407 3967 1522 4050 Pingue
1544 3969 1578 4033 iit
1597 3969 1743 4034 1101111111-

189 4083 293 4158 νοητῷ
317 4074 390 4165 πυρί
412 4067 587 4167 παραδοθῇ,
604 4085 649 4160 τῷ
669 4076 834 4166 πνεύματι·
850 4079 940 4145 ἔσται
993 4084 1079 4155 stum,
1096 4076 1213 4160 quaudo
1231 4076 1318 4159 pleno
1340 4073 1400 4156 igni
1423 4075 1568 4157 spirituali
1584 4075 1741 4142 traditum:

191 4168 225 4243 tt
239 4188 346 4256 τοῦτο,
360 4181 436 4246 ὅταν
453 4187 482 4246 oi
497 4182 720 4272 προσφέροντες
733 4184 942 4273 πνευματικοί
992 4184 1083 4266 idque
1102 4184 1162 4264 liet,
1182 4200 1274 4266 quum
1293 4181 1466 4265 spirituales
1486 4192 1556 4248 sunt
1576 4181 1606 4246 iri
1628 4182 1679 4266 qui
1699 4183 1742 4248 ni·

189 4285 398 4378 τυγχάνωσιν.
993 4291 1102 4357 terunt.

234 4411 265 4456 v.
279 4393 308 4456 8.
323 4391 419 4461 Οὗτοι
434 4399 465 4460 ἐν
482 4394 598 4487 ἅρμασι
610 4397 664 4462 καί
676 4395 761 4465 οθτοι
778 4403 809 4465 ἐν
827 4403 939 4480 ίππυις.
1033 4414 1065 4462 ν.
1089 4395 1118 4458 8.
1142 4393 1186 4458 Hi
1199 4399 1293 4459 ουίιοι
1313 4394 1499 4475 interritus,
1522 4394 1589 4458 etti
1605 4394 1636 4458 ιἰι
1649 4395 1739 4476 curtis.

235 4501 306 4565 Νόει
321 4504 376 4567 καί
392 4505 502 4580 ίππους
518 4503 560 4569 τὰ
572 4507 791 4596 σιριρτήματα
804 4519 866 4573 τῶν
883 4534 942 4574 πα.
1034 4501 1173 4583 intellige
1181 4509 1279 4566 autern
1291 4519 1375 4586 οφιιοι
1382 4501 1418 4565 de
1430 4498 1556 4564 tumultu
1565 4499 1740 4582 passionum,

193 4605 265 4686 θῶν,
284 4614 326 4686 είς
351 4607 415 4696 [οἷς]
436 4604 642 4676 ἐπιθαίνουσιν
667 4619 696 4677 ot
712 4605 866 4705 δαίμονες·
891 4616 943 4707 iip-
994 4610 1168 4692 quibuscum
1190 4609 1325 4692 equitant
1350 4610 1516 4687 demones;
1542 4625 1644 4671 ιυιιιιι
1667 4625 1739 4672 vero

194 4737 282 4803 ματα
295 4708 329 4781 δὲ
344 4717 405 4791 τὴν
418 4718 589 4806 σύμπνοιαν
606 4729 669 4784 τῶν
686 4725 866 4812 ορμητιαῶν
882 4747 943 4788 πα.
994 4733 1169 4782 consensum
1187 4714 1357 4781 irruentium
1381 4715 1549 4795 libidinum,
1575 4715 1605 4780 in
1630 4714 1738 4798 quibus

193 4819 264 4899 θῶν,
289 4826 320 4886 ιν
344 4820 387 4898 οίς
411 4819 705 4913 παρασκευάζονται
728 4826 796 4891 καθ’
817 4835 917 4918 ἡμῶν.
994 4823 1139 4889 adversus
1160 4840 1214 4890 nos
1234 4823 1327 4888 aciem
1347 4831 1475 4887 struunt.

236 4943 268 4988 v.
283 4927 333 4990 rt.
349 4929 451 5018 Κύριε,
468 4939 566 4994 σῶσον
582 4931 637 4996 τὸν
655 4933 786 5016 βασιλέα
802 4957 867 5012 σου,
889 4937 942 5000 καί
1034 4948 1066 4996 ν.
1091 4930 1140 4994 11.
1159 4928 1289 5011 Densus,
1306 4927 1419 4995 ιοίυνιιι
1433 4930 1483 5011 [οι
1497 4946 1591 5012 recem
1612 4933 1700 5010 ίυυιιι,
1717 4933 1744 4992 rt

194 5033 367 5099 indiscusse
390 5040 488 5125 ημῶν.
995 5034 1101 5099 ccaudi
1120 5054 1182 5099 ccc.

229 5228 277 5283 Pr.
296 5229 378 5297 XIX,
392 5248 418 5285 υ.
432 5227 458 5302 3,
472 5230 500 5285 4.
521 5231 585 5285 Vnt.
608 5227 649 5286 ld.
1030 5251 1056 5287 ο.
1069 5233 1096 5301 8,
1113 5231 1154 5288 10.
1169 5235 1233 5320 θιί.
1251 5231 1292 5288 16.
1305 5254 1393 5287 -σου
1411 5234 1488 5290 sudis
1500 5235 1529 5289 in
1541 5247 1566 5287 ν.
1582 5232 1692 5291 iuuat.
1708 5235 1740 5288 B.
