4038 6088
535 789 951 984 sumanus
1008 802 1552 980 nuomnnrus

735 1154 1352 1262 LUGDUNENSIS.

202 1811 206 1818 '
315 1799 385 1864 Plus
405 1797 496 1863 semel
516 1798 625 1864 dixisse
643 1797 723 1882 juvit
743 1816 800 1876 mc,
823 1805 932 1880 quanta
953 1815 1019 1861 cum
1039 1796 1204 1872 alacritate,
1227 1805 1295 1879 post
1314 1794 1423 1878 viginti
1445 1806 1477 1860 et
1497 1794 1622 1877 amplius
1636 1811 1743 1872 annos,
1761 1793 1818 1858 iro

275 1916 336 1971 stra
359 1904 389 1969 in
412 1905 554 1988 catalogis
576 1903 735 1987 forulisque
756 1903 999 1970 bibliothecarum
1021 1904 1165 1970 lodiendis
1185 1913 1315 1984 exactos,
1336 1903 1454 1970 tandem
1475 1903 1627 1968 inciderim
1649 1902 1678 1965 in
1693 1903 1817 1986 primum

275 2015 418 2093 codicem,
435 2014 484 2096 qui
507 2013 659 2080 Melitonis
679 2012 748 2077 mibi
771 2031 877 2078 nomen
900 2012 985 2077 Clavi
1008 2013 1160 2096 praeliatum
1181 2011 1308 2088 dederit,
1332 2008 1586 2091 Argentineosem
1609 2007 1678 2072 beul
1698 2007 1774 2072 bello
1788 2017 1819 2072 et

275 2124 410 2189 incendio
424 2122 602 2187 ambustum.
619 2121 721 2205 Neque
735 2123 869 2204 superius
892 2121 979 2199 tacui,
1002 2119 1060 2202 qua
1082 2120 1176 2211 fausta
1197 2129 1287 2198 sorte,
1310 2118 1412 2183 eodem
1434 2118 1493 2182 lere
1509 2128 1637 2200 tempore
1651 2135 1718 2180 oum
1733 2117 1817 2182 testis

275 2232 325 2297 ille
343 2249 429 2308 unus,
446 2238 478 2295 ut
491 2207 643 2311 opinabar,
659 2230 732 2293 diris
748 2229 956 2305 devoraretur,
972 2236 1089 2310 egomet
1104 2225 1277 2303 inconsulto,
1295 2226 1396 2302 lateor,
1413 2224 1542 2308 ejusdem
1557 2223 1748 2307 archetypon,
1769 2243 1820 2306 per

275 2346 318 2403 tot
342 2355 435 2404 annos
460 2346 561 2402 moeste
582 2335 767 2418 inquisitum,
792 2335 1012 2418 introspicerem
1035 2333 1065 2399 in
1087 2353 1186 2400 museo
1207 2334 1428 2414 barberiniano,
1448 2334 1509 2417 jam
1530 2352 1608 2398 nuno
1634 2333 1818 2411 redivivum,

276 2463 372 2510 meum
393 2443 668 2509 claromontanum!
820 2515 822 2518 ,

316 2549 375 2614 Sed
390 2558 457 2632 post
470 2550 528 2615 duo
543 2547 691 2615 blelitonis
707 2553 865 2640 κειμήλια,
888 2547 959 2631 quid
979 2546 1050 2611 mibi
1073 2547 1232 2630 optabilius
1253 2549 1377 2613 inventu
1398 2548 1463 2627 luit',
1479 2567 1568 2632 quam
1583 2557 1616 2613 ut
1629 2549 1815 2631 Eucherium,

276 2658 400 2722 alterum
415 2656 517 2721 Clavis
531 2659 746 2740 sospitatorem,
763 2675 880 2739 purum,
895 2675 1126 2740 germmmque
1147 2656 1203 2721 luci
1226 2657 1432 2724 restituerem?
1453 2659 1492 2725 llt
1504 2659 1583 2723 enim
1597 2658 1742 2741 Origenes
1755 2676 1817 2724 see·
1923 2677 1931 2690 ·

277 2763 343 2827 culo
357 2762 411 2843 lll,
427 2762 470 2828 nti
493 2762 636 2828 Eusebius
656 2763 763 2827 saeculo
777 2762 827 2841 lll,
843 2764 886 2826 ita
905 2762 954 2827 ille
967 2779 1035 2826 saeo.
1053 2762 1221 2828 llnostram
1242 2763 1362 2830 Clavem
1377 2766 1513 2848 Lugduni
1531 2769 1634 2847 tenuit,
1651 2767 1817 2850 descripsit,

278 2869 460 2952 perstrinxit.
483 2869 626 2952 Equidem
647 2868 719 2932 nihil
742 2869 907 2948 omiseram,
930 2887 983 2950 per
1002 2869 1094 2934 multa
1117 2869 1232 2948 itinera,
1255 2882 1289 2936 ut
1308 2872 1512 2958 compendium
1534 2873 1619 2951 illud,
1641 2874 1728 2958 quale
1752 2893 1823 2941 eon·

278 2975 374 3040 ditum
395 2975 463 3054 luit,
485 2976 561 3041 inter
580 2975 757 3056 exemplaria
778 2975 835 3040 buc
862 2976 931 3041 illuc
957 2993 1070 3059 sparsa,
1092 2977 1143 3043 sed
1171 2977 1276 3043 misere
1303 2988 1389 3045 aucta
1410 2989 1441 3044 et
1461 2980 1633 3062 depravata,
1656 2980 1730 3046 mibi
1751 2991 1821 3048 ante

279 3083 381 3148 oculos
402 3101 561 3166 ponerem,
582 3083 633 3148 sed
655 3083 773 3165 ingrato
793 3101 829 3146 ac
855 3099 930 3164 pene
950 3084 1065 3147 incasso
1085 3082 1186 3148 labore
1207 3085 1359 3166 lungobar.
1382 3085 1513 3150 Tedium
1540 3086 1698 3170 aliquando
1723 3087 1821 3169 iregit,

277 3209 418 3276 spemque
445 3192 565 3258 incussit
584 3191 702 3274 signnm
723 3193 883 3275 quoddam,
904 3193 987 3276 quasi
1010 3193 1111 3258 datum
1132 3210 1150 3255 a
1170 3193 1332 3278 longinqua
1352 3204 1383 3260 et
1403 3194 1520 3260 sublimi
1541 3195 1628 3261 Urbis
1643 3189 1721 3277 arce,
1737 3197 1822 3262 velut

277 3299 316 3365 ab
337 3299 485 3368 inaccessa
505 3301 576 3368 mibi
598 3301 728 3383 specula,
752 3300 783 3365 id
803 3301 882 3384 quod
904 3301 951 3366 vir
971 3302 1074 3367 doctus
1094 3300 1254 3382 Romanus,
1275 3310 1345 3368 ante
1365 3302 1418 3367 hos
1440 3302 1561 3384 triginta
1581 3313 1613 3368 et
1635 3321 1743 3371 novem
1768 3321 1820 3370 an·

279 3427 343 3490 nos,
366 3409 527 3491 scripserat
546 3409 576 3474 in
598 3409 677 3474 hnnc
698 3409 830 3474 modum:

320 3538 337 3573 «
349 3515 445 3580 Codes
457 3516 567 3580 soeculi
577 3517 685 3580 arbiter
704 3515 781 3582 Vll:
794 3516 888 3580 coruli
909 3514 1047 3580 Euelail
1067 3513 1274 3580 Formulcrom
1294 3516 1359 3580 labri
1372 3515 1434 3596 Ill,
1450 3517 1511 3580 aloa
1525 3515 1584 3581 illis
1598 3517 1813 3598 additamento,

279 3623 379 3704 quibua
399 3625 580 3690 cumulantur
600 3625 779 3688 editiones».
803 3624 853 3688 Sic
875 3624 933 3704 ille,
956 3643 1034 3690 anno
1057 3626 1144 3690 l8ll.

1036 3875 1071 3970 I.

836 4085 1022 4180 Deleoclice
1044 4086 1178 4158 aoeeerlc'
1209 4087 1269 4159 VI.

321 4262 367 4327 dd
391 4261 454 4325 baeo
480 4269 572 4326 totum
596 4281 642 4327 me
662 4278 818 4345 assurgere
837 4264 969 4343 memini,
991 4262 1236 4345 cogitabundum,
1268 4263 1356 4348 idque
1379 4283 1493 4331 mecum
1517 4265 1732 4351 disputantem:
1760 4268 1823 4332 sci-

281 4372 349 4436 licet
369 4371 512 4454 potiorem
531 4371 628 4436 Clooiv
648 4370 846 4448 Melitonianae
867 4381 979 4455 partem
999 4379 1077 4437 certe
1097 4369 1135 4434 ad
1156 4370 1331 4435 Eucherium
1359 4370 1491 4450 traduoi;
1514 4372 1571 4437 boc
1598 4373 1742 4438 meavisse
1762 4371 1823 4437 lor-

282 4480 387 4558 mulas,
408 4488 557 4562 oomperto
577 4481 651 4545 satis
671 4499 793 4547 numero
814 4489 958 4547 trecentas
978 4489 1007 4546 et
1027 4477 1191 4562 octoginta3
1214 4478 1346 4562 Lugduni
1368 4497 1449 4563 ergo,
1462 4480 1523 4562 jam
1537 4479 1642 4546 saeculo
1662 4479 1715 4547 llll
1734 4481 1824 4565 majo-

281 4606 346 4652 rum
365 4604 495 4652 meorum
517 4604 604 4653 manu
623 4588 737 4654 versari
760 4583 890 4655 codicem
910 4604 1071 4668 annosum,
1094 4604 1191 4652 nonne
1217 4586 1255 4650 ab
1283 4605 1340 4653 una
1367 4588 1496 4656 alterare
1523 4608 1583 4655 acra
1608 4589 1825 4673 repetundum?

282 4711 378 4760 nonne
391 4695 430 4757 ab
445 4694 611 4778 antiquiore
631 4697 807 4780 exceptum?
828 4695 942 4764 livisse
963 4711 1032 4776 ergo
1053 4694 1255 4777 interpretem,
1279 4694 1357 4760 baud
1378 4696 1476 4778 procul
1496 4697 1535 4762 ab
1554 4717 1620 4763 aevo
1637 4706 1667 4763 et
1678 4699 1763 4780 juxta
1779 4707 1823 4764 tu·

283 4797 391 4863 mulum
411 4797 531 4877 irenaei,
553 4800 603 4882 qui
625 4800 801 4866 lducberinm
823 4799 927 4886 babuit
946 4791 1102 4889 διάδοχοι
1124 4798 1289 4882 lampadem
1309 4820 1380 4885 ergo
1399 4803 1452 4868 vix
1473 4822 1525 4887 per
1545 4812 1605 4870 tres
1625 4815 1678 4870 aut
1697 4815 1823 4888 quatuor

284 4922 388 4971 manus
409 4905 476 4971 inde
496 4907 636 4973 volitasse
657 4908 877 4985 inexstinctam
901 4906 940 4970 ab
960 4905 1087 4988 ldpbcso,
1109 4923 1147 4970 cx
1168 4904 1304 4990 Smyrna,
1320 4927 1357 4975 on
1379 4910 1520 4976 Sardibus
1540 4912 1716 4995 Lugdunum
1731 4914 1824 4980 innu-

282 5029 377 5078 meras
398 5013 547 5097 appulisse
567 5033 666 5097 gazas,
690 5012 791 5097 quidni
813 5023 844 5078 ct
865 5013 980 5078 Olorem
1005 5021 1151 5095 receptam
1172 5013 1206 5078 iri
1232 5017 1380 5097 graecam?
1402 5018 1520 5086 Graecos
1541 5021 1669 5086 adfuisse
1690 5023 1823 5101 lectores,

283 5119 321 5184 ad
336 5137 402 5185 oras
416 5119 551 5187 llbodani
560 5137 568 5200 3
585 5121 756 5205 interpretes
772 5122 963 5204 lreqaentari3
980 5138 1091 5205 graecos
1104 5120 1227 5200 codices,
1243 5124 1287 5187 uti
1302 5123 1544 5208 Cantabrigiense
1559 5129 1759 5212 evangelium,
1783 5128 1825 5194 nti

286 5225 472 5294 Pentateucbi
489 5229 694 5309 Lugdunensis
716 5229 810 5295 lacera
833 5231 974 5306 membra,
996 5228 1070 5294 alios
1092 5243 1151 5290 non
1171 5228 1310 5309 delinisse,
1330 5251 1388 5296 non
1410 5232 1509 5300 deesse
1529 5252 1623 5316 graeca
1641 5235 1730 5301 etiam
1748 5255 1827 5300 nunc
