4038 6088
267 482 324 546 bib
872 474 1010 540 SANCTI
1028 473 1210 540 EUCssEhll

263 632 295 696 in
316 639 482 715 posterum,
504 629 574 693 dum
595 629 681 693 doces
702 635 842 710 posteros.
865 628 925 693 Ora
950 643 1002 708 pro
1023 642 1090 705 me,
1111 607 1178 692 ihm
1194 643 1263 692 vere
1283 605 1334 690 sce
1359 633 1450 708 atque
1471 623 1567 692 amice
1586 625 1661 706 Dei,
1683 635 1714 693 et
1738 625 1809 692 mihi

264 739 295 804 in
316 737 394 804 ΧΡΟ
413 735 494 802 omni
515 735 596 802 cuitu
616 733 804 817 suscipiende
824 744 915 817 pater.

1011 968 1067 1042 [V.

506 1169 730 1230 nuntiemus
752 1125 926 1230 SALOIiIO
947 1166 1055 1228 FILIO
1076 1168 1121 1229 IN
1142 1168 1311 1230 GHRISTO
1333 1169 1522 1230 SALUTEM
1538 1176 1569 1244 ι).

306 1381 390 1445 Licet
404 1383 428 1458 2)
445 1396 524 1462 sepe
538 1397 555 1444 a
569 1397 617 1444 me
630 1377 758 1462 requiris
772 1377 930 1443 muitarum
945 1395 1043 1443 rerurn
1058 1378 1282 1456 absolutionem,
1297 1395 1365 1461 qum
1379 1377 1409 1442 in
1423 1376 1536 1442 divinis
1551 1375 1755 1444 voluminibus
1770 1375 1813 1442 in·

270 1497 435 1571 terpraetem
457 1484 616 1569 postulant,
639 1485 786 1568 colligam,
809 1494 897 1567 prout
921 1485 1051 1550 redirent
1071 1484 1101 1548 in
1123 1484 1305 1563 memoriam,
1326 1503 1393 1569 quae
1420 1503 1437 1551 a
1460 1493 1500 1565 te,
1522 1484 1560 1549 mi
1582 1484 1695 1564 Saloni,
1717 1483 1814 1550 studio

269 1593 462 1677 cognoscendi
488 1592 589 1658 sedule
613 1593 787 1675 copioseque
801 1597 825 1671 8)
847 1591 959 1675 prolata
980 1602 1062 1672 sunt,
1084 1604 1174 1675 atque
1194 1592 1238 1657 eis
1258 1611 1316 1658 non
1337 1611 1373 1657 ex
1393 1611 1459 1658 meo
1482 1592 1610 1675 iugenio,
1632 1591 1685 1658 sed
1703 1611 1741 1657 ex
1763 1591 1813 1656 in—

267 1700 405 1766 lustrium
419 1701 571 1764 doctorum
588 1698 620 1777 [i.
637 1699 667 1776 7]
681 1697 804 1779 judicio,
826 1716 920 1782 neque
940 1717 978 1765 ex
1000 1700 1115 1783 propria
1137 1703 1312 1782 temeritate,
1334 1701 1387 1767 sed
1408 1720 1444 1767 ex
1458 1700 1580 1766 oliorum
1594 1703 1769 1766 auctoritate
1781 1701 1809 1782 ⁴)

269 1809 476 1892 respondeam,
500 1817 671 1873 consectans
691 1825 750 1872 non
779 1816 837 1872 tam
858 1806 967 1890 eloquii
995 1807 1157 1873 exultantis
1181 1809 1323 1874 ambitum
1350 1827 1440 1893 quam
1461 1808 1635 1875 necessarie
1655 1805 1812 1873 brevitatis

271 1916 400 1980 modurn.
424 1913 473 1978 Sic
492 1914 571 1979 enim
590 1923 621 1980 ct
642 1913 805 1979 innumeris
825 1914 960 1980 satisfieri
983 1913 1225 1991 inquisitionibus
1246 1916 1305 1982 tuis
1332 1919 1454 2002 poterit,
1475 1926 1507 1984 et
1532 1916 1605 1982 mihi
1635 1918 1754 1999 insuper
1777 1915 1812 1980 ii-

267 2022 371 2088 berum
392 2021 450 2087 crit
469 2021 568 2105 aliqua
589 2022 782 2100 extrinsecus,
804 2041 871 2107 quse
890 2022 1052 2105 cognitioni
1068 2025 1090 2104 ὓ)
1114 2034 1173 2089 tuce
1194 2024 1276 2089 utiba
1297 2025 1471 2106 arbitrabor,
1494 2025 1634 2105 inserere,
1656 2032 1690 2090 ut
1710 2032 1756 2089 est
1770 2023 1811 2087 ii·

269 2131 330 2210 iud,
346 2131 417 2216 quid
432 2130 579 2210 significet
600 2131 733 2214 hlicluia,
756 2130 935 2214 Dinpsaima,
959 2133 1068 2212 hmen3
1091 2131 1163 2216 quid
1183 2133 1224 2197 sit
1243 2133 1358 2198 Cidaris
1373 2135 1413 2215 ε),
1436 2133 1550 2218 Ephori,
1577 2130 1682 2211 Sirius,
1709 2139 1741 2196 et
1758 2147 1814 2195 oae·

268 2247 329 2303 tera
344 2257 411 2323 quim
428 2239 457 2303 in
471 2238 563 2303 sacris
578 2237 661 2303 tibris
677 2240 870 2321 frequentata,
885 2237 937 2303 vel
957 2237 1085 2305 mraxime
1105 2239 1135 2303 iu
1155 2238 1299 2305 Ecclesiae
1314 2257 1367 2304 usu
1382 2238 1474 2322 posita
1491 2236 1770 2322 interpretationem
1784 2236 1812 2317 t)

269 2348 433 2430 requirunt.
449 2348 520 2413 [tec
536 2349 612 2428 [cum
628 2350 671 2428 se]
692 2346 740 2412 vei
763 2346 929 2428 legentibus
950 2365 1002 2430 per
1023 2357 1117 2413 totum
1139 2349 1477 2433 Scripturnmmgorpus
1490 2347 1593 2412 crebro
1606 2345 1739 2424 oberant,
1756 2362 1815 2410 non

269 2457 308 2521 ab
323 2475 354 2521 re
368 2458 389 2538 8)
406 2456 574 2521 existimari
595 2473 631 2521 ea
652 2453 706 2519 tibi
727 2472 793 2518 cum
814 2454 1084 2532 significationibus
1103 2457 1177 2534 suis,
1194 2457 1325 2540 inopere
1347 2455 1412 2534 boc,
1429 2454 1512 2537 quasi
1528 2465 1701 2520 coacervem
1715 2463 1814 2519 osteu-

269 2564 349 2630 dere.
372 2562 501 2645 Dignum
523 2579 650 2646 namque
669 2571 715 2628 est
734 2579 919 2646 quacumque
938 2579 1006 2626 cura
1029 2580 1093 2627 men
1120 2563 1268 2645 ingenium
1290 2572 1373 2628 tuum
1394 2561 1521 2646 reparari
1537 2564 1574 2640 ⁹),
1596 2561 1646 2642 qui
1667 2559 1718 2625 uix
1745 2558 1815 2624 dum

272 2670 374 2735 decem
389 2683 477 2734 natus
491 2686 595 2746 annos,
618 2668 767 2734 heremum
790 2667 952 2750 ingressus,
975 2668 1051 2733 inter
1073 2668 1138 2734 iiius
1158 2681 1324 2734 sanctorum
1346 2686 1463 2745 manus,
1486 2685 1543 2731 non
1565 2666 1658 2731 soium
1680 2665 1815 2744 inbutus,

269 2776 477 2842 verumetiam
499 2777 645 2842 enutritus
665 2794 697 2840 es
711 2775 767 2841 sub
781 2775 929 2840 Honorato
944 2777 984 2857 ¹⁰)
1000 2776 1049 2840 itto
1069 2785 1164 2860 putre,
1188 2786 1282 2858 pntre,
1304 2777 1438 2860 inquam,
1461 2774 1553 2858 primo
1574 2774 1746 2854 insularum,
1766 2793 1816 2857 po-

269 2893 333 2950 stea
355 2883 445 2950 etiam
470 2883 659 2949 ecclesiarum
679 2883 831 2964 magistro,
854 2900 920 2946 cunr
940 2892 969 2946 te
991 2881 1050 2945 itte
1070 2882 1230 2948 beatissimi
1253 2881 1358 2957 liitnri,
1382 2890 1451 2946 tuuc
1473 2879 1599 2945 insulani
1625 2879 1739 2958 tironis,
1762 2880 1816 2944 sed

268 2991 329 3074 jam
344 3010 422 3056 nunc
446 2989 553 3055 summi
580 2988 739 3072 pontilicis,
763 2987 893 3053 doctrina
915 2989 1052 3053 formaret
1073 3007 1124 3071 per
1145 3007 1246 3054 omrres
1265 2986 1440 3072 spiritriium
1463 3005 1557 3052 rerum
1581 2985 1762 3070 duscipiinas,
1779 2985 1817 3052 nd

271 3097 327 3164 hoc
347 3097 435 3162 etiam
458 3105 489 3162 tc
511 3105 610 3178 postea
633 3095 907 3159 consummantibus
928 3099 1037 3158 sanctis
1051 3093 1279 3160 ririsSahiano
1300 3105 1389 3178 atquc
1405 3095 1566 3174 Vincentio,
1582 3093 1750 3176 eloquentie
1766 3111 1816 3177 pa·

271 3205 343 3270 riter
367 3203 551 3287 scientiaque
572 3202 840 3284 praeeminentibus.
866 3199 958 3276 igitur
979 3211 1021 3264 tot
1041 3219 1076 3264 uc
1102 3201 1208 3266 tatibus
1229 3221 1299 3267 usus
1321 3201 1481 3284 uragistris,
1503 3219 1539 3265 ex
1560 3218 1607 3265 me
1627 3197 1744 3283 quoque
1764 3199 1817 3264 mi·

271 3309 351 3373 nimo
365 3308 467 3375 erudies
481 3325 548 3391 quac
561 3308 728 3372 sciscitatus
747 3327 791 3388 es,
817 3308 847 3388 [i.
872 3307 900 3388 8]
925 3307 954 3371 in
976 3306 1082 3389 quibus
1099 3308 1160 3391 jum
1182 3327 1261 3372 nuuc
1280 3318 1311 3373 et
1333 3308 1561 3390 interrogantem
1583 3315 1623 3384 te,
1637 3316 1668 3372 et
1685 3306 1755 3386 [me]
1773 3323 1817 3370 re-

272 3415 465 3498 spondentem
489 3432 675 3496 recognosce.
698 3413 781 3493 Valc,
804 3412 903 3478 Suioni
925 3414 979 3491 mi,
1000 3414 1148 3479 carissime
1170 3414 1200 3480 in
1220 3414 1299 3482 XPO
1319 3413 1362 3478 titt
1378 3417 1426 3492 ¹¹).

308 3650 356 3704 tv.
367 3647 541 3702 Eueirerisns
552 3647 702 3718 incipiunt,
715 3661 777 3717 qum
788 3646 969 3718 integerrime
982 3646 1016 3699 sd
1070 3678 1105 3691 -
1117 3648 1140 3713 ἵ)
1155 3649 1233 3705 Licet
1245 3647 1323 3702 solus
1335 3647 1396 3702 cod.
1412 3647 1569 3718 praemittit,
1584 3646 1643 3700 fers
1662 3649 1694 3701 ut
1710 3648 1819 3703 sciticas

274 3738 354 3793 ficiem
373 3735 476 3790 codicis
495 3736 583 3788 nostri
603 3733 779 3801 exhibentur,
798 3740 907 3788 servate
929 3734 963 3788 sd
983 3751 1016 3788 a·
1070 3739 1251 3794 absolute.-
1266 3736 1696 3808 epeoptoeaequaeadqrec.-
1710 3737 1816 3801 *pNota

273 3826 387 3882 mussim
406 3825 547 3895 scripturn
569 3828 678 3889 vetere,
699 3824 807 3893 quoties
832 3838 882 3876 nse
907 3838 1016 3893 sensus,
1071 3825 1198 3880 Eucherii
1224 3842 1320 3881 curum
1346 3837 1454 3881 uetares
1479 3826 1624 3880 revocandi
1649 3827 1817 3898 magistros,

274 3929 323 3968 nee
336 3915 424 3967 series
438 3913 755 3982 graviterpervsrtitur·,
769 3910 884 3982 rejectis
896 3909 929 3963 ad
942 3927 1017 3964 mur·
1071 3931 1187 3986 quorum
1206 3933 1307 3986 agmen
1327 3915 1426 3970 metito
1446 3922 1540 3970 nostor·
1560 3914 1651 3971 duxit,
1669 3946 1706 3959 ...
1726 3925 1750 3980 ι)
1768 3934 1819 3972 ω.
1871 3941 1878 3955 .

275 4004 367 4073 ginsnn
386 4001 515 4056 omnibus
534 3999 725 4067 serietatibus,
745 4015 814 4070 ques
833 4000 958 4072 recipere
971 4017 1016 4054 ne·
1069 4006 1178 4074 quirini
1196 4003 1226 4059 0.
1249 4033 1282 4048 -
1301 4011 1325 4069 θ)
1344 4007 1461 4061 rhetoris
1480 4005 1510 4061 Ο.
1530 4032 1566 4046 -
1588 4011 1610 4068 ⁷)
1631 4009 1819 4075 interpraeta-

274 4093 315 4145 tas
339 4097 409 4146 eret.
429 4090 481 4144 His
505 4090 637 4144 anement
660 4089 802 4144 nonnette
825 4088 959 4144 lectiones
983 4105 1018 4142 ex
1070 4098 1175 4149 etonem
1190 4095 1226 4150 ht.
1241 4110 1322 4165 quem
1335 4093 1554 4167 diphrtrougendt
1568 4098 1708 4166 pruritum
1721 4094 1820 4149 taeuuit

273 4181 353 4236 codd.
371 4180 463 4236 Paris.
480 4178 558 4246 tect,
571 4179 651 4250 2769,
669 4178 764 4239 12236.
779 4196 866 4250 neque
880 4179 1018 4234 interdum
1071 4191 1168 4238 notare
1186 4183 1325 4255 deinceps,
1345 4198 1448 4256 prosc-r
1468 4184 1616 4239 nonnuiles
1635 4184 1818 4256 singularite·

274 4268 377 4324 omissa
389 4267 635 4336 Bersilieditione,
648 4285 710 4342 quoe
724 4275 863 4323 vetustum
875 4267 1019 4340 exemplar
1072 4278 1125 4329 cn,
1145 4302 1180 4315 ...
1201 4271 1228 4346 e)
1248 4278 1408 4332 eaegsppmpg
1432 4276 1463 4330 c,
1483 4305 1519 4318 ..
1539 4283 1562 4339 sp
1581 4277 1764 4331 remunerare
1788 4273 1819 4329 c,

274 4354 430 4425 Lirinense,
449 4357 520 4410 hsud
532 4355 650 4412 muitum
663 4374 679 4410 a
692 4364 787 4411 nostro
805 4356 936 4425 alienum,
956 4356 1018 4409 red·
1073 4363 1138 4418 surh
1159 4364 1280 4434 passive.
1300 4363 1339 4420 hi.
1360 4381 1422 4419 mox
1446 4377 1546 4429 natos,
1565 4370 1593 4419 et
1612 4369 1665 4419 iter
1690 4365 1765 4419 illas.
1785 4390 1820 4404 -

275 4440 375 4500 hibuit.
395 4442 474 4515 Sigis
492 4455 574 4499 erunt
593 4462 626 4499 ex
646 4447 785 4518 superiori
810 4448 906 4500 ordine
926 4446 963 4512 C,
985 4444 1017 4501 P.
1073 4458 1108 4523 ιο)
1129 4451 1250 4507 Oueroto
1265 4451 1294 4506 G.
1311 4453 1421 4506 Primus
1440 4457 1513 4507 euim
1527 4451 1583 4507 suit
1600 4453 1758 4507 Honoratus
1770 4450 1820 4507 In·

277 4527 342 4600 ¹22,
356 4530 383 4601 3,
398 4532 429 4586 L·
446 4535 486 4589 ne
505 4535 617 4588 imment
637 4535 813 4606 vutgatorum
828 4534 961 4589 tibi-orum
975 4533 1019 4587 te·
1072 4543 1204 4596 setarum
1221 4552 1313 4610 parm,
1333 4542 1362 4596 tn
1382 4543 1458 4597 exitu
1485 4540 1582 4597 saeeuti
1601 4557 1646 4609 ιι,
1664 4541 1729 4597 usin
1747 4543 1822 4596 etrcs

273 4620 469 4692 ter-poietione,
483 4623 513 4676 in
528 4621 657 4694 singulos
676 4625 785 4679 intrusa
804 4621 968 4690 versiculos,
981 4625 1019 4676 si·
1072 4629 1506 4704 ³,4300c0103parumma9psper‚
1517 4633 1576 4686 ,ιη
1587 4631 1821 4704 ‘ppmopmppw

274 4707 332 4761 lere
351 4725 463 4764 necesse
484 4711 548 4766 suit.
1073 4719 1155 4791 siiiae,
1177 4721 1297 4776 Petu-oeli
1311 4721 1362 4777 boc
1375 4740 1447 4778 nuno
1459 4722 1546 4778 occisi
1557 4739 1712 4790 successor,
1724 4727 1752 4775 et
1772 4719 1822 4775 Hi-

314 4802 335 4870 1)
353 4799 441 4854 Tutus
460 4799 559 4856 titulus
576 4802 710 4856 hactenus
727 4801 899 4857 desideratus
912 4807 970 4856 est:
991 4803 1019 4857 in
1074 4808 1137 4865 larii
1159 4809 1192 4862 de
1212 4828 1266 4883 quo
1286 4827 1382 4882 suppa,
1402 4817 1562 4867 flmmeum·
1575 4813 1728 4883 proximus,
1742 4815 1771 4864 st
1787 4808 1822 4862 gb

274 4906 329 4960 quo
348 4906 475 4962 praeeeps
493 4893 667 4947 rubricarum
685 4893 778 4964 pictor
795 4899 946 4964 scripserat
958 4894 1020 4950 Ess-
1073 4897 1167 4953 eodem
1187 4897 1303 4952 solemni
1324 4899 1436 4972 eloquio
1454 4897 1623 4957 celebratus.
1635 4930 1672 4944 -
1692 4907 1728 4962 ιι)
1753 4898 1821 4955 Vuis

275 4984 342 5044 cris,
356 4981 429 5050 quod
446 4983 475 5035 in
493 4997 553 5038 erro
565 4983 754 5054 merovingico
765 4981 869 5054 uliquis
885 4986 1018 5038 correxit.
1073 4990 1105 5042 s'rs
1127 4988 1247 5054 Christe,
1267 5004 1318 5042 nec
1337 4986 1401 5059 pius
1421 4987 1548 5059 vulgata.
