4044 6098
759 861 1232 994 ORIGENES

734 1167 820 1265 ιιν
874 1161 1263 1265 PSALMOS

943 1396 1047 1408 ...φρ-.-

882 1705 1053 1781 Pselmeeu
1076 1705 1107 1780 I.

265 1942 297 1987 ν.
322 1922 352 2000 1,
368 1924 397 1986 i.
421 1922 577 2014 Μακάριος
594 1923 681 2015 ἀνὴρ,
699 1922 730 2000 ὃς
747 1927 802 1990 ούκ
818 1923 966 2017 ἐπορεύθη
1064 1940 1095 1986 ν.
1121 1922 1150 2002 1,
1172 1923 1202 1986 t.
1227 1919 1337 1984 Beatus
1358 1923 1415 2000 eie,
1432 1921 1482 2004 qni
1492 1939 1549 1984 non
1563 1921 1638 1987 abiit
1653 1923 1684 1987 ι’νι
1704 1943 1769 1988 ποκ-

220 2036 251 2098 ἑν
266 2034 365 2117 βουλῇ
380 2025 511 2109 elesius,
523 2031 575 2096 καὶ
587 2035 617 2096 ἐν
631 2022 693 2116 ὁδῷ
707 2037 900 2124 ἁμαρτωλῶν
913 2037 969 2098 οῦκ
1023 2029 1088 2094 silio
1102 2030 1269 2114 impiorum,
1285 2035 1312 2093 et
1325 2030 1357 2092 ιἰι
1370 2030 1419 2094 eie
1425 2037 1606 2114 peccatorum
1615 2052 1672 2097 ιιοοι
1682 2040 1767 2115 stetit,

218 2141 308 2216 ἔστη,
325 2139 379 2204 καί
395 2137 445 2205 ἐπί
461 2131 599 2231 καθέδρᾳ
613 2145 731 2230 λοιμῶν
745 2143 801 2205 οῦκ
814 2139 965 2206 ἐκάθισεν.
1021 2143 1049 2202 et
1066 2139 1097 2202 in
1117 2137 1251 2202 eutledea
1270 2137 1449 2222 pestilentiae
1472 2157 1529 2204 non
1548 2141 1629 2204 sedit.
1655 2141 1716 2206 Seel
1734 2145 1767 2206 in

219 2244 305 2312 Ἀλλ’
331 2246 350 2320 ἢ
375 2250 406 2312 ὲν
423 2257 470 2332 τῷ
486 2247 570 2338 νόμῳ
588 2250 700 2339 Κυρίου
719 2249 758 2313 τὸ
775 2247 899 2336 θέλημα
916 2253 969 2312 αύ-
1021 2245 1079 2326 lece
1099 2245 1219 2310 Domini
1228 2245 1360 2312 voluutas
1374 2249 1448 2330 ηὐο,
1462 2254 1491 2312 ct
1502 2247 1535 2312 io
1555 2245 1614 2331 lece
1630 2251 1693 2327 siut
1712 2267 1769 2314 ote-

218 2363 286 2431 τοῦ,
310 2353 364 2418 καί
380 2357 410 2419 ἑν
427 2365 473 2438 τῷ
490 2355 575 2445 νόμῳ
593 2359 688 2420 αὑτοῦ
706 2355 876 2446 μελετήσει
891 2352 969 2444 ἠμί·
1022 2351 1161 2417 ditals'tor
1181 2351 1228 2416 die
1250 2371 1285 2418 cc
1305 2359 1395 2418 nocte.

221 2484 274 2551 ρας
296 2461 350 2528 καί
373 2463 493 2543 νυκτός.
523 2461 584 2528 Vae.
608 2462 648 2526 B.
671 2481 702 2546 p.
725 2463 796 2542 625,
818 2462 843 2525 1.
1464 2455 1467 2463 ’

264 2569 420 2661 Μακάριος
444 2565 496 2636 οὖν
528 2576 544 2636 ὁ
568 2571 610 2637 τὰ
633 2573 729 2649 ὄντως
753 2573 832 2638 ὄντα
854 2570 967 2637 ποθῶν.
1061 2570 1299 2668 Beatusxigitur,
1321 2572 1370 2656 qui
1393 2572 1470 2638 bono
1498 2581 1583 2657 optut
1610 2592 1678 2657 quae
1699 2593 1769 2642 vcro

219 2676 321 2743 Ἀλλὰ
344 2688 408 2756 πῶς
432 2683 463 2744 ἐν
489 2680 643 2772 ἀναιρέσει
658 2691 763 2747 κακῶν
780 2686 796 2746 ὁ
815 2704 969 2771 μακαρισ-
1021 2687 1101 2744 sunl.
1117 2679 1176 2746 Sed
1191 2699 1243 2747 cur
1264 2682 1295 2746 iu
1316 2682 1451 2747 tollendis
1472 2682 1558 2748 mulis
1578 2683 1769 2750 beatitudiuis

221 2785 295 2877 μύς;
318 2787 419 2853 κοινὸν
443 2787 573 2881 γὰρκαὶ
592 2799 655 2854 τῶν
680 2786 806 2880 ἀψύχων
830 2789 883 2856 καὶ
905 2798 968 2853 τῶν
1023 2789 1212 2853 encomium?
1233 2789 1266 2855 ld
1287 2790 1367 2855 onim
1386 2809 1541 2857 commune
1553 2797 1601 2856 est
1614 2790 1703 2858 otium
1724 2811 1769 2859 ro·

221 2893 345 2987 ἀλόγων
370 2901 389 2971 ἡ
423 2905 486 2961 τῶν
518 2906 623 2961 κακῶν
657 2898 774 2988 ἀποχή·
799 2890 850 2963 διὰ
873 2907 968 2962 τοῦτο
1022 2895 1196 2961 busnnima
1217 2915 1360 2962 accensu
1381 2899 1499 2978 uacuis,
1522 2900 1672 2966 abstinere
1695 2917 1769 2965 scu

220 3003 323 3067 τοίνυν
347 3003 518 3096 ἐπήγαγεν·
538 3003 625 3069 Ἀλλ’
644 3004 663 3078 ἣ
682 3007 713 3070 ἐν
729 3015 775 3089 τῷ
799 3006 885 3094 νόμῳ
909 3009 970 3068 Κυ-
1024 3003 1120 3068 molis.
1143 3004 1287 3085 Quocirca
1309 3005 1434 3070 subinde
1459 3006 1559 3072 addit:
1584 3007 1646 3072 Sed
1662 3008 1693 3072 in
1712 3007 1769 3092 lece

222 3113 284 3204 ρίου
308 3111 347 3178 τὸ
371 3109 494 3200 θέλημα
518 3116 622 3179 αὐτοῦ.
648 3121 751 3179 Τοῦτο
774 3113 834 3208 γὰρ
859 3118 894 3179 οῦ
915 3113 971 3202 μό·
1024 3111 1290 3176 nomini-voluntas
1304 3115 1376 3196 ejus.
1393 3113 1527 3196 Namque
1541 3132 1600 3179 non
1614 3114 1708 3180 solum
1722 3134 1769 3181 rn-

221 3243 271 3284 νον
295 3217 430 3308 πέφυκεν
458 3224 606 3312 λογικοῦ,
630 3221 713 3287 ἀλλὰ
737 3221 790 3287 καί
821 3235 880 3300 τῆς
905 3233 968 3289 τῶν
1026 3219 1144 3285 tionulis
1165 3231 1280 3287 uulurae
1297 3232 1355 3302 ent,
1371 3221 1424 3288 sed
1444 3223 1482 3288 ud
1496 3222 1574 3288 bonu
1592 3241 1769 3306 quoquccu·

221 3332 325 3391 καλῶν
350 3324 533 3416 ἀναλήψεως
557 3328 715 3422 καταρχύ,
733 3341 796 3396 τῶν
821 3341 926 3397 κακῶν
947 3337 966 3407 ἡ
1024 3329 1168 3410 pessundu
1181 3327 1336 3393 exordium
1349 3337 1395 3392 est
1409 3330 1478 3411 lugu
1497 3328 1652 3395 mulorum.
1679 3330 1770 3396 nDc-

221 3436 315 3527 ρογή.
327 3434 492 3502 Ἔκκλινον
508 3437 579 3530 γὰρ,
596 3439 700 3530 φησὶν,
719 3442 779 3507 ἀπὸ
796 3453 903 3522 κακοῦ,
916 3441 969 3508 καὶ
1023 3435 1112 3509 cline,
1136 3435 1247 3519 inquit,
1269 3452 1287 3499 n
1309 3436 1405 3517 mnlo,
1427 3445 1458 3502 et
1478 3437 1522 3502 lae
1542 3438 1692 3503 bonum.»
1713 3437 1771 3504 Et-

220 3545 351 3616 ποίησον
369 3544 497 3635 ἀγαθόν.
514 3547 565 3623 Ὡς
588 3547 649 3640 γὰρ
672 3548 723 3614 ἐπὶ
738 3563 796 3626 τῆς
816 3554 969 3643 κλίμακος
1023 3545 1112 3626 enim,
1134 3545 1211 3611 sieut
1231 3545 1341 3610 scalam
1362 3545 1536 3612 ascendenti
1561 3546 1674 3630 primns
1697 3565 1771 3630 grn-

221 3651 330 3743 πρώιη
349 3645 497 3730 ἀνάύαοις
515 3661 534 3729 ἡ
552 3667 611 3732 τῆς
624 3668 683 3748 γῆς
697 3658 904 3750 ἀναχώρησις,
921 3661 970 3724 οῦ·
1023 3651 1079 3718 dus
1100 3661 1183 3717 esta
1213 3661 1290 3718 terra
1311 3671 1452 3734 secessus,
1474 3653 1516 3718 in
1538 3653 1716 3738 proficientis
1737 3655 1769 3718 in

221 3783 283 3834 τως
306 3757 357 3823 ἐπί
379 3769 437 3835 τῆς
460 3759 544 3826 κατὰ
568 3761 647 3827 Θεὸν
671 3776 839 3854 προκοπῆς,
864 3770 880 3831 ὁ
903 3791 969 3856 χω-
1023 3761 1086 3827 vite
1100 3762 1184 3845 jnxn
1198 3762 1293 3827 Deum
1309 3761 1446 3827 instituta
1467 3762 1585 3829 initium
1602 3772 1677 3828 esta
1695 3764 1769 3829 malo

224 3865 328 3958 ρισμῦς
351 3877 406 3932 τοῦ
423 3877 528 3934 κακοῦ.
546 3868 646 3936 ’unul
661 3871 715 3936 καί
732 3874 809 3948 ὅλως
826 3864 860 3939 δὲ
882 3884 969 3940 πᾶσα
1023 3869 1185 3936 discedere.
1208 3869 1288 3949 Quin
1316 3870 1405 3936 immo
1432 3878 1461 3936 et
1485 3871 1650 3952 generatim
1677 3871 1771 3937 omnis

222 3975 315 4067 ἀργία
338 3975 392 4040 καί
406 3988 465 4053 τῆς
480 3978 637 4069 τυχούσης
653 3973 792 4070 πράξεώς
809 3987 892 4048 ἐστιν
918 3987 969 4049 eie·
1023 3989 1107 4044 oclus
1127 3980 1254 4045 cessatio
1275 3980 1386 4046 facilior
1407 3987 1451 4045 ost
1464 3995 1553 4063 quom
1574 3997 1648 4064 opus
1662 3999 1715 4064 pro
1735 3999 1768 4045 ro

222 4084 414 4177 μαρεοτέρα,
439 4086 543 4152 ὅποιον
575 4087 622 4153 τό·
646 4093 689 4155 oo
718 4091 907 4180 μοιχεύσεις,
933 4099 968 4160 οἰ
1023 4097 1260 4172 uelamentum,
1284 4088 1426 4154 utillud:
1450 4088 1545 4153 «Non
1566 4087 1768 4169 moechaberis,

258 4245 306 4300 Pe.
326 4246 350 4302 I.
370 4247 446 4302 Satis
464 4248 518 4302 erit
536 4247 616 4303 codd.
636 4249 786 4305 Vaticanus
810 4256 969 4310 summatim
1023 4255 1099 4307 etone
1112 4251 1227 4322 dignum
1241 4249 1368 4318 tulerint,
1381 4251 1456 4305 inter
1467 4248 1534 4318 alie,
1547 4248 1617 4304 illud
1634 4248 1771 4306 scholium

222 4351 352 4390 revocare
367 4336 402 4389 nd
420 4336 549 4407 singulos
567 4339 730 4408 versiculos,
750 4343 863 4397 omissis
876 4362 969 4400 neees-
1024 4347 1083 4397 tum
1095 4358 1233 4414 anonymo
1252 4341 1324 4411 apud
1339 4340 1508 4408 Cordeeium,
1528 4345 1585 4396 tum
1597 4340 1711 4410 Origeni
1725 4341 1773 4392 dn-

222 4425 305 4479 sariae
324 4425 469 4480 brevitatis
487 4443 571 4481 causa
584 4428 662 4483 foliis
675 4430 805 4502 infinitis,
825 4450 886 4504 quae
900 4437 969 4488 sotis
1023 4438 1081 4486 tum
1094 4436 1123 4488 in
1141 4433 1207 4487 Vnt.
1224 4429 1272 4484 l'l:
1294 4435 1341 4482 Διὰ
1359 4431 1384 4483 τί
1403 4434 1429 4483 ot
1441 4431 1476 4501 μὴ
1492 4434 1532 4482 τὸν
1549 4433 1715 4500 κατορθοῦντα
1727 4429 1772 4486 nte

222 4515 257 4569 eb
266 4515 328 4585 ipso
340 4513 509 4586 psalmorum
521 4533 643 4588 numero,
654 4521 754 4575 seriem
765 4523 865 4594 cuique
877 4539 970 4578 moro·
1024 4523 1112 4594 ἀρετὴν
1130 4523 1270 4593 μακαρίζοι,
1284 4525 1351 4574 ἀλλὰ
1365 4525 1405 4575 τὸν
1418 4523 1453 4591 μὴ
1467 4521 1621 4577 πεποιηκότα
1633 4521 1678 4576 sis
1692 4525 1775 4590 αμαρ-

222 4605 281 4658 nius
293 4603 475 4675 investiganti
490 4607 677 4665 innotescunt.
693 4608 823 4665 Codicum
836 4629 899 4666 vero
916 4628 969 4666 nu·
1023 4613 1090 4680 τίανς
1112 4613 1174 4665 οὗτοι
1193 4617 1242 4685 γὰρ
1261 4617 1303 4663 καί
1324 4613 1398 4672 ίππος
1417 4615 1460 4663 καὶ
1485 4611 1542 4675 βοῦς
1561 4611 1774 4682 μακαρισύήοιτοιι

222 4692 294 4746 mori
306 4691 339 4746 ael
359 4696 532 4765 superiorem
551 4697 670 4752 indicem
688 4717 719 4770 p.
733 4699 785 4753 407
799 4700 969 4759 referantur.
1024 4705 1067 4753 καὶ
1084 4701 1158 4762 λίύος.
1171 4704 1264 4770 Μικρὸν
1277 4700 1419 4769 ἀναμείνας,
1433 4700 1538 4770 εὑρήσεις
1551 4702 1579 4753 τὸ
1593 4699 1666 4769 ἴαμα·
1686 4699 1774 4772 ἐπάγει

258 4802 286 4838 ο.
304 4781 329 4853 1,
342 4781 370 4838 2.
384 4785 449 4841 Vnt.
466 4783 490 4854 l,
503 4785 531 4855 4,
550 4785 696 4858 o‚10,17.
716 4788 829 4844 Initium
846 4794 970 4844 nostrum
1024 4794 1083 4863 γὰρ,
1103 4796 1132 4844 et
1149 4795 1260 4844 enters.
1281 4789 1410 4843 Hunccine
1429 4786 1550 4843 Basilius
1569 4785 1710 4859 Magnnsl
1730 4787 1771 4842 cl.

224 4872 318 4946 pelam
345 4875 534 4932 Theodoretus
557 4878 691 4949 respicit,
716 4881 819 4952 partim
843 4881 972 4934 rescribit
1025 4883 1087 4950 ejus
1105 4895 1167 4949 opp·
1187 4894 1206 4948 1,
1220 4875 1256 4932 93
1269 4877 1325 4944 BB,
1340 4875 1453 4931 cordes.
1469 4876 1529 4932 Cat.
1545 4893 1595 4948 sp.
1613 4873 1656 4930 l‘l.
1671 4905 1707 4953 .-
1722 4877 1769 4930 Ps.

223 4962 356 5034 Basilius,
375 4970 477 5020 cuncta
494 4983 567 5040 pons
579 4969 706 5040 sequitur
724 4968 971 5040 pseudo-Theodo·
1025 4966 1193 5036 xxxv1,27.
1213 4967 1315 5021 maten.
1334 4982 1363 5032 ν,
1382 4964 1429 5036 27,
1449 4963 1494 5033 41,
1514 4963 1566 5034 433
1586 4982 1650 5036 xix,
1669 4963 1715 5022 21.
1738 4993 1774 5004 -

224 5067 273 5106 nus
290 5052 466 5110 Heiseleotn.
486 5053 549 5111 Erit
568 5059 615 5129 qui
634 5057 667 5111 de
686 5056 792 5112 Basilio
816 5057 972 5128 ambigens,
1026 5059 1111 5111 Breve
1131 5057 1230 5110 lemme
1249 5058 1272 5110 ls
1286 5059 1321 5126 τῷ
1334 5058 1402 5128 νόμῳ
1417 5056 1449 5111 κύ
1465 5055 1646 5110 Athanasium
1665 5053 1774 5108 Monte·

222 5143 381 5214 suspicetur
394 5149 455 5216 ejus
467 5144 611 5202 homiliam
630 5147 659 5200 in
674 5164 717 5218 ps.
732 5163 753 5216 1,
767 5152 863 5218 aperte
883 5148 971 5201 muti·
1025 5145 1162 5200 fulcosius
1176 5145 1330 5214 transtulit,
1342 5145 1415 5200 haud
1428 5146 1488 5199 siue
1501 5144 1553 5199 hoc
1566 5142 1719 5214 sphalmata
1732 5141 1771 5195 νύ-

223 5231 290 5308 lem,
300 5236 384 5296 etiam
397 5251 458 5290 esse
469 5237 673 5316 interpolatam.
685 5237 739 5300 Vix
750 5240 822 5298 enim
835 5241 913 5293 tanto
924 5237 972 5294 do·
1024 5255 1064 5315 μμ
1084 5238 1119 5306 τῷ
1140 5238 1275 5316 ὰγγελικῷ,
1294 5234 1389 5290 stetim
1409 5236 1501 5308 recipe
1522 5233 1683 5314 ιῦαγγιλικρῦ.
