3978 6086
669 512 1000 580 ntunot‘onttatttts
1018 513 1224 582 episcopiis
1661 519 1721 584 lhll

173 669 305 750 priorem
315 682 383 733 one
398 681 518 749 prorsus
531 665 723 750 singularem,
735 667 819 752 cnjus
833 666 946 734 nullum
958 665 1038 733 eliud
1052 668 1202 753 exemplar
1215 671 1419 753 cognoscitor;
1436 670 1626 754 posteriorem
1639 691 1721 754 vero,

174 783 210 840 ut
229 774 297 854 ipsa
318 773 465 860 scriptore
485 773 552 855 lert,
573 791 648 859 opos
668 793 733 842 csse
753 772 960 852 renuisset
973 773 1071 858 aliquo
1091 792 1127 840 ex
1149 775 1213 860 ipso
1232 775 1433 860 Metophrnste
1453 777 1640 844 adornatum.

216 877 362 964 Sepositis
382 896 454 944 roro
473 877 522 944 his
541 878 656 944 duobos
676 879 807 962 testibus,
830 878 951 944 minime
970 877 1040 944 licet
1060 877 1173 962 alienis,
1196 891 1381 962 casteromm,
1400 881 1450 966 qui
1472 883 1565 966 longe‘
1581 893 1725 969 prestent

175 994 209 1052 et
229 994 300 1069 epte
319 984 486 1068 coherent,
509 1001 544 1051 ee
565 1002 603 1051 no
628 984 685 1050 erit
705 984 881 1066 auotoritas,
903 991 938 1050 ut
958 983 989 1049 in
1009 985 1077 1052 serii
1098 986 1195 1070 operis
1216 988 1438 1055 hundomeutum
1458 997 1642 1074 statuantur,
1664 1010 1724 1058 non

174 1093 313 1160 obstante
331 1091 509 1159 'tillemontii
530 1101 561 1159 et
580 1092 704 1159 oliorum
724 1091 803 1158 houd
825 1091 884 1159 leri
905 1090 1052 1158 censura?
1072 1091 1174 1159 Otium
1195 1092 1267 1159 mihi
1289 1095 1356 1160 lecit
1383 1095 1510 1179 optimus
1530 1113 1566 1161 nc
1585 1097 1724 1164 disertis-

173 1198 268 1264 simus
288 1200 444 1280 liossueus,
466 1198 518 1284 qui
540 1199 571 1264 in
593 1217 646 1266 sno
667 1198 886 1276 commentario,
908 1197 1029 1282 suisque
1048 1197 1088 1263 nd
1108 1199 1191 1278 hcte,
1211 1217 1279 1284 que
1298 1201 1411 1286 primus
1431 1202 1562 1287 protulit,
1592 1203 1722 1286 scholiis,

177 1315 237 1370 mm
256 1305 436 1372 'lillemootii
456 1323 544 1389 qoam
565 1314 738 1372 caeterorum
757 1304 979 1391 exceptionibus
999 1304 1073 1370 sotis
1093 1306 1235 1390 pleneque
1255 1307 1335 1374 lecit.
1358 1307 1454 1373 Unum
1473 1318 1531 1390 est,
1547 1309 1625 1394 quod
1647 1311 1724 1377 mole
1799 1327 1802 1334 ·

173 1412 256 1496 apud
274 1429 342 1479 mm
363 1411 457 1492 antiit,
479 1412 549 1479 dum
570 1405 683 1479 enters
696 1412 757 1478 lere
777 1421 858 1478 sarta
879 1420 955 1477 oectn
970 1419 1100 1492 manent,
1116 1411 1284 1496 epistolium
1298 1431 1316 1478 a
1330 1414 1431 1480 hlnroo
1443 1415 1563 1480 Aurelio
1583 1415 1724 1500 scriptum

177 1520 216 1585 nd
236 1519 395 1603 quemdem
414 1519 628 1585 Euxenlnnum.
651 1519 753 1586 Tanto
779 1518 821 1586 rei
843 1528 978 1599 nonest,
1007 1517 1123 1584 etiamsi
1142 1518 1256 1603 pagella
1277 1520 1492 1604 pessumdetur.
1516 1521 1578 1587 Neo
1597 1519 1725 1587 diffiteor

178 1624 299 1690 missam
324 1625 404 1691 illam
429 1625 542 1706 locere,
565 1627 591 1691 si
613 1625 651 1692 orl
678 1624 795 1692 strictos
820 1624 919 1709 apices
938 1639 1061 1708 urgeam
1084 1633 1245 1708 temporum
1272 1624 1411 1691 rationes.
1434 1625 1492 1692 Sed
1518 1625 1585 1710 quis
1611 1625 1727 1692 cladem

178 1729 358 1816 Ephesinam
378 1742 573 1816 ceteramque
587 1731 675 1817 hujus
688 1728 799 1815 periodi
814 1728 1012 1795 chronotaxim
1027 1729 1166 1795 irremote
1179 1729 1272 1796 limite
1286 1729 1528 1798 circumscribet?
1542 1731 1622 1811 Quin
1636 1730 1724 1796 immo

177 1835 278 1902 tlioere
297 1835 489 1918 omimium
509 1855 571 1903 rem
591 1853 734 1904 summum
754 1853 868 1902 mecum
888 1834 1052 1916 considero,
1068 1835 1179 1901 nullum
1201 1837 1274 1901 mihi
1290 1837 1438 1904 hominem
1451 1855 1524 1916 csse,
1540 1837 1615 1904 inter
1629 1855 1725 1921 quos-

177 1961 304 2028 cumque
324 1943 383 2012 ori
404 1946 559 2034 byzantini
581 1945 895 2030 bletophrsstos,·qui‚
916 1944 973 2010 nisi
993 1953 1113 2011 vetusta
1127 1946 1200 2010 Acte
1221 1953 1252 2010 et
1273 1945 1443 2013 authentica
1464 1965 1559 2030 grece
1575 1945 1725 2027 habuerit,

176 2069 213 2117 eo
223 2069 316 2136 usque
328 2052 457 2120 selumit
470 2053 582 2137 lingere
595 2053 701 2120 seriem
714 2072 810 2120 rerum
825 2063 985 2137 gesturum,
997 2053 1164 2134 excogitare
1177 2051 1373 2136 frequentium
1387 2052 1537 2119 hominum
1552 2051 1724 2136 insignium,

178 2175 197 2222 e
217 2157 337 2224 cerebro
357 2175 412 2223 suo
432 2159 566 2245 sculpere
584 2160 699 2246 copiam
718 2169 853 2227 veterum
875 2159 1036 2239 titulorum,
1052 2177 1119 2242 qum
1131 2166 1161 2224 et
1173 2177 1239 2225 cum
1257 2159 1373 2227 ceteris
1386 2161 1491 2244 gresch
1512 2160 1633 2247 optimae
1648 2167 1727 2225 notae

180 2263 377 2330 monumentis
400 2266 586 2351 conspirent,
612 2275 643 2332 et
665 2267 784 2352 insuper
808 2267 937 2351 potuerit
967 2266 1008 2349 (id
1034 2266 1185 2350 protracte
1209 2267 1335 2351 negabo)
1365 2287 1435 2338 ,cum
1461 2270 1535 2334 roris
1562 2266 1728 2332 consentire

180 2369 373 2454 scriptoribus
394 2371 505 2454 latinis,
522 2381 583 2439 toto
597 2374 711 2441 Orienti
724 2372 892 2457 incognitis.
908 2371 1005 2456 Urgao
1024 2371 1096 2438 illutl
1111 2375 1277 2456 argumenti
1292 2393 1395 2458 genum
1410 2383 1470 2440 mm
1492 2391 1546 2459 pro
1562 2373 1728 2440 hheroiona

180 2475 368 2563 metaphrasi,
389 2495 477 2566 quem
497 2497 550 2562 pro
571 2479 601 2544 S.
614 2481 737 2546 Artemii
757 2479 967 2546 Domeseeuica
987 2477 1119 2558 historia,
1135 2479 1166 2544 in
1181 2479 1373 2548 Bollnnhinno
1393 2481 1496 2548 eodem
1517 2479 1637 2548 octobre
1656 2497 1729 2546 ren-

184 2583 278 2665 sinu,
294 2593 325 2650 et
336 2601 390 2670 pro
403 2587 551 2652 sexcentis
564 2585 651 2652 medii
666 2588 725 2654 ori
738 2587 880 2668 historiis,
896 2603 971 2672 qous
984 2584 1188 2652 tillemontius
1202 2587 1345 2671 rumeins
1358 2586 1583 2668 schole,mnltis
1596 2584 1729 2652 scientias

180 2692 358 2776 antiquario
371 2692 514 2760 subsidiis
526 2693 676 2772 destitute,
690 2694 854 2781 petulanter
867 2691 1024 2774 comunis,
1039 2693 1255 2777 subvertitque.
1271 2693 1407 2778 Agedum
1427 2693 1589 2773 enimvero,
1610 2689 1729 2759 hhercii

182 2799 361 2885 biographus
382 2800 480 2880 relect,
500 2801 651 2883 Lucillam,
666 2801 757 2869 ilorci
779 2798 887 2866 Aurelii
902 2809 934 2866 et
946 2799 1096 2866 Faustinae
1110 2799 1213 2878 liliam,
1229 2809 1399 2884 sponsatam
1421 2801 1511 2866 luisse
1532 2798 1622 2866 Lucio
1636 2799 1722 2880 Vero,

178 2907 252 2974 dum
272 2906 299 2972 is
319 2907 351 2972 in
369 2905 491 2973 &mute
504 2925 571 2973 cum
585 2905 731 2990 Vologoso
744 2905 883 2973 Parthico
897 2904 1006 2972 bellum
1020 2914 1153 2988 gererem
1174 2915 1377 2992 statutumque
1396 2907 1495 2987 luisse,
1512 2916 1546 2972 ut
1566 2906 1727 2990 Ephesum,

185 3012 355 3098 nuptiarum
375 3029 483 3096 moso,
506 3013 708 3080 convenirent.
732 3014 753 3096 1)
778 3011 865 3094 Quod
884 3011 1004 3096 quidem
1026 3011 1120 3078 tetus
1141 3012 1236 3080 Julius
1256 3012 1459 3098 Capitolinus,
1482 3013 1514 3078 in
1533 3013 1633 3080 Murco
1653 3012 1677 3094 2)
1698 3021 1731 3077 et

183 3121 268 3203 lero,
290 3121 317 3203 8)
339 3120 512 3205 singillatim
531 3129 673 3190 recenset.
695 3118 834 3200 Additur,
857 3118 964 3184 tinus
986 3118 1077 3185 luisse
1096 3121 1227 3203 nuptias,
1249 3122 1287 3186 oh
1308 3120 1444 3204 inopinos
1464 3121 1679 3188 Germanorum
1699 3117 1730 3182 in

182 3229 257 3296 huss
279 3226 394 3312 imperii
409 3227 555 3294 incmsos.
571 3227 594 3309 ⁴)
610 3227 693 3308 Quos
707 3226 813 3292 iterum
827 3223 904 3293 dure
917 3223 1067 3308 significat
1080 3225 1189 3293 Julius:
1208 3227 1286 3292 Dum
1307 3227 1486 3308 Parthicum,
1503 3223 1607 3310 inquit,
1620 3223 1730 3290 bellum

184 3335 308 3419 geritur,
330 3343 432 3400 nntntn
452 3331 1008 3415 estllnrcomenicnm.⁵l1lehhcrcio
1029 3331 1153 3416 inquirit
1165 3351 1274 3418 preses
1292 3335 1378 3416 aule,
1390 3334 1581 3402 Cornelimus
1601 3331 1729 3414 nomine,

182 3442 232 3526 qui
252 3443 408 3510 aliusnon
430 3441 550 3508 videtur
570 3458 659 3525 quom
680 3438 809 3507 ectitius
830 3437 879 3504 ille
899 3438 1101 3520 Cornelianus,
1114 3440 1161 3506 cui
1176 3439 1362 3525 Phrynichus
1382 3457 1451 3506 sues
1471 3439 1582 3506 dicarit
1603 3438 1730 3522 Eclopos

183 3551 332 3616 abconsis
351 3543 512 3631 setoso,
527 3549 550 3630 6)
573 3566 659 3632 quem
681 3545 888 3614 Gruterionum
902 3563 1008 3612 saxum
1021 3555 1123 3612 servet
1134 3546 1324 3632 insculptum,
1340 3546 1380 3612 cle
1400 3563 1458 3630 quo
1478 3563 1536 3611 non
1554 3553 1632 3611 tanet
1652 3543 1728 3609 illem

184 3655 385 3740 Capitolinus:
404 3656 500 3722 «Fuit
512 3655 615 3734 etium,
631 3654 739 3739 iuquit,
756 3652 924 3719 Parthicum
940 3652 1056 3734 bellom,
1070 3655 1147 3737 quod
1161 3654 1327 3739 Vosegesus
1341 3666 1477 3739 paratum
1491 3655 1546 3720 sub
1561 3653 1624 3733 Pio,
1637 3652 1728 3719 blanci
1828 3706 1832 3712 ,

187 3763 318 3834 »otveri
330 3773 474 3848 tempore,
487 3762 607 3842 indixit,
620 3763 720 3846 lugeto
730 3751 845 3825 Atidio
858 3759 1038 3842 Corneliano,
1047 3760 1098 3845 qui
1111 3762 1225 3848 Syriam
1239 3772 1308 3830 tono
1318 3762 1576 3830 administrabat.»
1591 3759 1620 3842 ⁷)
1633 3762 1732 3826 huno

184 3887 251 3936 nani
267 3871 407 3938 hhercius
421 3871 529 3936 dicitnr
542 3869 715 3951 obtinuisse,
730 3866 889 3953 quotannis
903 3867 1030 3934 dandam
1044 3885 1080 3933 ex
1102 3869 1206 3934 erario
1217 3868 1335 3954 publico
1346 3869 1535 3954 paoperibus.
1551 3867 1659 3935 blisum
1673 3873 1730 3944 est,

182 3980 273 4044 etiam
292 3989 324 4044 et
344 3978 408 4063 ipse
428 3987 528 4064 stupet
548 3977 702 4058 Barouius,
725 3975 851 4060 idipsum
872 3972 931 4056 legi
951 3973 1159 4057 apudJulium
1180 3975 1396 4057 Capitolinum:
1418 3975 1491 4042 «Ob
1506 3973 1583 4040 hanc
1602 3972 1726 4051 scilicet,

186 4113 204 4148 s
215 4087 260 4152 nit
280 4084 341 4164 ille,
362 4085 532 4170 uoptiamm
552 4084 801 4168 conjunctionem,
824 4097 930 4166 pueros
950 4091 981 4148 et
1001 4081 1113 4164 puellos
1131 4101 1269 4147 nmmum
1282 4083 1427 4148 hminum
1449 4081 1646 4147 frumentariae
1665 4095 1731 4162 per·

186 4193 340 4276 scaptioni
361 4191 488 4273 ascribi,
510 4193 699 4275 imperatores
719 4197 962 4275 praeceperunt.»
985 4189 1045 4253 lios
1064 4205 1136 4254 vero
1156 4207 1244 4254 novos
1265 4191 1391 4254 homines
1411 4207 1476 4255 esse
1495 4196 1612 4252 nostros
1639 4183 1732 4250 Chri-

183 4298 305 4380 stianos,
332 4297 452 4364 lsnaom
475 4297 528 4364 ille
546 4297 737 4364 Caecubouus
757 4291 859 4361 contro
883 4293 1069 4375 salmasium,
1096 4295 1303 4380 cujuscumque
1322 4295 1364 4362 rei
1385 4297 1408 4378 ⁸)
1433 4293 1543 4361 ueteris
1560 4291 1729 4358 christiane

184 4404 395 4489 impatientem,
417 4405 512 4471 doctis
531 4403 698 4489 disputarit
720 4401 913 4487 argumentis.

224 4511 269 4578 Ne
288 4511 388 4579 omnio
409 4528 580 4597 persequar,
601 4510 682 4577 haud
701 4510 790 4578 etiam
811 4508 953 4576 noluerim
974 4508 1093 4575 omnino
1108 4528 1245 4593 respuere
1259 4510 1339 4595 ipsas
1351 4507 1463 4576 Aurelii
1485 4508 1600 4574 litteras
1619 4505 1658 4575 nd
1671 4506 1730 4572 biu-

222 4717 249 4793 1)
263 4719 327 4776 Act.
341 4735 369 4774 n.
379 4715 425 4774 20.
444 4745 477 4760 -
492 4717 517 4788 2)
529 4717 605 4773 Hist.
618 4727 731 4790 auquel.
752 4717 815 4772 Vita
828 4717 930 4783 Marci,
985 4719 1081 4782 tonino
1102 4717 1267 4789 prefectum
1288 4718 1376 4772 luisse
1397 4715 1502 4783 relect,
1522 4717 1616 4768 noster
1639 4717 1729 4782 sulem

184 4825 214 4879 p.
238 4805 299 4875 ltl,
314 4804 374 4862 172.
387 4835 424 4848 ·-·
437 4805 461 4872 3)
487 4807 550 4861 Vitas
570 4805 685 4876 Veri,p.
698 4801 760 4860 232.
777 4833 812 4846 -
826 4807 849 4869 4)
868 4805 930 4862 Act.
987 4806 1161 4878 Phrynichus
1178 4807 1294 4862 (iraeciae
1313 4822 1422 4878 quoque
1440 4804 1622 4876 praepositum
1643 4802 1730 4872 sinit,

184 4912 213 4951 n.
232 4893 280 4951 21.
300 4923 335 4939 -·
349 4893 374 4960 ⁵)
393 4895 436 4950 Ex
460 4894 652 4965 recognitione
671 4893 792 4962 Eresmi,
812 4910 841 4965 p.
864 4890 931 4960 166,
985 4911 1049 4950 oum
1068 4896 1103 4949 ab
1121 4893 1250 4966 epistolis
1267 4893 1466 4965 imporatorum
1486 4891 1526 4946 M.
1546 4891 1681 4947 Antonini
1703 4897 1733 4946 et

184 4984 284 5042 Colch.
308 4983 386 5054 1527,
405 4984 479 5059 epod
500 4981 627 5040 Bollend.
647 5000 677 5055 p.
695 4981 760 5038 509.
779 5013 814 5024 -
832 4983 857 5048 θ)
879 4982 932 5038 Lo-
986 4983 1065 5039 Lucii
1083 4984 1162 5051 Veri,
1182 4986 1214 5038 nt
1230 4981 1368 5054 suspicor,
1387 4983 1518 5054 primum,
1537 4980 1635 5035 deinde
1654 4996 1732 5052 qure-

184 5073 255 5130 beck
268 5075 302 5130 sd
322 5071 741 5146 Phryniehum,Lips.1820,p.
759 5071 801 5142 tl,
815 5074 932 5144 inpree-
986 5079 1046 5128 ntor
1064 5073 1137 5126 seori
1157 5070 1259 5126 Palatii
1285 5069 1374 5125 lectus
1400 5069 1535 5125 futsset.·
1557 5097 1591 5112 -
1611 5068 1635 5131 ⁷l
1655 5068 1730 5126 Huc.

185 5165 236 5218 fat.
257 5166 302 5220 Jo.
322 5166 471 5220 Nunnesii:
493 5164 585 5219 ·Eum
606 5164 694 5219 fuisse
712 5163 840 5234 suspicor
858 5164 934 5218 Alti-
987 5173 1101 5234 eoquat.
1128 5181 1156 5232 p.
1185 5158 1246 5226 168,
1269 5157 1330 5214 169.
1349 5189 1386 5202 -·
1405 5159 1430 5225 8)
1456 5160 1494 5215 cf.
1522 5157 1644 5213 Helloix.
1664 5156 1685 5210 Ι.
1711 5154 1731 5212 Ι.

184 5254 261 5308 dium
276 5253 471 5310 Cornelianum
484 5271 566 5326 quom
579 5252 754 5326 Capitolinos
772 5255 802 5306 in
816 5253 858 5308 M.
878 5257 934 5308 An·
987 5269 1017 5322 p.
1040 5250 1098 5306 123.
