3976 6078
905 661 1247 798 CLAVIS

655 935 873 1034 comant
908 933 1503 1032 cnarrononrnmue

998 1195 1154 1205 ..η’-...η-

409 1459 546 1542 Miletus,
571 1459 711 1522 tisianus
734 1461 896 1543 episcopua
918 1459 1002 1524 horse
1024 1457 1139 1522 librum
1162 1459 1269 1540 edidit,
1292 1477 1382 1543 qoem
1404 1464 1433 1521 ei
1455 1477 1592 1541 conspreto
1616 1458 1740 1520 norrrins

918 1587 1041 1632 onnvmr
1065 1567 1245 1651 appellarit.

1065 1817 1090 1881 1.

977 2013 1053 2094 [nn
1077 2010 1183 2096 onor

347 2207 375 2271 1.
390 2207 486 2288 Caput
494 2205 621 2286 Domini,
630 2208 699 2287 ipso
710 2203 868 2284 Divinitas,
881 2223 913 2268 eo
924 2203 1001 2288 qood
1012 2204 1187 2288 principium
1199 2215 1229 2269 et
1239 2212 1353 2270 creator
1364 2204 1404 2270 sit
1414 2203 1544 2269 omnium
1555 2222 1660 2270 rorum.
1672 2203 1705 2268 ln
1715 2201 1851 2269 Daniele.

345 2321 496 2407 neapoli
518 2321 634 2387 Domini
657 2321 787 2403 candidi,
810 2322 943 2406 eoquod
964 2323 1112 2406 Antiquus
1133 2322 1172 2387 sit
1192 2323 1317 2388 dierum.
1341 2323 1395 2388 Ubi
1416 2332 1445 2388 et
1466 2340 1565 2406 snpra.

346 2437 375 2502 3.
392 2438 476 2504 (lculi
497 2439 634 2517 Domini,
657 2439 798 2522 inspectio
819 2437 940 2515 divina,
961 2457 995 2503 oo
1016 2439 1095 2522 qnod
1116 2441 1213 2505 omnia
1234 2441 1354 2522 rideat,
1378 2443 1457 2507 sicul
1477 2451 1523 2508 est
1544 2440 1616 2506 illud
1639 2441 1668 2504 in
1689 2437 1851 2523 apostolo:

307 2554 413 2623 Omnia
433 2554 512 2620 enim
533 2553 612 2619 nuda
633 2563 663 2619 et
683 2563 784 2637 aperta
806 2563 877 2618 sunl
897 2553 991 2619 oculis
1011 2557 1085 2639 ojus.

349 2673 377 2740 l.
393 2672 544 2757 Palpebrae
564 2670 695 2752 Domini,
712 2671 827 2737 occulta
848 2681 878 2738 et
897 2671 1043 2756 spiritalia
1066 2673 1096 2736 in
1116 2673 1226 2740 divinis
1240 2674 1395 2759 praeceptis
1409 2675 1561 2759 mysteria.
1578 2673 1612 2740 ln
1627 2673 1756 2760 psalmo:
1779 2671 1853 2740 Pal-

307 2789 405 2874 pebraa
425 2790 488 2875 ojus
509 2790 703 2872 interrogant,
725 2788 781 2854 hoc
801 2798 856 2871 est,
880 2790 1006 2873 probant
1026 2789 1103 2856 lilios
1123 2791 1284 2859 hominum.

343 3016 417 3071 ldem
436 3015 495 3071 fere
513 3013 613 3072 titulus
625 3013 776 3071 rotemero
795 3014 901 3070 calamo
919 3015 1054 3088 praefixus
1107 3013 1855 3088 interfrequentissimalocamoxproier·enrls,utipse

308 3107 398 3164 codici
411 3107 623 3179 Argentinensi,
642 3106 689 3161 ubi
711 3107 803 3164 Clanis
815 3106 926 3177 incipit,
946 3104 1055 3160 scilicet
1108 3107 1146 3161 sit
1163 3106 1318 3178 emphatice
1337 3105 1419 3173 αὐτός,
1433 3105 1506 3160 idem
1524 3122 1556 3159 ao
1575 3107 1654 3176 μόνος,
1669 3123 1720 3177 pro
1740 3107 1798 3160 Dea
1810 3101 1855 3160 vel

310 3196 361 3252 iol.
380 3195 430 3251 143
443 3215 459 3251 a
473 3202 564 3267 tergo,
578 3197 608 3249 in
620 3196 693 3249 hunc
706 3195 827 3250 modum:
843 3196 956 3251 Miletus
970 3197 1055 3250 Asia·
1111 3197 1230 3264 Christo,
1245 3199 1277 3250 ut
1293 3194 1402 3268 pluries
1421 3195 1494 3267 apud
1513 3194 1639 3250 Melodos
1652 3195 1807 3249 notammus
1826 3194 1857 3248 in

310 3305 366 3343 nus
378 3293 521 3359 episcopus
535 3290 610 3342 lanne
624 3288 731 3342 librum
741 3287 838 3354 edidit,
852 3304 935 3357 quem
949 3287 1055 3341 librum
1109 3290 1183 3340 tomo
1196 3303 1290 3357 super.
1304 3303 1332 3357 p.
1347 3283 1405 3348 lle,
1418 3289 1475 3340 not.
1485 3283 1514 3350 7,
1525 3303 1554 3356 p.
1565 3282 1629 3352 326,
1643 3301 1670 3338 ιι.
1683 3283 1730 3352 22,
1743 3303 1772 3357 p.
1790 3281 1855 3353 329,

311 3381 457 3434 clarorum
468 3378 530 3446 (sic)
545 3377 706 3447 appellauit,
718 3377 838 3447 proutin
852 3374 997 3429 simillimo
1009 3390 1055 3427 re·
1109 3391 1137 3429 ιι.
1158 3372 1183 3444 3,
1196 3394 1225 3448 p.
1244 3373 1307 3444 tlt,
1322 3393 1351 3428 n.
1368 3373 1418 3428 116
1437 3379 1491 3429 etc.
1506 3373 1576 3428 Sana
1595 3371 1639 3426 vel
1658 3378 1717 3444 ipse
1736 3372 1778 3426 rel
1792 3377 1856 3442 ipsa

312 3467 403 3522 fertur
421 3464 524 3521 tabells
538 3465 682 3537 graphica,
696 3463 730 3518 sd
743 3464 848 3519 calcem
866 3465 933 3518 tomi
947 3479 967 3518 ιι
988 3464 1053 3534 Spl-
1108 3463 1155 3517 hic
1175 3479 1229 3516 non
1248 3463 1303 3517 dici
1324 3468 1438 3530 temere,
1457 3461 1546 3517 altero
1564 3461 1708 3518 Melitonis
1730 3461 1857 3533 exemplo

311 3559 406 3629 ellepii
420 3557 615 3622 Solesmensis,
629 3555 676 3610 ubi
689 3557 748 3608 tum
761 3555 909 3625 scripturas
922 3569 1055 3624 compen·
1110 3553 1256 3619 evincitur,
1270 3551 1344 3606 inira
1363 3569 1392 3606 rx
1410 3555 1438 3617 ἓ.
1458 3551 1488 3620 2,
1502 3569 1531 3607 ιι.
1544 3549 1591 3619 28,
1611 3554 1640 3606 in
1658 3551 1775 3623 egregia
1795 3552 1858 3605 lor·

311 3645 357 3699 lio
369 3644 527 3715 concipitur
539 3642 665 3715 sphalma
678 3644 835 3710 clavorum,
850 3647 908 3697 tum
918 3640 1055 3697 linearum
1109 3641 1194 3697 mula:
1214 3643 1311 3698 rlltare
1329 3659 1461 3712 aureum,
1474 3647 1537 3713 ipsa
1557 3645 1713 3710 Divinitas,·
1728 3644 1813 3697 immo
1826 3645 1855 3696 et

312 3733 434 3788 sectione
446 3733 558 3787 brevior
570 3733 734 3804 epigraphe.
751 3762 783 3774 -
796 3732 860 3785 lnde
873 3733 923 3785 snb
936 3729 1019 3802 siglis
1032 3736 1055 3786 Α
1109 3733 1193 3788 tertio
1212 3732 1284 3787 haud
1302 3733 1395 3788 minus
1413 3734 1531 3804 insigni,
1543 3749 1573 3802 ιι,
1587 3737 1614 3799 §-
1628 3731 1656 3804 2,
1675 3731 1720 3787 62:
1742 3733 1851 3787 Falsa...

313 3819 571 3898 (Argentinsnsis),
588 3823 609 3878 tr
629 3815 889 3895 (ctaromontanurl
910 3821 989 3874 ambo
1008 3837 1057 3874 co·
1110 3827 1172 3892 ipsa
1192 3825 1334 3877 Divinitas
1347 3824 1576 3892 circumplectens
1589 3827 1685 3877 omnia
1703 3833 1787 3893 atque
1806 3823 1855 3877 tli-

311 3914 388 3967 dices
406 3915 548 3965 notantur.
569 3909 725 3982 Aliquando
745 3909 838 3964 littera
858 3910 880 3964 Ο
899 3911 1056 3981 signabitur
1102 3915 1251 3984 judicans.
1263 3911 1341 3966 —ln
1355 3913 1495 3967 Danihelo
1509 3912 1538 3982 C,
1554 3913 1692 3967 Danihelo
1705 3915 1740 3980 Α,
1756 3917 1857 3966 neuma

313 4002 471 4057 Oxonlense
482 4000 674 4073 apographum
688 4016 723 4054 ex
736 3998 947 4055 claromontano
959 3998 1057 4053 indili·
1110 4005 1279 4069 constanter,
1293 4015 1374 4073 quam
1387 4001 1542 4055 barbariem
1553 4000 1688 4055 lubricam
1708 4018 1781 4054 nuno
1795 4016 1857 4058 ser·

313 4094 412 4160 genter
430 4087 611 4161 descriptum.
627 4089 772 4161 (lpaginae
785 4106 880 4144 ornnes
894 4090 922 4142 in
937 4091 1056 4144 uncinu—
1111 4108 1175 4144 vars
1195 4095 1243 4146 aut
1262 4095 1359 4145 notare
1377 4090 1467 4162 piget.
1489 4091 1557 4145 Dan.
1578 4105 1627 4158 var,
1646 4089 1674 4159 9,
1697 4087 1739 4159 13,
1756 4089 1802 4144 22.

312 4179 348 4234 lis
367 4180 560 4252 designantur.
580 4179 717 4236 Similiter·
741 4180 921 4235 includuntur
940 4180 1057 4252 paucula
1144 4180 1172 4235 2.
1194 4181 1236 4236 Cf.
1257 4182 1344 4252 Apoe.
1364 4199 1382 4249 r,
1404 4178 1446 4234 lt.

313 4270 452 4345 suppleta.
469 4273 556 4326 Notas
570 4270 646 4326 refer·
656 4271 690 4325 ad
704 4272 863 4343 superiores
876 4288 1014 4326 numeros.
1146 4267 1174 4324 3.
1194 4271 1278 4324 Hebr.
1292 4287 1330 4340 ιι,
1348 4268 1389 4324 13.
1404 4303 1439 4310 —
1453 4273 1556 4327 Omnia
1568 4281 1663 4327 aarum
1676 4270 1759 4342 Vulg.
1774 4272 1856 4325 Innu-

349 4362 370 4416 1.
384 4363 507 4434 Uterque
520 4363 555 4428 A,
571 4361 591 4415 C
603 4361 705 4433 incipit
716 4363 776 4416 sine
788 4360 846 4416 ullo
859 4362 942 4434 primi
955 4363 1058 4433 ospitis
1111 4377 1194 4416 marm
1208 4361 1236 4414 id
1250 4378 1338 4432 genus
1353 4362 1502 4416 varietates
1515 4362 1695 4433 interpretem
1714 4360 1786 4434 apud
1807 4377 1857 4416 nos

313 4451 406 4519 tilulo,
426 4452 474 4506 sed
493 4451 523 4504 in
543 4451 563 4506 G
581 4451 672 4523 prima
691 4451 775 4506 verba
793 4452 886 4506 rubris
902 4451 1058 4507 uncialibus
1111 4453 1233 4522 produnt
1250 4451 1379 4519 liberum,
1396 4455 1424 4506 st
1436 4467 1452 4505 a
1465 4471 1509 4523 gr.
1526 4458 1602 4506 recte
1621 4451 1855 4523 proticiscentem.

313 4541 492 4607 adornantur,
506 4543 579 4596 sicut
597 4541 706 4614 adjecta
724 4541 757 4595 ad
776 4541 880 4597 calcem
894 4543 978 4615 hujus
991 4545 1058 4599 tomi
1148 4540 1175 4596 4.
1193 4543 1239 4596 Ps.
1255 4558 1284 4610 x,
1298 4538 1326 4609 t,
1339 4541 1424 4612 Vulg.
1438 4540 1465 4596 5.
1481 4543 1583 4596 Nolalu
1596 4541 1790 4613 dignissimum
1805 4545 1859 4606 est,

313 4629 416 4684 tabella
434 4630 524 4686 oculis
537 4633 660 4704 subjicit.
675 4632 766 4688 Unum
780 4632 932 4688 alterumve
945 4632 1058 4688 titulum
1112 4632 1142 4686 in
1162 4632 1181 4687 (l
1200 4631 1287 4686 fuisse
1306 4632 1397 4703 prima
1414 4648 1496 4686 manu
1521 4641 1549 4686 et
1572 4637 1636 4687 ante
1654 4636 1775 4687 vetarem
1793 4649 1858 4687 eor·

314 4724 342 4774 et
360 4736 489 4776 numeros
514 4720 636 4792 singulis
661 4720 790 4776 formulis
813 4723 1004 4795 praefigimus,
1024 4739 1059 4778 ne
1113 4722 1267 4778 rectionem
1291 4723 1443 4794 scriptum:
1471 4728 1628 4796 interropat
1652 4727 1681 4778 a.
1701 4743 1728 4778 e.
1745 4725 1858 4794 probat,

309 4813 442 4882 junctura
460 4828 553 4865 rorum
573 4815 621 4865 aut
639 4811 747 4866 lucidus
766 4813 833 4867 ordo
852 4813 1034 4868 desideretur.
1112 4827 1229 4882 prorsus
1248 4810 1344 4866 eodem
1363 4812 1442 4868 modo
1462 4829 1543 4885 quam
1564 4831 1670 4885 graece:
1694 4819 1726 4865 τὰ
1747 4813 1860 4886 βλέφαρα

353 4899 378 4955 l.
390 4901 451 4971 lpse
463 4901 604 4956 Divinitas
614 4900 644 4968 C,
658 4901 703 4955 cui
716 4902 894 4958 consentiunt
907 4903 964 4957 bini
979 4904 1057 4958 codd.
1114 4901 1187 4953 αὐτοῦ
1209 4900 1323 4968 ἐξετάζω,
1338 4919 1425 4974 neque
1444 4904 1527 4958 aliter
1546 4905 1644 4958 scribit
1664 4903 1815 4973 Adrianus,
1830 4909 1859 4958 ln

312 4987 504 5061 Theodulphi,
524 4989 696 5044 Mesmianus
719 4994 748 5043 et
770 4992 939 5046 Aniciensis.
961 4993 1061 5048 Videat
1114 4993 1232 5063 Isagoge
1250 4995 1385 5063 cap.1ab
1404 4995 1495 5062 initio,
1512 4995 1624 5050 Clas-ern
1636 4994 1725 5065 ipsam
1739 5009 1861 5065 graecam

312 5080 435 5152 diligens
459 5078 564 5149 lector,
584 5084 676 5136 ulrum
696 5081 741 5134 hic
767 5086 874 5137 tantum
899 5083 938 5137 sil
959 5081 1060 5137 calami
1115 5081 1274 5138 subuculis
1294 5082 1408 5139 habens.
1423 5083 1481 5148 Quo
1496 5082 1606 5155 quidem
1618 5081 1782 5136 hellenismo
1796 5098 1862 5154 pas·

312 5171 410 5245 lapsus
424 5171 452 5224 in
466 5169 602 5239 librariis,
616 5173 662 5243 qui
676 5173 771 5238 statim
784 5174 816 5226 ab
831 5174 912 5228 initio
926 5191 958 5227 eo
975 5190 1060 5245 usque
1114 5174 1168 5227 sim
1195 5179 1374 5239 occurrente,
1396 5174 1482 5245 graeci
1502 5173 1647 5248 archetypi
1671 5175 1779 5246 prostat
1799 5172 1862 5224 ine-

311 5260 468 5338 ineptiant,
488 5277 523 5316 sn
542 5279 606 5318 sero
626 5263 711 5319 lateat
728 5263 836 5336 primus
862 5262 1056 5332 hellenismus,
1114 5262 1247 5318 luclablle
1265 5265 1466 5321 testimonium.
