4038 6088
858 455 983 522 count
1003 453 1090 522 SHG.
1113 457 1152 525 Vl

1717 463 1776 527 aas

233 607 392 674 carnalitas
400 625 410 689 ;
425 609 540 692 quina,
556 608 749 676 infructuosa.
765 609 876 676 Horum
890 626 962 679 vem
975 609 1128 695 lampades
1140 611 1366 694 extinguuntur,
1381 610 1450 695 quia
1465 611 1561 681 oleum
1574 631 1634 680 non
1654 614 1775 696 babent,

232 715 262 782 id
283 725 330 782 est
347 715 510 799 spiritalem
530 716 668 799 gratiam.

417 934 490 982 taur.
513 933 663 983 SECUNDUM
682 933 787 983 tuum.

271 1095 345 1162 LXI.
362 1095 470 1161 interr.
486 1095 545 1177 Qui
561 1094 602 1159 illi
618 1104 698 1176 sunt,
711 1097 761 1178 qul
777 1095 976 1180 inScripturls

231 1185 340 1250 sanctis
360 1185 478 1250 nomina
496 1184 528 1268 [l.
545 1185 629 1266 llllil,
645 1194 802 1269 antequam
822 1203 977 1251 nasceren-

232 1283 289 1351 tur,
313 1275 513 1358 acceperunt?

270 1363 360 1448 Hesp.
383 1363 418 1428 ln
439 1382 517 1429 novo
537 1364 737 1443 Testamenta,
754 1373 859 1447 prater
873 1363 976 1429 Salva-

232 1459 323 1517 torem
345 1451 471 1534 legimus
491 1453 587 1519 solum
615 1452 780 1536 baptistam
799 1452 974 1518 iohannem.

230 1539 266 1606 ln
280 1541 376 1608 veteri
390 1561 462 1608 vero
476 1554 617 1626 quattuor
631 1551 715 1607 sunt:
732 1541 824 1618 Isaac,
836 1541 973 1620 ismahel,

232 1631 379 1712 Salomon,
393 1633 441 1697 vel
457 1637 480 1712 ¹)
494 1633 601 1710 iosias,
615 1631 665 1715 qui
676 1643 743 1698 ortu
752 1633 912 1700 videantur
922 1633 976 1717 ju-

231 1738 747 1893 ntprgsssesjgutptrrsrffiftgrgpemm
762 1815 786 1891 ¹)
800 1811 903 1876 matris
918 1810 977 1876 Do-

231 1899 314 1976 mini,
326 1900 472 1983 quomodo
482 1901 640 1981 iohannes,
652 1900 749 1966 adbuc
758 1919 847 1967 sensu
859 1917 974 1980 carens,

230 1989 262 2054 in
283 1997 365 2054 utero
384 1990 492 2075 poterit
512 1990 642 2056 exultare
661 1990 818 2056 materno?

273 2077 362 2163 Hesp.
384 2081 445 2144 Aut
459 2079 560 2144 matris
574 2084 598 2159 8)
612 2080 707 2162 magis
722 2098 821 2159 sensu,
838 2079 886 2144 vel
903 2097 976 2160 gau·

232 2167 291 2248 dio,
301 2185 319 2232 a
331 2168 507 2253 quibusdam
519 2169 627 2234 lactum
637 2170 833 2249 existimatur,
846 2179 878 2248 ut
888 2171 975 2236 etlam

1029 919 1218 986 interioribus
1232 920 1329 986 latent
1342 925 1367 1001 4)
1382 921 1515 987 exultare
1525 921 1701 989 visceribus.
1716 928 1777 992 Aut

1029 1021 1107 1076 certe
1123 1009 1158 1090 [si
1173 1009 1229 1075 boc
1242 1011 1279 1076 ad
1292 1010 1468 1093 iohannem]
1481 1012 1580 1094 potius
1596 1013 1697 1079 reterri
1712 1015 1776 1096 pla-

1029 1108 1093 1177 cet,
1115 1099 1193 1164 inter
1214 1099 1317 1164 divina
1338 1100 1536 1184 reputandum
1563 1113 1625 1182 est,
1648 1103 1725 1168 sicut
1745 1114 1776 1172 et

1029 1187 1119 1253 illud:
1143 1205 1201 1253 vor
1226 1187 1318 1253 asinas
1345 1189 1376 1253 in
1401 1207 1505 1256 senum
1532 1195 1675 1257 mannonis
1702 1211 1775 1259 eru-

1029 1277 1075 1360 pit
1088 1279 1124 1354 Β).

1068 1363 1171 1429 txttl.
1184 1362 1290 1428 luam.
1303 1366 1494 1447 Quomodoin
1503 1367 1579 1432 Luco
1592 1368 1700 1433 latroni
1710 1369 1776 1433 Sal-

1029 1464 1115 1518 vator
1128 1455 1213 1518 dlcit:
1231 1453 1326 1519 Hodie
1340 1474 1449 1520 maana
1462 1458 1518 1520 eres
1531 1459 1562 1522 in
1576 1457 1722 1523 Peredise
1736 1463 1774 1538 θ),

1029 1562 1095 1608 cum
1110 1544 1213 1627 utique
1226 1541 1275 1609 dle
1296 1544 1347 1609 illo
1361 1545 1520 1610 secundum
1535 1544 1694 1627 hominem,
1714 1565 1776 1611 cor·

1029 1649 1099 1715 pare
1119 1633 1150 1695 in
1172 1641 1259 1711 term,
1282 1632 1381 1698 anima
1402 1634 1481 1718 apud
1504 1634 1613 1700 inferos
1634 1636 1745 1701 luerlt‘l

1069 1719 1159 1803 Hesp.
1172 1719 1274 1784 Potest
1288 1719 1335 1784 bic
1348 1738 1401 1803 pro
1412 1720 1553 1787 Paradiso
1563 1723 1657 1806 accipi
1672 1725 1774 1805 [locus]

1030 1810 1079 1876 ubi
1101 1809 1251 1874 Abraham
1278 1828 1345 1874 cum
1372 1810 1481 1876 Lamro
1503 1816 1527 1891 ⁷)
1555 1829 1620 1878 esse
1640 1812 1778 1879 Salvator

1029 1900 1169 1966 ostendit.
1196 1903 1258 1966 Aut
1283 1910 1363 1965 certe
1389 1900 1429 1964 ita
1458 1899 1691 1984 intellegendum
1716 1911 1774 1983 est,

1029 1991 1107 2074 quod
1128 1991 1204 2056 hanc
1218 1990 1439 2074 promissionem
1455 1991 1595 2056 Dominus
1613 1993 1775 2059 seeundum

1028 2079 1163 2146 ellectum
1184 2079 1296 2144 divium
1323 2080 1475 2160 potestatis
1498 2080 1682 2162 impleverit,
1706 2083 1776 2165 quia

1028 2170 1139 2253 ubique
1159 2169 1252 2234 Deum
1272 2185 1348 2248 esse,
1371 2167 1552 2234 nascendum
1568 2177 1626 2234 est.

272 2377 388 2444 Lllllll.
411 2377 516 2444 Interr.
539 2379 683 2448 Nascetur
696 2384 739 2462 ⁸),
763 2380 876 2466 inquit,
901 2382 953 2446 tili
971 2383 1057 2466 fitius,
1078 2387 1105 2446 et
1124 2380 1242 2445 saedis
1265 2396 1367 2444 nomeu
1387 2381 1450 2463 ejus
1473 2378 1623 2463 debanna,
1647 2384 1779 2450 etmulti

230 2503 316 2569 seper
335 2487 483 2551 nadntate
503 2490 567 2571 ejus
587 2488 758 2572 pendebam,
780 2490 881 2554 vinum
901 2495 929 2554 et
946 2492 1068 2554 niceam
1088 2508 1146 2553 nvn
1166 2487 1249 2552 bibet.

269 2592 359 2677 Hesp.
383 2592 490 2661 Vinum
510 2595 590 2678 quod
610 2593 758 2661 lohannes
778 2594 879 2660 bibere
899 2593 1087 2679 prehibetur,
1109 2593 1224 2659 luxuria
1252 2593 1443 2678 intellegitur.
1469 2593 1568 2662 Sicera
1588 2603 1687 2664 autem
1717 2601 1775 2684 [ex]

231 2700 359 2767 dactulls
379 2718 483 2765 succus
503 2709 558 2779 est,
578 2702 629 2786 qui
651 2720 708 2767 non
729 2701 810 2769 aliud
831 2720 920 2786 quarn
934 2702 1032 2768 carnis
1046 2701 1229 2778 dulcedinem
1242 2700 1351 2767 babere
1365 2699 1565 2783 intellegitur,
1585 2702 1708 2785 proinde
1723 2706 1778 2771 hoc

231 2828 325 2892 genus
346 2809 447 2894 pracvl
466 2810 616 2893 spiritales
638 2811 759 2894 effugat.

270 2915 358 2986 txv.
381 2915 487 2982 Interr.
514 2917 545 2997 [l.
564 2918 633 3000 lllll]
653 2918 818 3001 Suscipierts
832 2922 868 2999 ⁹),
885 2917 991 3002 inquit,
1009 2917 1153 2982 Homines
1167 2916 1268 2981 Ilaesrrs
1281 2918 1340 2980 ait:
1355 2915 1452 2981 Homo
1466 2914 1583 3000 puidam
1597 2915 1780 2981 Menedemi

231 3023 269 3090 ab
290 3023 473 3089 Hierusalem
493 3025 523 3088 in
543 3023 690 3104 Hiericho,
713 3032 741 3089 ct
758 3023 859 3088 incidit
876 3025 906 3088 in
928 3023 1062 3101 tonans,
1077 3027 1127 3106 qvi
1148 3022 1378 3105 despoliaverunt
1395 3041 1469 3106 mm,
1484 3028 1511 3086 et
1529 3022 1625 3108 plagis
1645 3024 1776 3106 inpositus

230 3131 416 3214 relinquentes
436 3131 527 3212 illurn,
549 3131 692 3196 atinent.
717 3131 840 3210 Quidam
859 3137 954 3196 annua
974 3132 1105 3198 rmntios
1125 3130 1307 3197 descendebat
1323 3131 1403 3196 viam
1424 3131 1516 3209 illem,
1535 3137 1563 3195 et
1581 3150 1645 3194 cura
1663 3131 1779 3196 vidisset

134 3293 137 3298 .
230 3237 326 3317 illam,
346 3238 503 3321 praeteriit,
527 3236 667 3302 Similiter
686 3244 714 3302 et
732 3236 852 3316 Levites,
873 3256 937 3302 evm
957 3237 1072 3302 vidisset
1090 3237 1181 3320 illum,
1205 3243 1399 3320 compescas
1419 3242 1470 3301 est.
1489 3237 1696 3303 Samaritanus
1709 3255 1775 3302 vero

232 3344 286 3408 iter
304 3343 444 3427 sanebut:
464 3343 575 3409 venien
595 3349 623 3407 et
641 3343 735 3408 videns
755 3362 829 3426 mm,
851 3345 983 3408 ranerius
1001 3351 1043 3408 est
1063 3342 1116 3423 illi,
1138 3353 1168 3407 et
1187 3342 1315 3408 caetera‘l

269 3449 360 3536 Hesp.
381 3449 567 3516 Hierusalem
587 3449 665 3517 visio
680 3451 761 3533 pacis
776 3449 986 3533 interpretatur
1002 3454 1057 3530 ¹⁰);
1074 3447 1210 3514 Hiericho
1225 3459 1324 3515 autem
1343 3448 1481 3515 sardum
1495 3457 1553 3516 est.
1569 3451 1664 3517 Homo
1677 3458 1777 3519 autem

231 3561 282 3646 qui
303 3561 503 3628 descendebat
523 3562 561 3627 ab
581 3560 765 3634 Hierusalem
785 3560 816 3626 in
837 3556 990 3637 Hiericho,
1009 3557 1106 3623 Adam
1125 3565 1188 3639 est,
1211 3557 1263 3641 qui
1290 3556 1434 3642 projectus
1461 3566 1545 3622 esta
1572 3556 1646 3640 lacis
1668 3557 1723 3622 Dei
1745 3557 1776 3622 in

230 3670 348 3749 saecvlo,
370 3678 402 3735 et
421 3668 554 3735 incidens
575 3669 606 3734 in
626 3670 767 3750 latrones,
789 3668 820 3733 id
840 3676 886 3733 eet
907 3667 938 3731 in
958 3666 1094 3745 Diabolo,
1114 3667 1166 3750 qvi
1186 3683 1253 3732 eum
1273 3663 1462 3747 despoliavit,
1484 3673 1516 3728 et
1535 3663 1640 3748 plagas
1660 3661 1704 3728 illi
1726 3663 1777 3727 in-

232 3777 308 3857 fixit,
330 3777 385 3842 hac
405 3786 450 3843 est
471 3777 548 3860 quod
570 3776 773 3843 indumentum
797 3775 1049 3858 [immortalitatis
1071 3774 1113 3838 illi
1135 3774 1267 3852 abstulit,
1282 3781 1312 3839 et
1326 3782 1447 3857 peccata
1468 3773 1570 3837 mortis
1591 3772 1699 3856 injecit.
1716 3771 1776 3837 Sa-

230 3887 376 3952 cerdotem
396 3895 498 3951 autem
518 3895 548 3951 et
568 3885 720 3966 Levitam,
742 3885 867 3969 Moysen
893 3892 925 3949 et
945 3886 1042 3950 aaran
1062 3883 1277 3965 intellegimus,
1297 3880 1347 3965 qui
1369 3880 1465 3945 Adam
1486 3880 1630 3958 vulnera,
1653 3877 1709 3944 hoc
1732 3887 1778 3944 est

230 3993 364 4074 gentium
384 4000 503 4076 peccata
524 4009 584 4056 non
605 4000 792 4057 curaverunt.
815 3989 1032 4055 samaritanum
1051 3990 1132 4055 enlm
1152 3988 1270 4054 lbeaum
1291 3987 1383 4067 diclt;
1405 3985 1469 4070 ipse
1489 3987 1568 4050 enim
1588 3985 1693 4068 plagas
1712 3984 1777 4068 ejus

230 4101 356 4181 curavit,
379 4099 435 4166 hoo
454 4108 500 4166 est
518 4099 646 4167 vulnera
667 4108 766 4166 nostra
780 4099 909 4165 sanavit.
926 4097 1034 4167 Vinum
1056 4106 1086 4163 et
1106 4097 1203 4164 oleum
1223 4091 1415 4174 inlundendo,
1437 4091 1468 4158 id
1488 4100 1534 4157 est
1554 4089 1709 4173 carminis
1728 4089 1775 4156 sui

231 4329 420 4402 cipriantia...
434 4329 527 4385 obiam
539 4327 674 4382 iterum...
687 4327 763 4399 quod
771 4326 916 4384 sidiarii...
929 4332 977 4385 in·
1067 4325 1165 4383 LXIV.
1182 4329 1204 4390 Β)
1216 4324 1313 4392 Luc.1‚
1325 4321 1368 4392 13,
1380 4321 1423 4392 tt,
1436 4321 1478 4376 15.
1486 4327 1627 4390 nascitur,
1635 4321 1773 4393 inquid...

229 4417 395 4490 sedulitas...
416 4421 484 4488 quic
503 4419 588 4472 obum
606 4417 647 4470 sic
668 4415 698 4473 O.
1031 4419 1175 4472 vocavis...
1189 4431 1249 4469 non
1262 4415 1363 4469 bibit...
1378 4412 1455 4484 qnod
1467 4411 1639 4467 iohannis...
1654 4426 1774 4465 sucus...

268 4505 339 4562 LXI.
359 4524 414 4563 sec.
434 4508 524 4563 Luca.
541 4537 573 4548 -
590 4510 611 4573 1)
624 4508 698 4562 Note
710 4507 754 4563 vel
771 4524 822 4579 pro
835 4518 870 4576 et,
884 4507 913 4561 in
925 4522 975 4560 vc·
1027 4505 1235 4562 dulcidinem„
1247 4503 1345 4573 procot
1363 4501 1522 4571 ispiritalis.

230 4593 296 4662 teri,
316 4609 366 4649 nee
385 4595 453 4649 trito
472 4592 635 4666 exemplo...
655 4605 724 4650 orto.
1063 4595 1149 4650 LXV.
1170 4596 1193 4666 9)
1212 4592 1278 4649 Luc.
1299 4609 1334 4661 x,
1354 4589 1450 4645 30-33.
1470 4619 1505 4631 -
1523 4589 1706 4658 Haruspices,
1726 4589 1776 4642 in-

267 4681 348 4738 LXll.
365 4690 388 4750 ς)
402 4683 470 4738 Luc.
484 4699 505 4750 1,
518 4683 563 4740 44.
576 4715 609 4726 -
620 4685 686 4740 fort.
697 4685 733 4740 In
745 4687 878 4757 adventu,
891 4685 974 4742 etiarn
1028 4687 1133 4757 qnid...
1154 4682 1334 4739 discendebat
1352 4681 1430 4736 bia...
1447 4679 1705 4748 dispoliaverunt...
1721 4677 1774 4731 lta-

231 4771 340 4828 rublsta
352 4773 585 4845 praepositione...
600 4773 739 4830 Jolrennis
752 4791 829 4848 saepe
842 4775 871 4828 in
884 4775 974 4831 nomi·
1029 4775 1174 4828 bienni...
1188 4771 1334 4838 sacerdus,
1348 4774 1379 4824 ut
1395 4769 1551 4840 saepissimo
1570 4763 1776 4820 Pantatauehus
1805 4805 1806 4810 κ

230 4867 289 4918 nat.
303 4891 337 4902 —
351 4866 374 4927 ι)
388 4861 448 4917 Hac
462 4860 482 4916 f.
498 4860 562 4932 legs
579 4879 631 4934 pro
646 4872 697 4918 eut
714 4863 775 4918 cod.
790 4893 820 4904 -
837 4868 861 4929 ⁴)
880 4867 977 4938 tatuit
1028 4862 1275 4933 Lugdunensis...
1294 4860 1407 4916 vidissit
1431 4859 1490 4911 bis.
1502 4895 1526 4912 ..
1545 4855 1697 4926 manmit.
1707 4889 1714 4905 .
1724 4892 1731 4907 .
1741 4882 1773 4896 -

230 4969 285 5007 non
310 4959 352 5008 art
371 4955 432 5007 alne
451 4953 578 5024 exemplo
601 4954 629 5011 in
654 4953 888 5025 cantabrigiensi.
908 4955 976 5009 Mox
1030 4955 1065 5018 ¹⁰)
1086 4957 1309 5023 interpraetatur
1327 4965 1488 5020 semper...
1507 4947 1609 4999 iterum
1628 4941 1775 4998 discende-

232 5045 314 5118 plara
333 5061 387 5099 om.
408 5059 535 5115 praeceps
553 5041 696 5097 librarius.
716 5071 748 5082 -
764 5046 787 5106 ³)
807 5043 888 5098 Num.
909 5059 974 5098 xxv.
1031 5046 1109 5099 lect...
1130 5042 1278 5098 Hierico...
1299 5056 1317 5092 a
1342 5041 1482 5110 faciae...
1503 5034 1708 5104 dispoliavit...
1728 5035 1776 5087 in-

270 5134 366 5190 LXlll.
382 5138 405 5199 ⁶)
426 5133 492 5188 Luc.
512 5147 592 5202 xxrrr,
611 5130 655 5186 43.
670 5133 804 5190 bedae...
824 5133 921 5188 diae...
941 5163 976 5174 -
1028 5118 1776 5206 secumdum...ctrnmmersapramenrem.-1n
1832 5141 1834 5144 ·

231 5227 254 5294 ⁷)
274 5227 449 5285 Eleazaro...
470 5227 548 5302 paud
566 5227 650 5282 banc.
1030 5224 1086 5279 tina
1104 5240 1155 5294 pro
1174 5226 1270 5293 imque
1288 5218 1384 5276 malim
1403 5221 1443 5272 ite
1462 5233 1491 5270 se
1509 5217 1559 5270 ait.
