4038 6088
169 537 171 544 Ι
262 438 319 506 tto
780 388 1092 508 rusrnucrrouun
1114 441 1294 509 nucnaau

302 588 344 652 lix
359 587 406 653 his
420 589 589 655 Graecorum
603 583 772 656 nationibus
786 589 910 684 extitere
927 590 1009 676 quia
1063 589 1120 654 has.
1143 590 1236 657 lidem
1265 601 1296 656 ct
1311 591 1467 657 sarracini
1494 610 1512 658 a
1540 594 1639 660 Sarra.
1662 563 1755 663 iidem
1784 606 1816 663 et

261 697 378 764 Thauro
392 705 492 762 monte
506 697 625 779 as[que]
642 695 681 761 ad
691 695 911 762 Occidentalcm
920 699 1012 762 Ocea·
1063 698 1211 782 hpgcreni
1232 700 1271 764 ah
1291 702 1382 782 Agar.

261 823 333 869 num
347 805 377 884 [i.
392 805 442 883 73]
458 802 633 867 maritimam
647 819 726 866 oram
744 807 767 880 ¹)
778 810 1008 885 occupaverunt:
1102 811 1281 872 Nabataeis
1297 805 1415 871 Naheth
1428 804 1489 871 lilio
1501 807 1653 874 ismahelis
1666 811 1814 894 appellati,

261 913 306 978 hae
317 929 418 978 omnes
429 921 535 993 gentes
547 911 584 976 de
594 911 702 992 laphet
712 911 805 995 stirpe
815 911 1007 976 descendunt.
1062 911 1112 992 qui
1126 911 1163 974 ah
1179 911 1319 976 Eufraten
1332 912 1370 978 ad
1384 911 1466 979 liare
1480 913 1599 980 rubrum
1613 917 1813 1000 porriguntur.

303 1024 393 1098 Oinoa,
413 1016 574 1102 AEthiopia.
1105 1021 1269 1096 Ohanmmi,
1280 1019 1420 1104 appellati
1431 1021 1468 1086 dc
1479 1019 1621 1103 Chanam,
1634 1023 1694 1089 lilio
1706 1026 1812 1092 cuam:

217 1195 219 1198 ,
300 1133 489 1205 Moostroim,
511 1124 657 1209 AEgiptus.
1064 1124 1167 1194 horum
1183 1134 1286 1191 terram
1307 1124 1403 1206 Judei,
1427 1127 1556 1210 expulsis
1577 1129 1691 1209 incolis,
1714 1149 1815 1214 possc-

302 1237 440 1310 Ooahrim,
453 1233 502 1315 qui
519 1241 619 1315 postea
633 1232 790 1313 Philistim,
812 1251 890 1298 nuuc
904 1232 1011 1298 Palas·
1064 1231 1181 1296 derunt.
1194 1231 1231 1296 lli
1246 1249 1348 1298 omnes
1360 1232 1397 1298 de
1409 1233 1525 1313 origine
1540 1240 1564 1314 ἰ
1575 1235 1667 1301 Gham
1678 1238 1813 1305 ueniunt.

215 1407 221 1416 ,
262 1340 331 1420 tini;
346 1339 435 1405 iidem
446 1348 545 1404 tamen
556 1338 749 1423 ethllophili,
762 1339 849 1405 iidem
862 1348 892 1406 et
903 1338 1010 1405 hlieni·
1103 1343 1211 1416 Assur,
1225 1342 1348 1416 Accirii,
1369 1339 1407 1404 ah
1428 1343 1520 1406 nssm
1540 1341 1598 1406 lilio
1613 1341 1696 1406 Sem:
1714 1341 1743 1407 hi
1766 1363 1815 1409 ur-

261 1461 346 1526 geue
357 1443 498 1526 appellati
513 1452 600 1522 sunt3
618 1443 720 1508 horum
735 1443 842 1508 civitas
853 1442 1009 1507 aschalon.
1064 1446 1132 1511 hem
1154 1447 1264 1512 Ninum
1286 1466 1323 1512 eu
1343 1448 1463 1512 nomine
1483 1447 1553 1512 Nini
1568 1449 1658 1532 Regis
1678 1451 1817 1518 condide-

303 1556 393 1630 Sota,
405 1549 526 1615 hrahia.
544 1549 620 1615 Saba
635 1558 758 1616 uocatur
769 1559 799 1615 ct
813 1551 895 1632 regio
909 1549 939 1613 in
953 1568 1011 1632 que
1065 1561 1143 1628 runt,
1158 1569 1231 1634 quaa
1253 1570 1330 1616 nunc
1351 1551 1466 1617 Nineue
1487 1562 1620 1619 uocatur.

262 1674 342 1721 nunc
362 1655 462 1722 Sahci.
1106 1664 1191 1725 Siros
1210 1660 1373 1743 appellatos
1391 1659 1511 1743 qnidam
1532 1661 1673 1729 adserunt
1696 1665 1727 1746 [l.
1751 1665 1815 1745 ill,

300 1769 404 1841 Εειια,
425 1763 536 1828 Getuli.
1064 1767 1102 1830 ah
1124 1767 1248 1847 llssirio,
1272 1768 1333 1834 lilio
1352 1767 1479 1833 Adraha
1498 1787 1534 1835 err
1555 1769 1706 1836 Chettura.

303 1878 443 1951 michi,
463 1889 543 1936 nuno
561 1871 660 1952 libes,
682 1872 830 1957 quondam
851 1873 933 1939 Fotci
955 1890 1012 1954 ap·
1110 1881 1159 1951 Uo,
1180 1889 1248 1956 qum
1267 1882 1298 1938 ει
1310 1873 1459 1938 auxitidis
1473 1873 1566 1953 regio,
1584 1874 1661 1941 circa
1676 1875 1816 1942 Gelensi-

262 1979 457 2061 pellahantur.
1065 1979 1150 2057 riam,
1174 1977 1218 2043 ita
1241 1978 1279 2042 ah
1300 1977 1340 2041 lis
1367 1977 1433 2044 Sem
1462 1987 1631 2062 pronepote,
1655 1979 1813 2064 appellata.

304 2093 444 2166 litoreis,
472 2085 538 2152 sive
565 2084 755 2166 carchedon,
779 2085 927 2170 Carthago
954 2095 1010 2152 cst.
1106 2091 1285 2162 Hctornttcc,
1306 2084 1415 2164 Ρεεεεε,
1437 2085 1476 2149 ah
1504 2085 1618 2166 llclam,
1650 2086 1710 2152 lilio
1738 2085 1816 2152 Sem.

262 2194 392 2274 Quidam
412 2194 524 2259 Tharso
545 2193 668 2258 Calices
692 2193 722 2274 (l.
748 2195 899 2271 Otltctora)
927 2193 1013 2258 arhi—
1107 2200 1237 2259 Hebraei
1264 2193 1463 2272 cognominati
1483 2202 1554 2260 sunt
1572 2193 1611 2258 ab
1631 2194 1738 2274 llebcr,
1764 2193 1816 2276 qui

265 2309 388 2382 tuantur,
411 2299 481 2384 quia
495 2309 526 2364 ει
540 2299 648 2365 ciuitas
661 2299 721 2363 illic
734 2297 862 2365 Tharsos
877 2299 934 2364 sita
955 2307 1011 2364 εει.
1067 2316 1213 2382 pronepos
1234 2297 1288 2363 luit
1308 2297 1385 2364 Sem.

303 2414 413 2489 Africo
433 2407 582 2492 appellata
603 2408 641 2473 ab
656 2426 714 2474 uno
728 2427 764 2474 ex
782 2407 908 2491 posteris
922 2408 1010 2472 hhra·
1108 2412 1243 2486 Ghasdci,
1255 2406 1465 2473 nuncChaldei
1477 2416 1620 2473 uocantur
1630 2417 1662 2474 ει
1672 2407 1811 2489 Chasdei,

265 2519 320 2598 hae,
343 2517 381 2582 dc
400 2514 554 2593 Cetthura,
575 2516 624 2598 qui
647 2525 770 2580 vocatus
790 2524 837 2580 cst
857 2516 936 2580 hier.
1066 2533 1084 2579 a
1104 2513 1219 2582 Ghasee
1240 2515 1300 2580 lilio
1321 2513 1445 2594 Nachor‚
1469 2515 1567 2580 iratris
1589 2515 1752 2597 [sorahan

304 2630 503 2703 Ismahalitac,
517 2624 617 2689 uocati
632 2623 669 2688 ah
683 2621 831 2688 ismahele
846 2621 904 2688 lilio
920 2622 1012 2687 lbra·
1107 2623 1145 2688 lli
1159 2640 1260 2687 omnes
1274 2622 1311 2686 de
1333 2621 1401 2687 Sem
1422 2622 1593 2705 posteritate
1604 2621 1766 2704 procedunt
1779 2629 1814 2699 ι).

303 2847 323 2906 ¹)
338 2846 471 2899 horam...
486 2841 667 2914 discendunt.
681 2870 715 2882 -
731 2847 752 2906 2ι
767 2844 918 2912 ariperto...
931 2839 1014 2895 hesir
1068 2841 1202 2912 chorium,
1216 2856 1278 2896 cum
1290 2838 1397 2896 ultimis
1409 2841 1549 2912 capitibus
1561 2839 1667 2910 Oloris,
1681 2841 1763 2896 sliam
1774 2845 1816 2895 ta-

264 2936 445 2990 dssiriiah...
458 2936 554 2989 orbem
567 2933 640 2988 C.-
655 2933 682 3005 ³)
696 2935 733 3002 fr.
746 2933 845 2986 addae.
861 2931 942 2985 Patet
954 2929 1012 2983 Eu·
1069 2931 1164 2986 unisse
1184 2929 1340 2985 Chronicon
1359 2945 1442 3002 supra
1461 2928 1615 3001 Hippolyto
1634 2931 1796 3002 ascriptum.

910 3165 949 3238 V.
976 3166 1025 3238 De
1049 3165 1165 3238 Locis.

305 3371 384 3432 Zioh.
397 3365 465 3449 lpsa
475 3371 520 3428 est
529 3360 725 3440 Hierusalem,
736 3363 800 3443 ipsa
811 3369 858 3425 est
867 3359 1012 3440 etSalem,
1110 3364 1228 3436 Acthei,
1251 3358 1281 3423 in
1295 3359 1398 3424 Esaia:
1413 3357 1489 3423 hanc
1502 3358 1621 3442 quidam
1634 3377 1700 3424 esse
1714 3367 1819 3441 putant

264 3470 296 3535 in
317 3487 374 3552 qua
393 3465 533 3549 regnauit
547 3463 775 3530 Melchisedech.
792 3465 862 3529 llaec
876 3481 954 3528 nunc
976 3461 1014 3526 ab
1069 3468 1243 3553 tlriopolim,
1264 3468 1302 3533 ah
1324 3467 1402 3534 idolo
1423 3467 1525 3534 Martis
1539 3467 1649 3547 hrihel‚
1664 3468 1742 3551 quod
1758 3467 1818 3532 illie

265 3574 340 3640 AElio
360 3572 508 3638 Hadriano
528 3575 691 3649 uocatur1)
713 3569 798 3636 AElia.
1068 3575 1156 3640 situm
1178 3585 1233 3640 est.
1257 3575 1469 3654 Interpretatur
1497 3583 1595 3640 autem
1622 3575 1719 3641 llariel
1741 3577 1817 3641 Leo-

306 3685 408 3754 Bata,
423 3679 455 3743 in
469 3677 588 3758 Genesi,
604 3696 684 3742 nnnc
696 3676 819 3742 Babilon
834 3687 966 3742 vocatur.
980 3678 1014 3742 ln
1068 3701 1138 3749 nnn
1150 3683 1216 3762 Dei,
1229 3681 1410 3748 hierusalem
1421 3681 1582 3763 figuraliter
1594 3685 1620 3760 ⁴)
1631 3681 1815 3765 significans.

266 3785 457 3866 hunclocum,
470 3802 558 3867 quum
568 3793 677 3850 turrem
687 3783 835 3867 quondam
850 3787 873 3861 ι)
883 3781 1014 3850 homines
1108 3793 1255 3866 Asaraei,
1270 3786 1419 3866 Armenia,
1432 3787 1464 3851 in
1478 3787 1561 3870 ouius
1575 3787 1735 3867 montibus,
1753 3799 1818 3871 post

266 3893 459 3975 edifimmnt,
481 3893 625 3960 aduersus
646 3892 752 3979 coelum
773 3894 882 3974 egressi
903 3904 1011 3973 essem,
1069 3896 1223 3973 diluuium,
1238 3912 1306 3959 arca
1328 3894 1471 3975 consedit,
1488 3895 1563 3960 adeo
1582 3905 1616 3958 ut
1638 3895 1669 3976 [i.
1689 3897 1739 3979 ld]
1758 3898 1818 3962 illic

266 3999 393 4084 dispersi
412 4009 499 4080 sunt,
524 3999 643 4066 inmissa
672 3999 818 4065 diuinitus
842 4000 1014 4098 confusione
1069 4003 1169 4086 aliqua
1189 4003 1253 4086 eius
1274 4002 1381 4067 indicia
1399 4020 1478 4067 nunc
1498 4019 1593 4085 usque
1613 4013 1794 4086 permanent.

268 4097 446 4190 linguarum.
1110 4116 1219 4188 Arbae,
1231 4128 1298 4194 quac
1312 4109 1411 4175 hrhon
1426 4109 1456 4173 in
1471 4109 1580 4174 nostris
1594 4110 1743 4175 codicibus
1757 4130 1817 4177 cor·

305 4221 413 4296 Auram,
433 4237 512 4285 nuno
532 4218 645 4285 Nisibis
665 4227 800 4288 uocatur.
1068 4229 1154 4300 ruptc
1175 4217 1294 4299 legitur.
1310 4216 1345 4282 ln
1359 4233 1417 4299 qua
1441 4225 1499 4280 tres
1520 4216 1695 4300 patriarcha
1709 4219 1816 4301 sepulti

306 4333 440 4405 Rcblata,
452 4345 530 4392 nuno
544 4327 699 4393 huthiocia
714 4328 886 4413 appellatur.
903 4329 1012 4394 liudem
1067 4336 1146 4405 sunt,
1160 4325 1320 4403 Abraham,
1335 4324 1418 4389 Isaac
1431 4331 1462 4388 ct
1475 4325 1583 4402 lacob;
1600 4334 1631 4389 ει
1645 4327 1811 4408 praeteriea]

266 4441 311 4498 εει
330 4441 360 4497 ει
381 4431 526 4515 Epilania.
1072 4434 1165 4500 Adam
1184 4435 1261 4518 ipsc.
1282 4433 1351 4496 llam
1370 4440 1416 4496 εει
1435 4431 1526 4496 ctiam
1546 4429 1693 4510 Chehron,
1710 4432 1738 4496 in
1760 4451 1817 4517 qua

308 4543 431 4615 Nician
447 4538 509 4604 lraea
529 4547 575 4603 cst
593 4549 624 4603 ct
638 4537 755 4618 Sicima,
772 4558 851 4604 nunc
870 4539 1018 4636 Neapolis,
1071 4541 1167 4606 llarid
1188 4539 1337 4622 regnarit.

266 4647 375 4714 ciuitas
395 4646 657 4712 Samaritanorum.
1111 4655 1199 4724 Loth,
1220 4649 1283 4732 ipsa
1304 4655 1348 4714 est
1370 4646 1473 4726 lihda,
1489 4646 1552 4728 ipsa
1572 4655 1618 4712 εει
1638 4646 1794 4731 Diospolis.

308 4755 488 4835 chemmin
499 4754 653 4839 propheta,
663 4755 770 4821 ciuitas
780 4755 812 4820 in
820 4774 877 4839 qua
885 4755 978 4822 lidum
993 4763 1017 4836 8)
1111 4763 1279 4837 Decapolts,
1302 4757 1331 4821 in
1351 4756 1526 4838 Evangelio,
1542 4756 1624 4838 regio
1643 4766 1689 4824 est
1707 4757 1817 4823 hahens

268 4861 415 4946 principes
436 4861 656 4930 habitaverunt.
814 4863 819 4872 '
1071 4865 1206 4932 ciuitates
1226 4865 1338 4930 decern.

305 5099 339 5151 V.
357 5101 379 5162 ι)
399 5110 481 5171 nopae
498 5100 593 5154 Helio.
609 5099 695 5154 Babil
711 5097 739 5154 C.
752 5125 787 5138 —
802 5101 824 5162 'l
839 5098 1017 5170 quendam...
1067 5099 1211 5168 princepis
1230 5095 1271 5148 sic
1291 5097 1318 5150 C.
1338 5124 1371 5135 —
1387 5099 1409 5158 ι)
1429 5097 1586 5168 &ruraliter
1606 5095 1635 5152 G.
1654 5095 1721 5150 Mox
1739 5097 1818 5152 dilu-

269 5187 413 5244 diuinitas.
427 5186 513 5244 Paulo
527 5191 590 5260 post
604 5187 747 5257 Neapolita·
761 5187 791 5244 C.
802 5217 835 5228 ·-
851 5193 874 5250 ὃ)
889 5203 947 5258 para
959 5186 1016 5242 duo
1071 5189 1173 5244 hincm...
1191 5195 1365 5256 pormanet...
1384 5187 1530 5242 caudicibus
1549 5196 1700 5257 corruptas
1720 5187 1747 5240 C.
