4064 6108
864 547 904 614 IN
929 546 1127 616 nuulnumr
1267 559 1269 566 ’
1714 554 1770 618 rm

222 709 296 803 πρός
320 701 354 775 δὲ
377 706 449 784 τοὺς
472 706 597 785 λοιποὺς
622 705 664 797 μὴ
691 705 815 797 καμὼν,
845 708 967 798 ἥρπασε
1021 701 1117 785 Cyrus
1137 719 1219 784 rere,
1236 711 1338 787 utpote
1359 704 1406 769 cni
1421 703 1504 770 multi
1526 703 1704 772 obstiterunt
1721 705 1773 772 ad·

223 819 283 915 γάρ
306 818 366 894 τὴν
390 816 509 884 τούτων
534 809 728 884 δυναστείαν.
745 817 780 884 Ὁ
805 808 839 882 δὲ
861 797 966 909 Κῦρος,
1019 810 1160 890 versarii,
1191 811 1222 877 in
1248 811 1332 878 bellis
1359 813 1489 879 iocinore
1516 813 1604 898 iunge
1630 813 1772 899 praeoiern

221 935 262 1006 ὡς
284 932 410 994 πολλῶν
434 927 532 994 ὄντων
556 936 619 994 τῶν
643 925 885 1016 ἀνθισταμένων,
908 948 968 992 πσ-
1021 919 1151 1004 perfecit.

222 1035 327 1127 λίμοις
350 1033 393 1101 τά
417 1034 551 1127 μέγιστα
576 1033 790 1127 κατώρθωσεν.

264 1143 341 1211 XIV.
347 1143 484 1208 lb.c.13.
493 1143 546 1221 Ὦς
555 1145 625 1222 Υἱός
635 1141 794 1236 ἀνθρώπου
803 1141 967 1235 ἐρχόμενος
1059 1139 1136 1208 XIV.
1150 1139 1232 1205 Sicut
1243 1138 1271 1203 F
1271 1138 1336 1205 itiner
1349 1139 1469 1208 θοιοίῦίι
1482 1138 1615 1207 crudem
1628 1158 1716 1224 urprrc
1730 1139 1772 1206 ud

220 1255 275 1332 ἕως
292 1266 347 1324 τοῦ
364 1259 503 1321 narseo
519 1266 582 1322 τῶν
598 1261 731 1349 ἡμερῶν.
751 1254 815 1320 Vae.
832 1256 920 1330 1223,
935 1255 966 1319 3.
1019 1248 1177 1332 Amuoom
1195 1248 1313 1313 demum.

263 1365 402 1431 Παλαιὸν
426 1363 481 1453 μὲν
505 1359 558 1431 οὖν
575 1371 698 1460 ἡμερῶν
715 1370 773 1458 οὐχ
789 1367 892 1457 ἕτερον
914 1364 968 1431 λέ-
1062 1355 1222 1440 Antiquom
1236 1355 1356 1440 quidem
1376 1355 1491 1422 dierum
1504 1351 1565 1421 nou
1580 1355 1670 1421 olium
1684 1355 1767 1436 dicit,

222 1495 281 1565 γει,
299 1471 371 1538 ἀλλ’
394 1471 414 1546 ἣ
433 1474 487 1539 τὸν
505 1473 651 1540 ἁπάντων
674 1474 794 1566 Κύριον,
811 1473 865 1538 καί
887 1472 967 1538 Θεὸν
1024 1463 1081 1530 nisi
1095 1464 1261 1544 Dominum,
1275 1465 1426 1548 Deumque
1439 1473 1470 1531 et
1483 1464 1630 1530 arbitrum
1643 1468 1771 1530 univer-

220 1580 275 1647 καί
298 1571 466 1659 δεσπότην,
490 1581 544 1646 τόν
567 1580 622 1646 καί
644 1585 738 1648 αὐτοῦ
755 1589 886 1673 Χριστοῦ
904 1584 969 1646 Πα-
1022 1593 1139 1655 sorum,
1160 1572 1330 1657 Christique
1351 1572 1467 1639 Putrem
1488 1572 1589 1658 ipsius,
1611 1572 1663 1656 qui
1684 1591 1768 1639 sene·

221 1690 306 1781 τέρα,
331 1690 387 1757 τὸν
410 1695 605 1758 παλαιοῦντα
620 1690 676 1768 τάς
692 1691 819 1782 ἡμέρας,
837 1695 893 1757 οὐκ
916 1695 969 1756 αὐ-
1022 1701 1103 1750 scere
1124 1681 1193 1748 noir
1211 1680 1286 1763 dier,
1309 1699 1406 1766 neque
1420 1679 1483 1765 ipse
1505 1689 1634 1765 tempore
1653 1689 1769 1748 vetera·

221 1800 275 1865 τὸν
300 1800 359 1866 ὑπό
381 1799 491 1891 χρόνον
515 1801 752 1892 παλαιούμενον.
1022 1792 1089 1858 stit·

267 1907 328 1975 XV.
350 1906 396 1971 rb.
420 1927 446 1970 o.
469 1907 519 1970 11.
537 1907 571 1973 Ἡ
585 1901 707 1987 ἐξουσία
723 1911 828 1986 αὑτοῦ,
845 1901 969 1988 ἐξουσία
1062 1900 1124 1969 XV.
1147 1899 1282 1966 Potcrtoo
1302 1901 1374 1979 αὐτ,
1395 1903 1520 1982 potestas
1539 1902 1665 1964 σαίοινιο.

226 2015 354 2093 αἰώνιος.
384 2014 449 2080 Vct.
472 2014 513 2079 ib.
537 2015 564 2079 3.

267 2132 320 2209 Τῷ
343 2119 396 2191 οὖν
419 2131 481 2209 Υίῷ
505 2129 521 2190 ὁ
545 2123 655 2217 Πατὴρ
683 2119 841 2205 ὑποτάξας
868 2127 909 2193 τά
932 2151 969 2192 τε
1063 2123 1138 2190 Filio
1149 2141 1219 2206 ergo
1233 2131 1316 2207 poter
1329 2121 1428 2188 omnio
1438 2121 1605 2207 subjiciens,
1616 2131 1772 2206 eteaquae

221 2236 251 2298 ὲν
275 2244 340 2309 τοῖς
364 2236 500 2324 οὐρανοῖς
523 2231 577 2297 καί
598 2229 641 2298 τά
663 2231 714 2299 ἐπὶ
736 2243 794 2309 τῆς
817 2245 893 2326 γῆς,
918 2224 970 2300 διὰ
1023 2242 1095 2298 sunt
1114 2231 1145 2297 in
1167 2230 1248 2296 coelis
1267 2239 1298 2296 et
1317 2249 1352 2297 eo
1373 2248 1439 2314 qum
1459 2247 1548 2312 super
1573 2237 1697 2309 terrum,
1719 2246 1772 2312 per

219 2340 345 2406 πάντων
360 2331 519 2418 ἀπέδειξεν
533 2339 628 2406 αὐτόν
640 2340 839 2433 πρωτότοκον
850 2345 882 2407 ἐν
893 2351 970 2408 πᾶσι
1025 2336 1124 2404 omnia
1135 2336 1338 2403 manifestavit
1347 2355 1415 2402 eum
1428 2335 1658 2420 primogenitum
1668 2335 1699 2400 in
1710 2353 1771 2400 om·

218 2447 395 2540 γενόμενον·
418 2447 617 2538 πρωτότοκον
641 2451 676 2513 ἐκ
699 2455 789 2526 Θεοῦ,
815 2451 864 2513 ἵνα
888 2447 970 2539 μετά
1023 2447 1109 2512 nibus
1124 2447 1251 2525 iactum3
1267 2444 1495 2530 primogenitum
1516 2461 1552 2510 ex
1566 2443 1639 2525 Deo,
1656 2451 1690 2509 ut
1703 2462 1769 2509 eum

219 2563 275 2618 τοῦ
298 2553 420 2645 Πατρός
444 2554 514 2630 Υίδς
538 2561 618 2620 Θεοῦ
643 2545 815 2646 ἀποδειχθῇ
840 2555 899 2647 πρὸ
915 2559 971 2648 ἀγ-
1024 2555 1111 2621 Pure
1125 2554 1217 2621 Filius
1227 2553 1282 2620 nei
1293 2552 1529 2620 manifestaretur
1539 2570 1636 2619 eorem
1646 2552 1772 2632 angoris,

218 2659 329 2751 γέλων,
348 2662 398 2725 ἵνα
421 2661 476 2726 καί
499 2661 641 2754 ἀγγέλων
657 2661 757 2753 κύριος
774 2674 866 2753 ρανῇ·
886 2687 970 2755 τροι-
1023 2671 1055 2730 οι
1068 2662 1239 2746 angelorum
1249 2661 1392 2726 Dominus
1406 2671 1578 2746 apparerem
1595 2660 1772 2744 primogeni-

220 2767 353 2833 τότοκον
376 2771 412 2833 ἐκ
434 2767 596 2861 παρθένου,
621 2772 670 2835 ἵνα
693 2770 748 2836 τόν
764 2771 971 2861 πρωτόπλασ-
1023 2781 1086 2838 tun
1106 2789 1142 2836 ex
1163 2770 1300 2853 Virgine,
1314 2779 1348 2834 ut
1368 2768 1578 2855 protoplastum
1598 2767 1630 2832 in
1651 2786 1683 2834 se
1703 2766 1770 2847 ipso

221 2897 276 2940 τον
300 2867 403 2965 Ἀδὰμ
426 2881 457 2942 ἐν
485 2879 587 2961 ἐαυτῷ
618 2877 825 2944 ἀναπλάσοων
849 2871 969 2969 δειχθῇ·
1022 2881 1181 2948 reformare
1191 2877 1405 2958 ostendentium
1414 2876 1770 2960 primogenitumexmor·

221 2982 420 3074 πρωτότοκος
451 2987 485 3048 ἐκ
516 2995 647 3076 νεκρῶν.
672 2986 721 3049 ἵνα
751 2983 878 3076 ἀπαρχὴ
911 2993 969 3062 τῆς
1023 2989 1091 3068 tuis,
1105 2999 1140 3054 ur
1158 2987 1333 3072 principium
1349 2995 1459 3052 nostro
1472 2983 1694 3052 resurrectionis
1708 2984 1772 3069 ipse

225 3094 314 3179 ἡμῶν
338 3090 536 3168 ἀναστάσεως
560 3093 652 3168 αὐτὸς
675 3089 820 3183 γεννηθῇ.
1023 3091 1115 3158 fieret.

267 3195 344 3262 xvi.
368 3195 441 3280 Cup.
465 3196 522 3275 IX,
541 3219 569 3261 o.
592 3198 643 3262 23.
675 3196 755 3288 Ἐγὼ
787 3194 883 3273 ἦλθον
913 3209 969 3264 τοῦ
1062 3197 1139 3267 XVI·
1161 3197 1227 3282 Epo
1246 3197 1310 3263 oeni
1327 3198 1394 3263 θσαο
1414 3195 1621 3278 ottonum,
1637 3195 1706 3280 porto
1724 3195 1769 3261 cir

223 3305 409 3396 ἀναγγεῖλαί
425 3328 483 3383 σοι,
504 3305 554 3370 ὅτι
577 3303 654 3394 ἀνὴρ
678 3304 843 3398 ἐπιθυμιῶν
868 3305 904 3370 σὺ
933 3301 968 3371 εἷ.
1021 3307 1277 3372 ἀσείιίσιίοιυοιαα.

227 3407 288 3473 Vae.
312 3407 403 3489 1227,
426 3411 456 3472 2.
976 3497 980 3503 Ι

266 3525 374 3584 Ταῦτα
398 3518 458 3611 γάρ
484 3510 558 3584 ἰδεῖν
581 3519 736 3611 ἐπιθυμεῖς
756 3521 835 3614 ἀπερ
852 3522 970 3611 μελλή·
1062 3522 1224 3590 Haeeenim
1232 3520 1339 3589 videre
1352 3519 1503 3588 desiduus
1517 3535 1585 3605 quoe
1597 3519 1774 3588 intererunt

221 3649 267 3691 σει
292 3617 333 3691 δι’
355 3630 428 3716 ἐμοῦ
461 3617 684 3706 διακονεῖσθαι,
709 3639 805 3721 καιρῷ
837 3621 872 3696 δε
902 3621 968 3717 ἰδίῳ
1023 3630 1177 3696 commissa
1188 3647 1254 3695 meo
1264 3625 1626 3712 ministeri0,quaeeutem
1641 3634 1773 3710 ternpore

219 3744 322 3799 ταῦτα
346 3725 618 3810 διακονηθιζσιται.
1021 3756 1075 3804 suo
1095 3735 1351 3802 ministrabuntur.

264 3838 354 3906 xvll.
370 3840 416 3905 lb.
429 3861 457 3904 υ.
474 3841 524 3904 21.
541 3843 668 3909 Καίτοῦ
681 3856 847 3936 σφραγῒσαι
863 3847 967 3937 ὅρασιν
1061 3843 1151 3913 XVII.
1173 3839 1423 3926 nortpertinorum
1446 3840 1583 3906 οίσίοοοοι
1604 3837 1770 3924 etpropte-

218 3947 272 4013 ιιαί
294 3950 472 4040 προφήτην.
502 3947 563 4012 Vae.
586 3948 627 4012 ih.
1021 3957 1093 4019 tom.

256 4162 332 4220 xlv,
352 4164 472 4220 Necesse
499 4163 612 4218 omniuo
639 4163 695 4217 suit
721 4167 869 4220 restinxero
895 4165 969 4222 huno
1057 4171 1120 4226 XV.
1141 4168 1234 4222 Ρουεα
1255 4165 1300 4223 hio
1320 4181 1399 4234 nove,
1422 4182 1485 4236 quae
1503 4167 1595 4220 tsmso
1620 4163 1721 4219 reriem
1739 4164 1769 4218 in

221 4251 315 4308 locum
340 4268 375 4307 ex
399 4251 465 4307 Vot.
483 4251 502 4307 2
522 4253 543 4306 1.
561 4249 609 4320 23,
628 4249 646 4304 3
665 4251 687 4308 1.
707 4251 770 4322 415,
789 4253 807 4307 4
827 4254 848 4310 1.
867 4253 933 4325 675,
951 4255 970 4312 5
1023 4258 1102 4332 grsvi
1112 4253 1262 4327 theologie
1275 4251 1525 4325 uomuimplent
1536 4256 1564 4308 et
1573 4252 1678 4307 rsotisu
1689 4268 1767 4307 com-

222 4341 244 4397 1.
263 4339 314 4402 251
336 4358 354 4395 α
373 4347 470 4414 tergo:
492 4345 587 4414 gravis
605 4343 680 4397 enim
691 4342 789 4415 lapsus
807 4345 922 4418 irrepsit
939 4345 969 4400 in
1021 4350 1139 4420 ponunt.
1159 4345 1189 4398 ln
1207 4360 1270 4414 cop.
1289 4357 1340 4399 vin
1363 4342 1456 4398 omnio
1480 4341 1556 4398 Maio
1574 4340 1685 4410 desunt,
1704 4357 1767 4412 quoe
1888 4365 1897 4376 =

221 4431 295 4484 editu
314 4447 376 4502 quse
402 4431 522 4485 habent:
550 4433 611 4485 Θεὸν
634 4437 677 4484 καί
697 4433 835 4500 δεσπότην,
859 4437 900 4487 τὸν
924 4442 968 4489 καί
1023 4433 1189 4507 anticipavit
1207 4434 1246 4488 De
1265 4431 1425 4504 Mugionis,
1439 4429 1549 4486 scilicet
1563 4428 1592 4483 l⁰
1605 4431 1651 4482 ὅσα
1670 4432 1714 4499 μὲν
1728 4427 1767 4483 οὖν

220 4521 294 4574 αὐτοῦ
315 4525 419 4591 Χριστοῦ
440 4521 563 4589 (omisso
583 4538 650 4578 voce
675 4523 786 4578 omnino
811 4526 970 4579 necessaris
1021 4523 1076 4580 cot.
1096 4522 1158 4593 648,
1177 4520 1232 4576 649
1257 4537 1343 4592 usque
1367 4521 1401 4573 sd
1420 4520 1567 4573 δέδεικται..
1585 4517 1615 4574 2ο
1634 4519 1767 4592 γεγένηται

220 4611 346 4683 Πατέρα).
365 4611 450 4667 Mitto
472 4610 542 4667 alios
567 4613 728 4682 varietates,
747 4613 796 4667 sed
814 4613 878 4669 vids
902 4620 970 4686 quot
1020 4628 1109 4684 unque
1126 4609 1160 4664 ed
1179 4611 1324 4681 τριακόσιαι,
1337 4607 1391 4666 649
1405 4609 1462 4664 Β...
1474 4606 1505 4662 3⁰
1525 4605 1613 4664 ουνίίη
1634 4609 1768 4680 usquead

153 4739 157 4746 -
219 4706 248 4756 ot
271 4703 376 4772 quanto
398 4700 525 4773 periculo
549 4702 687 4757 subierint
710 4706 834 4758 veterum
857 4708 969 4776 potrum
1021 4701 1071 4754 fin.
1092 4719 1120 4757 n.
1140 4717 1169 4768 x,
1189 4702 1239 4755 ib..

217 4791 335 4862 scripto,
355 4790 421 4846 dum
444 4791 591 4863 permitis
610 4797 639 4847 ot
657 4808 719 4865 quos
739 4798 894 4849 excurrunt
911 4811 968 4850 εω-
1057 4792 1132 4862 XVI,
1147 4791 1234 4848 xvu.
1247 4791 1336 4848 Unico
1355 4791 1425 4847 Maii
1444 4790 1603 4863 fragmento
1615 4787 1646 4847 in
1663 4806 1726 4862 osp.
1741 4805 1770 4846 rx

216 4879 280 4936 culs
298 4879 332 4934 sd
350 4896 405 4934 nor
426 4880 556 4949 miserint,
583 4897 669 4952 quum
696 4879 777 4953 lapsu
802 4881 901 4938 calami
921 4889 970 4940 sut
1021 4881 1082 4936 hmo
1107 4881 1199 4936 audiui
1226 4898 1262 4935 ex
1281 4882 1346 4937 Vst.
1365 4881 1393 4952 2,
1412 4879 1441 4950 3,
1460 4882 1489 4951 1,
1507 4879 1536 4935 5.
1555 4881 1609 4937 Sed
1633 4880 1673 4935 of.
1692 4879 1772 4935 XVII

217 4969 351 5039 typorum
369 4983 454 5022 cursu
467 4973 592 5022 monstro
604 4975 796 5042 noscerentur,
808 4988 870 5043 queo
890 4989 967 5045 aegrs
1021 4985 1084 5025 cum
1102 4969 1137 5023 ds
1156 4970 1305 5041 Magistris
1323 4969 1376 5026 ool.
1393 4969 1448 5025 653
1461 4973 1491 5040 G,
1506 4971 1550 5026 cui
1570 4969 1662 5024 Maius
1680 4967 1769 5024 multo

216 5052 378 5108 scholastici
408 5054 543 5109 Hercules
573 5056 741 5124 occiderent,
761 5074 795 5111 ne
816 5058 967 5114 Arionismi
1020 5059 1153 5131 deinceps
1171 5058 1286 5133 reliquit
1306 5057 1336 5112 1⁰
1355 5064 1470 5134 τῶνγὰρ
1490 5059 1528 5125 ξβ
1550 5057 1694 5130 irreperet
1713 5058 1767 5116 cot.

219 5138 296 5195 lebes
306 5145 383 5198 senis
392 5142 553 5198 doctoribus
563 5145 730 5201 inureretur.
739 5145 888 5216 consone,
898 5146 927 5218 3,
939 5147 967 5216 4,
1019 5148 1083 5218 656,
1102 5167 1130 5204 υ.
1150 5149 1304 5206 xxu...2⁰
1324 5153 1347 5205 ro
1361 5155 1405 5221 μιν
1424 5148 1464 5204 οῦν
1484 5155 1516 5222 τῇ
1534 5151 1631 5222 epoto-p,
1651 5167 1679 5206 ιι.
1700 5164 1767 5203 xxiv

218 5229 265 5301 qui
276 5248 372 5285 omnes
381 5231 483 5287 hebent
492 5232 771 5304 τατίρα,5οτσιιίι1υε
780 5242 834 5306 εει,
843 5237 899 5291 erit
909 5237 967 5292 for·
1020 5239 1055 5293 sd
1074 5239 1218 5310 φαινόμενον
1240 5255 1265 5292 o.
1286 5237 1390 5294 657...
1406 5238 1437 5292 3⁰
1456 5242 1484 5293 τὸ
1503 5242 1529 5292 δὲ
1548 5240 1614 5312 ipe(
1631 5267 1668 5281 -
1686 5257 1766 5308 μετα-

218 5327 293 5376 tssse
306 5327 416 5376 tentum
431 5327 559 5396 typorum
571 5339 663 5394 casus,
676 5324 723 5379 sed
739 5326 818 5398 gravi
831 5326 966 5383 iocinore.
1021 5330 1139 5402 τιοέριιιι
1160 5347 1186 5386 o.
1207 5345 1273 5384 xxv.
1289 5327 1321 5387 4⁰
1341 5334 1445 5401 Θαρσεῖς
1465 5334 1491 5386 δὲ
1510 5331 1544 5386 sd
1563 5330 1646 5384 finem
1660 5345 1687 5384 n.
1699 5342 1765 5384 xxv.
