4044 6098
739 769 1211 902 ORIGENES

537 1075 610 1172 nv
655 1075 889 1171 aaran
929 1075 1062 1173 voa
1103 1076 1410 1176 susanna.

839 1345 1104 1355 ——-—-

234 1773 316 1852 Quas
335 1771 434 1838 dicere
453 1770 548 1838 solent
568 1773 705 1852 catenas,
727 1771 753 1837 si
775 1770 842 1856 quis
862 1769 1030 1838 solemniori
1051 1779 1157 1856 eaptus
1177 1769 1307 1852 lastidio,
1329 1771 1487 1851 consuerit,
1507 1770 1582 1837 nihil
1603 1789 1655 1838 eas
1676 1791 1742 1840 esse

193 1888 301 1963 praeter
322 1878 426 1962 gravia
446 1887 477 1944 et
497 1877 592 1944 otiosa
613 1878 754 1961 pondera,
770 1897 837 1963 quae
855 1879 969 1962 pluteos
989 1863 1234 1946 bibliothecarum
1255 1889 1401 1963 usurpant
1413 1888 1444 1945 et
1456 1887 1592 1960 onerent,
1615 1896 1672 1946 nae
1692 1879 1743 1946 ille

194 1986 240 2052 bis
259 2005 291 2052 sc
309 2003 432 2071 peccare
451 1989 579 2066 noverit,
593 1987 693 2051 statim
708 1994 742 2051 ut
761 2003 849 2051 unam
865 1995 915 2052 ant
928 1985 1051 2052 alteram
1065 1986 1114 2052 vel
1129 1985 1225 2052 obiter
1238 1987 1416 2053 versaverit.
1431 1986 1560 2052 Primum
1574 1987 1665 2066 enirn,
1683 2005 1741 2071 quo

194 2093 287 2177 major
300 2097 392 2158 moles
405 2093 471 2172 erit,
487 2093 618 2177 picturas
632 2091 796 2175 mirabitur,
819 2092 897 2157 baud
912 2093 999 2159 semel
1014 2093 1155 2176 insignes,
1172 2092 1297 2175 singulis
1312 2093 1401 2158 ierme
1415 2092 1500 2173 loliis,
1518 2101 1579 2158 tum
1599 2111 1616 2158 a
1633 2093 1740 2173 irontc,

194 2209 256 2266 tuna
275 2217 294 2265 a
316 2210 398 2285 tergo
419 2211 622 2281 coruscantes,
644 2200 792 2266 interdum
813 2200 910 2284 lepida
931 2200 1102 2284 variegatas
1122 2200 1291 2279 alacritate,
1312 2218 1379 2282 qua
1399 2216 1416 2263 a
1437 2217 1598 2266 marmoreo
1619 2199 1675 2265 boc
1696 2201 1741 2264 ri-

191 2326 273 2391 gore,
296 2327 355 2392 quo
375 2307 498 2373 nimium
517 2307 643 2390 vapulat
656 2324 704 2372 ars
718 2305 894 2391 Byzantina,
917 2325 1037 2390 prorsus
1058 2307 1205 2373 recedunt
1227 2306 1311 2372 Unde
1331 2309 1420 2372 etiarn
1440 2305 1542 2371 mirari
1561 2305 1643 2371 subit
1663 2323 1742 2390 quo-

190 2415 288 2495 modo,
304 2414 375 2481 dnm
395 2414 497 2482 textile
517 2415 591 2481 illud
606 2434 691 2498 opus,
712 2415 825 2498 ingenti
848 2416 948 2482 labore
967 2425 998 2483 et
1017 2414 1181 2481 eruditione
1201 2423 1396 2499 compactum,
1406 2414 1524 2498 cuique,
1538 2411 1591 2480 sed
1611 2415 1743 2482 maxima

189 2521 324 2605 theologo
339 2524 569 2604 commendatur,
585 2524 663 2590 idem
677 2523 718 2588 sit
730 2522 878 2608 plebeium
892 2541 1026 2588 museum
1040 2521 1151 2606 pueris,
1167 2521 1332 2607 puellisque
1342 2522 1554 2604 gratissimum,
1570 2524 1655 2606 quale
1669 2523 1739 2588 olirn

187 2630 264 2695 domi
285 2631 469 2696 vocabantur
483 2630 585 2696 Billis
598 2630 789 2713 [amalonem.
806 2630 892 2694 llaud
910 2645 983 2695 sane
996 2630 1153 2695 temnenda
1167 2637 1232 2693 erat
1245 2628 1411 2714 Byzantina
1426 2647 1552 2713 quaeque
1567 2629 1672 2696 domus
1687 2640 1739 2696 ent

187 2735 290 2802 Graeca
304 2737 423 2818 civitas,
438 2736 489 2802 nbi
504 2736 627 2820 grandia
642 2736 692 2801 illa
708 2737 826 2802 Patrum
841 2737 989 2803 volumina
1004 2737 1097 2803 doctis
1112 2736 1299 2821 indoctisque
1308 2737 1445 2802 manibus
1460 2737 1640 2804 terebantur.
1656 2738 1736 2804 Alte-

188 2862 252 2909 rum
271 2854 367 2910 autem
389 2845 483 2929 primo
496 2862 612 2929 qnoque
626 2861 747 2910 occursu
765 2843 917 2909 emicabit:
933 2861 1018 2909 nemo
1032 2842 1107 2908 duas
1126 2843 1257 2927 ejusdem
1278 2843 1445 2925 argumenti
1460 2843 1588 2910 Catones
1608 2844 1684 2910 inter
1706 2865 1739 2912 se

187 2951 356 3032 contulerit,
369 2952 442 3037 qnin
457 2949 668 3034 deprehendat,
684 2959 799 3016 tantum
813 2968 877 3016 esse
899 2950 975 3015 inter
994 2958 1148 3032 utramque
1168 2948 1338 3030 discrimen,
1353 2959 1387 3015 nt
1400 2969 1459 3016 non
1473 2951 1566 3016 solnm
1584 2950 1738 3019 volumina

187 3075 206 3123 a
226 3058 428 3124 voluminibus
448 3057 597 3136 differant,
612 3057 664 3122 sed
684 3075 722 3122 ne
742 3075 834 3122 unum
856 3057 973 3140 quidem
994 3055 1106 3136 lolium,
1122 3056 1161 3122 ad
1175 3058 1277 3124 eadem
1298 3076 1382 3125 sacra
1397 3058 1467 3124 licet
1480 3059 1572 3124 verba
1589 3067 1736 3142 aptatum,

187 3165 282 3232 simile
303 3183 434 3250 unquam
454 3164 540 3231 alteri
561 3164 741 3230 inveniatur.

227 3274 315 3356 Quod
335 3273 416 3352 mihi,
438 3281 471 3338 ut
491 3272 640 3357 qnondam
660 3270 774 3354 angelo
795 3270 874 3337 llaio
888 3271 926 3351 ¹),
949 3272 979 3336 in
1000 3271 1175 3352 solberet,
1198 3271 1356 3354 aliquando
1378 3270 1410 3334 in
1430 3269 1590 3336 Vaticanus
1611 3272 1739 3338 catenes

186 3399 349 3462 excurrere,
364 3389 396 3446 et
409 3379 440 3446 in
455 3389 542 3447 vasto
564 3379 613 3445 illo
627 3397 730 3464 campo
745 3380 867 3446 liberius
882 3381 1042 3462 exsultare,
1059 3380 1173 3446 utinam
1187 3380 1264 3445 banc
1284 3380 1410 3464 palmam
1425 3379 1512 3459 alius,
1528 3396 1612 3462 pace,
1628 3379 1688 3446 otio
1708 3392 1739 3448 et

187 3473 307 3570 ingenio
322 3486 424 3568 laetior,
448 3484 518 3551 mihi
540 3487 717 3568 praevcrtatl
741 3488 839 3553 Pauca
860 3489 977 3553 iuterim
998 3488 1046 3553 bic
1066 3488 1104 3554 de
1125 3487 1275 3557 Vaticanis
1289 3488 1321 3553 in
1335 3488 1391 3552 lob
1406 3487 1537 3569 Catenis,
1554 3505 1622 3572 qnae
1642 3489 1737 3555 solum

185 3596 318 3661 retinent
335 3591 474 3676 Origenis
493 3593 743 3676 commentarium,
766 3594 864 3660 dicere
884 3595 1053 3677 aggredior.
1069 3598 1112 3661 llc
1125 3596 1262 3678 primum,
1284 3596 1359 3660 mira
1379 3595 1573 3680 quantumvis
1592 3595 1738 3662 varietate

185 3700 215 3768 id
231 3689 324 3785 genus
344 3699 411 3765 libri
434 3699 561 3766 invicem
582 3700 757 3784 discrepent,
774 3701 873 3786 plnres
887 3702 1061 3769 nonnullam
1081 3703 1328 3770 necessitudinem
1348 3702 1471 3782 babent,
1490 3721 1528 3769 en
1548 3719 1607 3788 qua
1628 3703 1735 3788 duplex

184 3809 369 3892 potissimum
390 3806 491 3873 elassis
512 3806 628 3874 institui
647 3810 752 3892 possit.

223 3917 299 3997 Una,
316 3933 382 4000 qnae
395 3915 507 3981 Nicetes
520 3915 628 3981 dicitnr
641 3916 678 3996 ²),
694 3917 875 3983 servatoria
889 3917 1040 3984 codicibus
1054 3918 1279 4000 Anglicanis,et
1293 3918 1421 3998 doctum,
1436 3916 1490 3984 sed
1506 3917 1592 4000 paulo
1610 3917 1735 4001 jejunio-

184 4041 244 4089 rem
264 4022 369 4088 habuit
382 4023 578 4105 interpretem,
595 4021 752 4088 Patricium
765 4025 898 4106 lunium,
915 4025 1051 4107 Londini,
1073 4026 1104 4090 in
1125 4025 1328 4110 typographeo
1342 4025 1436 4107 regio,
1452 4044 1481 4091 a.
1498 4025 1588 4089 1636.
1612 4024 1656 4087 lla
1677 4042 1736 4108 quo

184 4148 238 4196 sna
259 4129 385 4195 Mendai
407 4128 519 4194 scbolia
540 4129 600 4194 lere
620 4131 717 4195 omnia
739 4139 923 4214 receperunt.

223 4238 281 4303 Sed
301 4237 392 4302 altera
412 4246 466 4314 est,
488 4237 582 4302 tribus
603 4237 709 4302 saltem
730 4237 846 4304 saecnlis
865 4237 1016 4323 antiquior
1035 4247 1065 4305 et
1085 4239 1176 4305 multo
1197 4237 1377 4322 locupletior,
1398 4253 1488 4321 quam
1509 4236 1605 4303 ausim
1626 4237 1735 4304 referre

181 4344 221 4409 ad
242 4347 358 4409 doctum
379 4343 534 4409 diaconum
556 4343 786 4409 Alexandrinum
805 4344 1057 4428 Olympiodorum,
1079 4345 1216 4428 symbola
1238 4345 1360 4410 sortasse
1380 4345 1545 4410 conierente
1568 4343 1732 4427 Polychro-

181 4448 241 4513 nio.
264 4449 381 4529 Exstat,
403 4467 442 4515 ne
460 4448 520 4513 alio
539 4467 699 4531 recurram,
723 4450 752 4514 in
775 4449 924 4515 codicibus
945 4449 1084 4532 llenetis;
1099 4463 1130 4517 et
1149 4471 1239 4536 qnum
1257 4451 1288 4517 in
1309 4470 1374 4518 earn
1389 4451 1482 4518 inuste
1503 4452 1642 4518 inciderit
1663 4451 1733 4517 Gal-

180 4555 308 4638 landius,
321 4574 400 4622 nova
415 4556 484 4623 inde
495 4565 526 4623 et
536 4558 692 4640 permulta,
708 4557 913 4641 uberrimaque
926 4569 1063 4641 excerpta
1075 4559 1170 4642 plenis
1185 4560 1322 4625 manibus
1336 4558 1446 4625 hausit.
1459 4559 1521 4624 Nec
1530 4559 1613 4625 deest
1625 4558 1731 4642 qualis·

177 4682 300 4747 cumque
321 4662 430 4728 latinns
451 4662 608 4746 interpres,
624 4663 731 4729 Paulus
751 4663 913 4729 Comitolns
926 4665 1101 4745 Perusinus,
1116 4666 1147 4730 S.
1162 4667 1191 4732 J.
1207 4667 1259 4750 qui
1280 4685 1317 4732 ex
1337 4665 1438 4733 codice
1458 4665 1580 4730 Antonii
1600 4664 1726 4740 Careiae,

178 4790 257 4837 nunc
270 4771 411 4840 Vaticano
424 4771 515 4851 aaut,
531 4789 621 4855 qaum
637 4769 771 4854 Lugduni
787 4772 912 4854 primum
929 4775 1009 4858 typis
1022 4791 1096 4856 opos
1109 4774 1311 4852 commisisset,
1322 4790 1351 4838 a.
1368 4773 1458 4851 1586,
1471 4771 1551 4838 haud
1565 4771 1630 4837 sine
1643 4770 1730 4837 landis

170 4921 174 4930 ’
212 4934 235 5000 ll
257 4936 333 4992 Boot.
353 4933 392 4991 N.
413 4936 472 4991 ΡΡ.
491 4938 513 4990 t.
533 4949 554 5005 1,
573 4951 602 5005 p.
621 4932 685 4990 5³4.
706 4937 745 4990 De
762 4935 876 4990 Gelonis
894 4936 924 4990 in
976 4955 1006 5008 p.
1023 4933 1116 4993 17-21.
1134 4935 1235 4992 Nullus
1253 4937 1339 4992 codex
1357 4937 1512 4992 Vaticanus
1530 4953 1612 5009 quem
1630 4935 1729 5002 seiam,

179 5025 232 5080 Job
249 5026 347 5096 paneis
365 5025 490 5096 disputat
508 5029 529 5081 t.
549 5041 581 5079 ιιι
599 5025 683 5096 praei.
700 5043 728 5097 p.
748 5041 810 5094 vnn,
828 5041 867 5081 rx.
889 5055 921 5066 -
977 5027 1083 5082 Nicetes
1097 5042 1196 5082 nomen
1208 5029 1256 5080 ant
1267 5025 1446 5098 scholiapras
1460 5043 1490 5080 se
1509 5025 1574 5096 fert,
1588 5023 1644 5078 nisi
1657 5023 1730 5096 quod

180 5112 203 5179 ’l
223 5117 264 5170 De
282 5132 337 5187 qno
356 5121 521 5187 argumento
539 5114 662 5171 Allaiins
680 5116 813 5171 adversus
832 5115 924 5171 Comi·
978 5109 1171 5168 recentissima
1183 5112 1324 5184 scripturo
1336 5111 1450 5167 titulum
1460 5111 1535 5166 hunc
1551 5112 1595 5165 bis
1609 5110 1727 5165 invexit.

179 5200 268 5262 tolum
286 5202 397 5280 prolixo
416 5203 531 5258 disserit
543 5203 621 5264 Boot.
632 5203 671 5261 N.
685 5205 743 5262 ΡΡ.
759 5209 779 5259 t.
795 5219 834 5273 ιι,
848 5222 877 5276 p.
891 5220 922 5274 ιι,
977 5200 1032 5256 Sed
1051 5202 1154 5260 catena
1171 5201 1247 5256 lunii
1270 5200 1429 5274 Anglicana
1450 5200 1586 5258 Romanis
1610 5198 1729 5254 accedit.
