4044 6098
835 523 876 588 ΙΝ
897 523 1071 593 PSdLMOS

175 672 355 761 ποιούμενος
377 673 449 749 τοὺς
467 675 630 765 ἀκροατάς,
647 677 747 765 χαράν
764 677 843 766 ἔχων
868 678 923 742 τὸν

175 783 293 870 καρπὸν
309 790 365 846 τοῦ
382 782 573 870 Πνεόματος,
591 785 776 875 ἑπηρμέναις
796 809 833 850 τε
850 785 925 851 θεω-

177 891 251 979 ρίαις
274 889 317 954 τά
339 901 395 954 τοῦ
419 896 500 955 Θεοῦ
525 882 727 984 διηγούμενος
751 891 907 982 θαύματα.

218 1013 249 1058 ν.
273 997 302 1058 6.
324 997 541 1086 Ἐπετίμησας
560 998 673 1078 ἔθνεσι,
699 1000 752 1065 καί
776 1001 922 1067 ἀπώλετο

175 1109 191 1170 ό
223 1099 349 1183 ἀσεόής·
373 1106 412 1170 τό
435 1106 534 1195 ὄνομα
557 1111 660 1172 αὐτῶν
692 1101 856 1199 ἑξήλειψας
881 1117 922 1189 εἰς

172 1212 227 1278 τὸν
252 1217 350 1278 αἰῶνα
372 1223 429 1279 τοῦ
454 1219 571 1292 αἰῶνος.

219 1319 309 1410 Ὑπὲρ
325 1331 384 1396 τῆς
401 1319 591 1412 ἀνθρωπίνης
603 1324 851 1412 τυραννουμένης
867 1326 923 1415 pd-

175 1452 250 1503 σεως
268 1429 349 1492 οὕτω
366 1427 478 1519 πικράν
496 1429 656 1512 αὐτῷτὴν
681 1433 829 1522 τιμωρίαν
855 1433 922 1498 ἑπέ-

173 1534 281 1611 θηκας.
306 1535 517 1624 Ἐπετίμησας
540 1548 605 1614 τοῖς
630 1533 748 1614 ἔθνεσι,
772 1537 921 1603 τουτέστι

173 1641 215 1708 τά
233 1642 301 1708 θεῖα
318 1634 500 1736 διδάγματα
518 1636 569 1709 διά
584 1655 647 1708 τῶν
664 1646 848 1710 ἀποστόλων
868 1647 921 1711 καί

173 1761 235 1816 τῶν
259 1745 330 1830 ἑξῆς
354 1743 551 1817 διδασκάλων
575 1757 679 1829 αὐτοῖς
695 1746 860 1845 παραδούς·
878 1748 920 1819 ὧν

173 1853 359 1948 δεξαμένων,
377 1859 523 1924 ἀπώλετο
542 1863 569 1946 [ὁ
587 1855 726 1948 assistet,
744 1862 815 1938 τοὺς
836 1861 920 1926 κατά

171 1967 231 2042 τὴν
247 1968 370 2040 πλάνην
385 1979 633 2058 προσκυνοῦντας
650 1975 705 2035 οὐκ
721 1971 811 2059 ἔχων.
829 1971 919 2035 Οὕτω

171 2077 224 2142 καί
239 2077 375 2141 Λυκάοοε
391 2075 481 2141 θῦσαι
497 2077 696 2168 πειρωμένοις
712 2083 834 2154 Παῦλος
851 2083 921 2143 ἑπε-

170 2185 249 2272 τίμα
271 2183 325 2247 καί
348 2178 524 2274 Βαρνάόας,
551 2185 700 2261 εἰπόντες·
726 2185 765 2251 Τί
787 2196 917 2260 ποιεῖτε,

172 2283 295 2380 ἄνδρας
319 2293 380 2355 Καὶ
396 2299 486 2381 ἡμεῖς
503 2291 698 2381 ὁμοιοπαθεῖς
717 2296 809 2382 ἐσμεν
834 2298 918 2381 ὑμῶν

172 2397 342 2488 ἄνθρωποι,
367 2397 427 2462 ἀπὸ
450 2399 571 2464 τούτων
588 2410 650 2463 τῶν
675 2401 816 2488 ματαίων
840 2405 919 2488 ὑμᾶς

170 2505 414 2596 ἐπιστρέφοντες.
427 2507 487 2569 Καὶ
502 2507 657 2594 Γαλάταις
672 2500 705 2572 δὲ
717 2512 837 2582 Παῦλος
850 2511 920 2572 ἑπε-

169 2616 257 2704 τίμα·
274 2608 315 2680 Ὦ
341 2613 470 2687 ἀνόητοι
486 2615 638 2693 Γαλάται,
655 2617 701 2691 τίς
726 2621 803 2704 ὑμᾶς
828 2609 919 2680 ἐθάσ-

171 2747 272 2800 κανεν,
296 2726 327 2786 ὲν
345 2719 388 2798 οἷς
404 2723 475 2788 κατ’
493 2722 669 2814 ὀφθαλμοὺς
686 2724 801 2800 Ἰησοῦς
825 2731 919 2814 Χρισ-

172 2831 225 2906 τὸς
241 2830 421 2922 προεγράφη
440 2835 471 2895 ἐν
488 2836 558 2920 ὑμῖν
572 2831 813 2920 ἐσταυρωμένος
827 2833 918 2897 Οὕτω

168 2937 345 3029 Κορινθίοις·
361 2937 464 3014 Ὅλως
482 2939 630 3004 ἀκούεται
646 2944 677 3004 ἑν
694 2945 764 3028 ὑμῖν
780 2941 916 3027 πορνεία,

169 3047 222 3110 καί
233 3048 303 3122 ἥτις
321 3037 392 3110 οὐδὲ
408 3051 439 3110 ἐν
456 3057 521 3122 τοῖς
534 3045 649 3112 ἔθνεσιν
664 3041 860 3136 ὀνομάζεται.
874 3085 918 3093 -

169 3148 355 3244 Ἐξηλείρθη
374 3155 477 3218 τοίνυν
502 3159 598 3218 αὐτοῦ
621 3154 659 3218 ab
676 3154 774 3242 ὄνομα
796 3160 848 3229 εἰς»
861 3155 916 3217 τὸν

170 3265 275 3323 αἰῶνα.
296 3258 426 3324 Ἅπασα
450 3259 510 3350 γάρ
534 3253 680 3323 ἔσόεσται
712 3259 828 3330 τελετίι
853 3269 916 3324 τῶν

170 3376 220 3430 νῦν
246 3364 413 3457 ἀνθρώπων
438 3365 492 3430 καί
509 3366 702 3458 ἀγνοούντων
726 3365 768 3430 τά
791 3377 849 3443 τῆς
867 3370 917 3431 εῦ-

170 3468 290 3550 σεόείας
315 3473 482 3565 μυστήρια,
506 3483 656 3539 τοσοῦτον
681 3473 734 3537 καί
756 3474 804 3538 τό·
829 3465 916 3550 Ὁδὸς

169 3575 288 3646 icatur
314 3585 488 3647 ἀπολεῖται.

212 3706 244 3751 v.
268 3687 298 3752 8.
322 3687 382 3753 Καὶ
406 3693 422 3753 ὁ
446 3690 554 3780 Κύριος
572 3697 613 3766 εἰς
629 3689 684 3754 τὸν
702 3695 798 3755 αἰῶνα
819 3689 914 3778 μένει,

167 3796 340 3884 ἡτοίμασεν
364 3800 395 3861 ἑν
421 3799 518 3887 κρίσει
541 3797 596 3861 τόν
621 3795 725 3888 θρόνον
750 3800 855 3860 αὐτοῦ.

212 3908 256 3968 Οὺ
282 3903 374 3993 μόνον
399 3905 482 3969 κατά
506 3905 560 3969 τόν
591 3905 733 3994 παρόντα
765 3907 831 3989 βίον
854 3903 913 3978 τὴν

166 4012 281 4076 οἰκείαν
306 4003 435 4100 δύναμιν
453 4003 578 4089 ἔδειξεν,
597 4011 680 4076 ἀλλά
695 4009 752 4075 κάν
772 4020 818 4094 τῷ
842 4012 917 4100 μέλ·

205 4208 249 4283 (ο)
270 4205 587 4270 Peenno-Hmnonurns.
619 4203 783 4288 Increpasti
808 4211 912 4286 pentes,

165 4314 217 4380 per
230 4295 447 4380 predicatores,
463 4313 513 4362 eos
529 4293 579 4377 qui
596 4294 673 4360 idola
688 4294 865 4372 adorabant,
882 4292 915 4356 li·

201 4514 228 4551 ο.
248 4493 276 4551 6.
296 4495 362 4548 Vat.
385 4491 427 4549 10.
448 4494 616 4549 Theodoreti
636 4493 831 4565 paraphrasis:
846 4491 913 4549 Νοεε

165 4587 242 4637 enim
260 4583 396 4650 tolerasti,
417 4584 526 4638 diutius
546 4587 693 4639 bominum
713 4594 849 4637 naturam
864 4585 913 4638 de·

164 4676 283 4742 spicere,
297 4675 333 4728 ab
345 4675 446 4729 acerbo
465 4684 590 4742 tyrariuo
609 4678 641 4728 in
659 4678 826 4729 seruitutem
838 4675 914 4728 male

164 4764 319 4830 redactam,
339 4764 388 4818 sed
407 4775 545 4833 tanquam
564 4768 706 4833 quispiam
720 4764 812 4834 judeae
828 4780 915 4833 super

163 4854 234 4908 solia
244 4853 301 4907 alto
315 4863 340 4908 et
353 4856 477 4908 terribiti
487 4853 629 4908 tribunali
637 4853 749 4918 seriens,
762 4855 845 4908 talem
859 4858 914 4923 ipsi

162 4957 284 5012 paenam
303 4946 478 5010 imposuisti,
497 4951 529 4995 ut
547 4945 681 4996 memoria
700 4943 787 5009 hujus
806 4945 911 5010 sempi-

165 5041 247 5085 terna
266 5031 405 5085 obliuione
429 5031 608 5085 obscuretur.
629 5028 680 5084 Sed
707 5029 768 5082 vids
794 5028 913 5084 interius

165 5116 248 5189 quale
272 5117 422 5173 discrimen
449 5118 603 5171 intercedat
621 5118 772 5187 Origenem
792 5119 866 5171 inter·
885 5124 913 5172 et

164 5205 379 5276 Theodoretum,
399 5208 445 5260 ubi
465 5207 543 5278 prior
568 5211 665 5278 aperte
685 5207 801 5278 respicit
819 5224 910 5261 eoram

163 5313 193 5355 se
212 5301 379 5376 superstites
404 5300 499 5370 orgias
517 5297 653 5366 ethnicas,
673 5303 774 5359 τελετὰς
801 5301 849 5350 τῶν
870 5302 909 5358 νῦν

1673 541 1728 608 let

980 681 1090 747 babens
1105 682 1183 747 huno
1196 684 1317 750 lruetum
1329 687 1466 770 Spiritus,
1479 708 1514 755 ae
1524 711 1577 776 per
1590 695 1729 760 sublimes

977 789 1233 872 contemplationes
1254 793 1380 859 reterens
1398 794 1453 860 Dei
1475 798 1619 882 prodigia.

1017 1018 1048 1063 ν.
1066 1003 1093 1063 6.
1112 1001 1273 1086 Iuerepasti
1285 1013 1390 1089 pmtes,
1405 1015 1433 1072 rt
1444 1012 1529 1093 periit
1545 1013 1663 1096 impias,-
1677 1035 1728 1078 ao-

977 1123 1040 1168 ruca
1059 1109 1122 1190 ejus
1143 1108 1266 1174 delevisti
1284 1113 1314 1175 iu
1334 1114 1479 1178 soeculum
1499 1116 1614 1180 sacculi.

1017 1321 1064 1384 Sic
1086 1333 1204 1406 proptor
1224 1335 1357 1391 naturam
1387 1329 1542 1395 humanam
1570 1333 1728 1418 tyrannide

976 1445 1156 1512 oppressam,
1177 1440 1304 1513 tyranno
1325 1453 1436 1499 savam
1457 1454 1573 1518 poenam
1589 1439 1727 1521 imposui-

977 1537 1025 1598 sti.
1048 1537 1212 1622 Iuorepasti
1228 1547 1337 1624 peotes,
1360 1542 1391 1606 id
1411 1554 1458 1608 est
1478 1545 1647 1627 ¹imposuisti
1676 1548 1728 1612 di-

976 1642 1047 1707 vina
1062 1645 1201 1728 dogmata
1223 1667 1275 1726 per
1295 1651 1454 1732 apostolos,
1471 1670 1630 1737 eorumque
1644 1655 1730 1720 dein·

975 1765 1042 1832 ceps
1053 1769 1252 1832 successores3
1268 1763 1335 1836 quaa
1346 1773 1411 1819 oum
1426 1767 1544 1840 recepta
1555 1759 1625 1838 sint,
1640 1762 1729 1842 periit

974 1855 1088 1938 impius,
1102 1857 1162 1938 jarn
1177 1877 1236 1923 non
1250 1859 1364 1925 babens
1378 1863 1513 1942 asseclas,
1530 1866 1636 1929 erroris
1656 1865 1726 1931 ado·

976 1970 1086 2026 ratores
1108 1965 1162 2046 (a).
1187 1966 1270 2030 Haud
1292 1967 1379 2032 aliter
1398 1969 1551 2054 Lycaones
1576 1971 1727 2040 immolare

974 2083 1139 2148 aggressos,
1155 2072 1263 2136 Paulas
1277 2084 1308 2138 et
1321 2075 1473 2141 Barnabas
1492 2078 1663 2161 increpuere
1683 2080 1726 2145 di-

974 2185 1090 2240 eentes:
1108 2202 1121 2237 o
1136 2179 1215 2259 Quid
1232 2179 1340 2261 tactile,
1357 2183 1474 2247 oriri?
1490 2185 1527 2249 Et
1540 2204 1594 2249 nos
1609 2205 1725 2270 quoque

975 2283 1112 2348 mortales
1131 2303 1243 2365 sumus,
1266 2287 1376 2354 similes
1397 2289 1484 2356 vobis
1503 2291 1647 2372 homines,
1670 2311 1725 2358 ros
1823 2311 1825 2317 ⁸

974 2392 1012 2455 ab
1034 2392 1079 2456 bis
1093 2395 1182 2459 vanis
1195 2404 1402 2460 convertentes
1417 2394 1455 2461 ad
1471 2397 1565 2463 Deum
1587 2399 1722 2463 virum.»

974 2499 1010 2562 lit
1032 2499 1140 2566 Paulus
1168 2502 1290 2567 Galatas
1319 2503 1477 2587 increpuit:
1501 2505 1554 2569 «Ο
1582 2506 1724 2572 insensati
1787 2577 1791 2586 ‚

974 2607 1100 2687 Galatae,
1116 2610 1182 2691 quis
1197 2628 1251 2675 ros
1266 2611 1435 2692 fascinavit,
1452 2613 1558 2696 quibus
1573 2623 1643 2679 ante
1657 2633 1725 2680 ocu-

972 2715 1251 2783 tostesuscbrisrus
1264 2720 1452 2802 praescriptus
1462 2731 1508 2786 est
1518 2723 1721 2788 crucifixus‘la

973 2823 1021 2886 Sic
1042 2824 1220 2890 Corinthiis:
1246 2851 1260 2888 a
1283 2829 1410 2892 Omnino
1431 2830 1509 2895 inter
1528 2848 1585 2897 ros
1606 2830 1724 2897 auditur

973 2931 1140 3012 lornioatio,
1163 2943 1193 2997 et
1217 2934 1314 3017 qualis
1335 2954 1430 3018 neque
1451 2937 1643 3018 ingentibus
1664 2957 1723 3004 no-

973 3038 1129 3101 minatur.»
1141 3077 1176 3085 —
1186 3040 1299 3104 Interea
1308 3044 1393 3124 potiri
1401 3063 1502 3106 nomeu
1513 3063 1610 3108 eorum
1620 3046 1650 3108 ιἰε
1660 3065 1723 3110 sae·

972 3145 1075 3209 eatam.
1092 3148 1164 3212 Tota
1183 3148 1262 3212 enim
1280 3149 1425 3214 exstincta
1444 3159 1490 3215 est
1504 3151 1632 3216 initiatio
1649 3171 1722 3234 pro-

973 3254 1039 3317 lana
1067 3253 1169 3317 borum
1194 3255 1351 3333 bominum,
1376 3257 1425 3339 qui
1452 3275 1531 3321 nuno
1556 3260 1668 3323 vivunt
1692 3269 1723 3325 et

973 3359 1111 3438 ignorant
1132 3359 1250 3440 pietatis
1272 3361 1422 3442 mysteria3
1444 3362 1520 3427 idem
1541 3382 1660 3446 prorsus
1674 3373 1722 3430 est

971 3463 1058 3529 iilud:
1085 3465 1167 3532 «Via
1188 3465 1346 3548 impiorum
1366 3466 1505 3549 peribit.»

1010 3699 1041 3744 ν.
1059 3680 1088 3745 8.
1106 3680 1147 3744 Et
1161 3681 1303 3747 Dominus
1317 3685 1346 3745 ia
1358 3684 1502 3748 secudum
1512 3691 1620 3762 οιοιεεί,Ι
1634 3705 1721 3768 prae·
1820 3679 1825 3690 '

969 3789 1087 3872 parauit
1106 3791 1135 3853 io
1148 3791 1260 3874 judicio
1282 3793 1412 3856 tironum
1432 3812 1525 3858 suum.

1008 3897 1074 3962 Non
1085 3899 1179 3962 solum
1191 3919 1242 3981 pro
1254 3900 1392 3983 praesenti
1403 3901 1468 3965 vita
1479 3901 1622 3967 virtutem
1634 3921 1719 3967 suam

969 4004 1099 4084 exeruit,
1123 4004 1176 4069 sed
1202 4005 1291 4071 etiam
1319 4007 1349 4070 in
1376 4009 1476 4072 tuturo
1502 4009 1718 4074 formidandum
1798 4035 1802 4042 ·

969 4217 1027 4282 gna
1042 4208 1072 4264 et
1085 4199 1208 4285 lapides.
1222 4201 1489 4285 asperrumum,
1503 4203 1654 4283 Diabolus,
1666 4206 1716 4289 qui

970 4291 999 4354 in
1021 4289 1093 4373 ipsis
1115 4289 1204 4372 lignis
1226 4290 1273 4354 rel
1295 4288 1444 4371 lapidibus
1465 4291 1615 4357 adoratur.

969 4488 1117 4558 iliopoleos,
1132 4487 1272 4558 posterior
1284 4503 1348 4542 vero
1356 4493 1416 4559 jam
1427 4488 1518 4544 deleta
1531 4508 1646 4561 prorsus
1658 4509 1717 4566 my·

968 4580 1056 4632 steria
1075 4577 1311 4644 comminiscitur,
1332 4581 1414 4650 eujus
1435 4594 1529 4648 graeca
1547 4580 1643 4635 andire
1657 4588 1714 4636 est:

967 4663 1133 4722 Ἐσθέσθησαν
1152 4671 1201 4738 γὰρ
1220 4668 1348 4727 παντελῶς
1367 4669 1411 4726 τῆς
1432 4662 1545 4728 &critiae
1562 4670 1589 4719 αἰ
1608 4675 1715 4738 τελεταί,

967 4760 1009 4807 καί
1028 4755 1090 4825 λήθῃ
1110 4759 1230 4806 παντελεῖ
1245 4755 1423 4824 παρεδόθησαν,
1444 4757 1475 4815 ὡς
1496 4755 1591 4826 μηδένα
1608 4759 1657 4810 τῶν
1676 4763 1717 4812 νῦν

967 4845 1100 4915 ἀνθρώπων
1120 4843 1207 4896 εἰδέναι
1219 4850 1252 4895 τά
1263 4847 1307 4904 τῆς
1322 4841 1435 4905 &aeficiat
1448 4847 1580 4917 μυστήρια.
1596 4847 1631 4901 Εἰ
1648 4850 1715 4903 mihi

967 4937 1112 4990 considera
1122 4935 1617 5009 quomodosecernenturperappiaau
1629 4943 1657 4992 et
1668 4955 1726 4992 ex-·

967 5029 1047 5095 cepta
1062 5027 1110 5076 arri
1125 5027 1169 5076 τοῦ
1180 5025 1313 5093 στόματος,
1334 5029 1484 5091 tumente,
1504 5031 1561 5080 tum
1580 5031 1643 5098 post
1664 5030 1717 5082 Ee·

966 5115 1059 5169 olesiae
1074 5132 1180 5186 pacem.
1195 5116 1231 5172 ct.
1244 5116 1307 5172 Aeo.
1322 5132 1379 5188 xrs,
1397 5115 1438 5186 143
1454 5116 1515 5172 Gal.
1530 5135 1570 5188 ru,
1589 5117 1614 5188 ἰς
1628 5137 1636 5174 r
1650 5121 1712 5178 Cor.

966 5220 995 5270 v,
1018 5200 1044 5270 l,
1065 5220 1083 5258 rr
1103 5205 1175 5258 Tim.
1196 5220 1235 5271 ιν,
1253 5203 1280 5261 2.

1002 5315 1029 5356 u.
1050 5295 1077 5350 8.
1098 5297 1242 5352 Bai-beria.
1263 5313 1305 5367 rra,
1323 5297 1359 5354 59
1379 5297 1399 5353 l.
1421 5297 1467 5360 30,
