3976 6078
285 495 321 557 111
846 487 978 554 CthlS
999 489 1028 552 S.
1053 487 1260 553 nnttnottts

326 645 374 710 ts.
398 643 568 708 hmbulatio
588 641 654 723 Dei,
677 641 831 708 delectatio
852 641 1026 707 Divinitatis
1048 642 1078 707 in
1099 642 1237 729 operibus
1258 651 1431 710 sanctorum
1459 659 1589 709 suorum.
1613 643 1647 708 ln
1668 641 1829 729 propheta:

286 761 325 826 llt
344 760 500 826 ambulabo
522 761 553 825 in
577 758 647 838 illis,
669 767 699 825 et
719 777 769 826 ero
789 759 903 825 illorum
924 759 1013 828 Deus.

327 879 376 944 13.
399 878 496 958 Iuba,
518 877 572 942 Dei
594 895 654 943 vox
676 876 844 942 manifesta.
867 875 901 941 ln
923 875 1082 960 Apostolo:
1105 877 1139 943 ln
1155 877 1240 960 jussu
1254 885 1284 943 et
1298 895 1372 946 rooe
1391 873 1562 957 archangeli
1583 883 1615 940 et
1635 873 1665 940 in
1686 876 1757 942 tuba
1776 876 1832 943 Dei

285 996 446 1064 descendet
465 995 503 1061 de
522 995 605 1061 eoelo.

322 1169 367 1226 42.
387 1170 476 1225 Lavit.
495 1185 570 1238 xxvi,
592 1166 633 1224 12.
1089 1171 1136 1223 net
1149 1167 1296 1237 patrolog.
1310 1167 1331 1224 1.
1346 1165 1366 1221 1.
1379 1167 1434 1223 Vix
1444 1166 1525 1238 plura
1535 1166 1622 1221 edidit
1632 1164 1720 1221 Gottl.
1734 1167 1834 1240 Heyne

321 1258 366 1315 43.
388 1259 517 1316 tThess.
539 1248 642 1326 rv,'l5.
664 1257 725 1312 Huc
751 1272 839 1328 utque
864 1259 982 1329 excepte
1001 1273 1035 1312 ex
1089 1276 1125 1313 ex
1143 1259 1205 1314 eod.
1224 1256 1356 1314 Aleohae.
1382 1258 1412 1311 in
1438 1259 1574 1313 Bibliotb·
1601 1256 1728 1311 anecdot.
1753 1254 1832 1328 Lips.

285 1364 386 1422 apogr.
402 1350 492 1406 Oxon.
507 1364 569 1420 quae
582 1348 664 1418 Voog
676 1345 774 1414 edidit,
786 1361 835 1400 nee
846 1345 928 1418 plura
940 1345 1034 1400 conti·
1092 1345 1170 1415 1848,
1190 1364 1219 1419 p.
1237 1344 1301 1402 244.

1038 1621 1085 1694 ΙΙ.

669 1820 729 1885 DE
753 1818 872 1887 FILIO
896 1819 974 1884 DEI
998 1818 1236 1887 SECUNDUM
1260 1819 1449 1887 CARNEM.

327 2045 356 2106 l.
382 2046 422 2125 [p.
447 2043 489 2122 6.]
513 2040 609 2125 Caput
630 2039 753 2120 Christi,
777 2039 867 2106 Deus.
891 2039 926 2104 ln
946 2037 1103 2121 Apostolo:
1126 2040 1221 2122 Caput
1241 2048 1339 2104 antem
1361 2037 1480 2116 Christi,
1501 2041 1591 2107 Deus.

326 2164 355 2224 h.
379 2160 491 2242 Corpus
512 2158 634 2236 Christi,
655 2167 756 2224 sancta
776 2156 920 2237 Ecclesia,
943 2156 993 2221 nbi
1015 2165 1045 2222 et
1065 2174 1171 2239 snpra:
1196 2155 1308 2239 Corpus
1330 2157 1405 2241 ejus,
1429 2157 1508 2241 quod
1528 2157 1736 2224 est'licelesia.

327 2279 357 2342 3.
380 2279 476 2362 Caput
495 2276 646 2356 Ecclesiae,
668 2275 812 2341 Christus.
834 2274 870 2339 ln
891 2273 1049 2355 Apostolo:
1072 2273 1168 2356 Caput
1189 2283 1287 2340 autem
1308 2273 1450 2352 mulieris,
1472 2274 1529 2339 rir.

326 2396 354 2460 1.
378 2394 484 2478 Capilli
504 2394 614 2459 Christi
637 2393 764 2472 candidi,
789 2390 945 2457 multitudo
966 2396 1135 2454 sanctornm
1150 2387 1364 2454 dealbatorum.
1380 2389 1414 2453 ln
1431 2387 1607 2472 Apocalypsi
1629 2396 1661 2452 et
1681 2387 1712 2452 in
1733 2386 1835 2453 Eran-

286 2511 379 2594 gelio:
402 2512 504 2596 Neque
523 2530 576 2594 per
595 2509 716 2594 capillos
734 2508 838 2592 eapitis
862 2506 903 2571 tui
922 2505 1081 2589 juraveris.

327 2630 356 2692 b.
378 2627 463 2696 Oculi
484 2627 604 2708 Christi,
629 2625 803 2708 evangelica
824 2631 982 2706 precepta.
1006 2622 1040 2687 ln
1060 2621 1187 2688 Genesi:
1212 2621 1397 2688 Pulchriores
1417 2621 1496 2686 ocull
1517 2620 1581 2704 ejus
1601 2621 1684 2686 rino.
1725 2683 1726 2688 ,

326 2745 355 2808 6.
377 2744 489 2809 Dentes
509 2743 630 2823 Christi,
653 2741 789 2826 apostoli,
812 2740 861 2804 nbi
882 2749 914 2804 et
933 2757 1039 2823 supra:
1061 2739 1100 2804 llt
1121 2738 1224 2804 dentes
1246 2739 1322 2804 laete
1343 2737 1540 2803 candidiores.

325 2861 355 2926 1.
378 2861 492 2943 hingua
513 2860 633 2938 Christi,
655 2858 847 2940 evangelicus
867 2875 975 2922 sermo.
998 2856 1033 2922 ln
1053 2856 1185 2940 psalmo:
1209 2856 1323 2938 hingua
1345 2872 1409 2922 mea
1431 2854 1556 2921 adhaesit
1572 2855 1704 2922 lancibus
1725 2858 1809 2921 meis.

324 2978 353 3043 8.
377 2979 488 3043 Fauces
508 2977 630 3058 Christi,
654 2975 859 3061 predicatores
880 2973 1049 3058 Evangelii,
1073 2974 1123 3039 ubi
1145 2982 1174 3040 et
1195 2991 1295 3058 supra.

324 3094 354 3172 o,
378 3093 468 3158 habia
489 3092 609 3173 Christi,
632 3093 858 3159 adnunciatores
878 3092 975 3158 verbi.
999 3093 1031 3156 ln
1053 3091 1176 3158 Cantieo
1196 3091 1386 3155 cantieorum.

325 3210 374 3274 tt.
397 3209 493 3272 Barba
513 3207 633 3288 Christi,
657 3207 742 3272 horno
763 3218 931 3295 assumptus
950 3226 967 3271 a
989 3208 1094 3286 Verbo,
1117 3206 1167 3272 rel
1189 3205 1309 3290 perlecti
1332 3227 1442 3275 ornnes.
1466 3208 1500 3272 ln
1521 3208 1648 3292 psalmo:
1673 3206 1756 3271 Sicut
1772 3226 1831 3272 un-

285 3335 425 3410 guentum
447 3328 476 3390 in
498 3323 606 3408 capite,
630 3323 708 3408 quod
729 3324 882 3392 descendit
903 3325 933 3391 in
953 3325 1074 3390 barbam
1095 3326 1203 3389 Aaron.

327 3447 376 3510 11.
399 3445 506 3512 Manus
522 3443 643 3524 Christi,
659 3443 787 3527 operarii
799 3443 930 3527 justitiae,
948 3443 985 3509 ad
1000 3461 1075 3527 opus
1089 3442 1198 3508 bonum
1213 3440 1318 3526 parati.
1335 3439 1369 3505 ln
1384 3437 1504 3502 Centieo
1517 3436 1709 3504 cantieorum:
1727 3435 1833 3501 Manus

284 3562 348 3645 ejus
370 3561 534 3640 tornatiles,
557 3577 664 3626 auree.

326 3680 374 3743 ta.
399 3678 494 3760 Digiti
514 3679 645 3760 Domini,
669 3680 757 3744 lortes
777 3678 809 3742 in
829 3675 974 3757 Ecclesia,
998 3677 1150 3761 usquead
1171 3685 1293 3743 mortem
1313 3678 1353 3758 [p.
1371 3675 1401 3755 1]
1420 3691 1472 3756 pro
1490 3670 1605 3756 justitia
1625 3669 1830 3752 agonizantes,

286 3796 335 3861 ubi
357 3805 387 3861 et
406 3815 513 3880 snpra:
535 3796 630 3878 Digiti
653 3797 709 3862 mei
731 3795 951 3861 instillaverunt
972 3795 1133 3879 myrrham.

324 3915 373 3977 13.
397 3913 521 3979 Dextera
544 3914 673 3996 Domini,
696 3915 914 3980 Testamentum
936 3931 1064 3993 novum;
1088 3911 1220 3992 sinistra,
1243 3920 1343 3979 vetus.

325 4029 373 4092 ld.
397 4027 472 4094 Item
487 4028 619 4110 dextera,
636 4029 788 4094 beatitudo
804 4039 960 4113 perpetua;
977 4029 1108 4108 sinistra,
1122 4029 1187 4094 vita
1209 4046 1349 4113 presens,
1367 4027 1443 4092 sicut
1458 4025 1489 4090 in
1509 4022 1631 4090 Cantico
1652 4021 1831 4086 cantieorum

283 4145 413 4210 Ecclesia
434 4145 521 4212 dicit:
545 4146 634 4212 Iera
653 4147 717 4231 ejus
738 4145 793 4212 sub
815 4146 912 4230 capite
934 4164 1008 4224 meo,
1032 4156 1063 4212 et
1083 4148 1201 4211 dextera
1222 4147 1286 4229 ejus
1308 4142 1522 4229 amplexabitur
1543 4159 1600 4206 me.

319 4354 351 4408 ll.
372 4351 484 4408 'l'ilulns
502 4355 597 4408 noster
614 4353 644 4406 in
664 4353 688 4408 Α
703 4357 733 4407 et
744 4353 765 4409 C
777 4353 862 4408 minio
875 4352 1030 4424 distingui·
1084 4353 1118 4407 ab
1130 4367 1235 4406 annosa
1246 4352 1413 4424 antiquitate
1426 4352 1479 4418 est,
1494 4349 1578 4404 toties
1592 4347 1646 4400 dici
1664 4359 1830 4417 praecones,

285 4446 340 4510 tur,
361 4440 437 4496 nullo
457 4444 551 4496 temen
569 4443 686 4513 prastino
702 4431 828 4496 numero.
1084 4446 1113 4497 et
1130 4441 1231 4496 nullibi
1251 4441 1367 4496 excitari
1380 4441 1439 4494 sire
1452 4436 1553 4507 eleros,
1568 4436 1627 4504 nipe
1638 4436 1830 4507 presbyteros,

323 4531 347 4588 1.
368 4551 377 4589 ι
397 4533 459 4588 Cor.
480 4547 518 4599 11,
541 4530 565 4586 1.
586 4561 621 4574 -
643 4532 677 4587 Ut
696 4536 728 4587 in
740 4543 828 4602 apost.
844 4532 877 4600 Α,
898 4531 926 4600 C,
946 4530 1030 4587 solite
1083 4533 1142 4587 sire
1162 4532 1318 4604 episcopos.

284 4623 475 4679 emendatIone
494 4626 523 4678 et
540 4623 735 4694 expunctione,
754 4622 850 4694 sicque
868 4622 897 4675 in
917 4621 944 4688 3,
960 4621 987 4689 4,
998 4620 1027 4691 5,
1122 4619 1165 4677 10.
1185 4622 1232 4676 Pe.
1253 4637 1362 4687 (mxxii,
1381 4619 1410 4674 2.
1430 4647 1466 4661 -·
1487 4615 1530 4673 11.
1550 4617 1629 4672 (lant.
1649 4630 1677 4682 ι,
1700 4611 1741 4666 14.

282 4714 311 4784 7,
331 4715 357 4780 9,
379 4712 419 4784 10,
442 4713 485 4784 11,
508 4713 549 4778 12,
572 4713 614 4784 14,
636 4710 681 4785 15,
704 4710 746 4780 11,
769 4711 812 4782 19,
830 4711 875 4781 20,
894 4713 940 4786 24,
960 4713 1005 4772 25.
1121 4712 1163 4766 12.
1183 4711 1222 4766 lb.
1243 4726 1270 4765 v.
1290 4711 1317 4765 5.
1332 4711 1445 4766 Utinam
1464 4710 1549 4763 sttieo
1566 4723 1616 4760 suo
1635 4703 1730 4775 lepore
1749 4705 1830 4756 exta·

318 4805 345 4861 2.
367 4805 473 4862 Dolosa.
494 4825 514 4872 ι,
535 4805 579 4860 24.
599 4836 634 4849 --
654 4805 680 4862 3.
700 4822 709 4861 1
729 4806 791 4860 Cer.
812 4821 851 4874 xr,
876 4803 909 4861 1.Ι
1083 4799 1316 4855 retrenustaille
1334 4799 1368 4855 de
1387 4797 1558 4872 martyribus
1580 4791 1717 4848 formulal
1738 4791 1831 4844 Etiam

319 4895 346 4950 4.
367 4895 469 4952 matth.
490 4913 517 4965 v,
537 4895 583 4964 36,
602 4896 641 4950 ef.
661 4896 749 4967 Apoo.
769 4911 788 4962 r,
812 4893 853 4950 14.
1083 4891 1209 4962 respexit
1220 4887 1339 4946 Ecclesi.
1354 4906 1394 4958 ιι,
1412 4887 1459 4956 33,
1472 4886 1545 4958 apud
1558 4901 1614 4940 unx
1628 4887 1718 4951 Σιιρὰχ
1731 4896 1770 4949 tv,
1783 4877 1830 4932 28:
1926 4876 1930 4885 '

318 4983 380 5040 5-6.
401 4985 469 5040 Gen.
491 5001 567 5053 xhtx,
589 4983 631 5040 12.
653 5015 687 5026 -
704 4983 734 5040 7.
754 4984 802 5039 Pe.
822 5001 881 5052 xxt,
904 4981 945 5038 16.
1084 4981 1130 5041 ἕως
1150 4983 1192 5033 τοῦ
1213 4983 1319 5046 tundnau
1346 4979 1467 5051 ἀγώνισαι
1486 4982 1541 5046 trapi
1566 4979 1610 5035 raia
1630 4973 1760 5038 annectar,
1778 4988 1831 5041 pro

202 5091 205 5098 ·
317 5072 345 5128 8.
365 5074 491 5148 Ineptum
510 5074 756 5129 essetreoentiors
768 5078 899 5146 reputare
918 5070 1030 5146 singula
1076 5073 1193 5141 justitia
1212 5066 1300 5139 Vulg.
1314 5071 1345 5122 ut
1363 5065 1413 5122 elii
1432 5066 1511 5122 codd.
1533 5063 1669 5130 Holmon,
1681 5061 1730 5133 qni
1746 5061 1830 5115 etiarn

283 5160 346 5217 loca
358 5163 391 5216 de
404 5163 648 5235 praedicatoribus,
663 5164 710 5235 qui
725 5180 784 5218 aevo
797 5161 950 5236 apostolico
966 5168 1031 5218 sunt
1082 5160 1248 5214 varietatem
1268 5161 1391 5210 nostram
1411 5157 1440 5209 in
1461 5155 1574 5209 Cantica
1593 5149 1745 5207 declarant.

279 5271 445 5327 mancones,
466 5256 689 5310 annuntiatores
708 5257 797 5322 verbi,
817 5257 928 5326 κήρυκες.
948 5251 1031 5309 lmmo
1126 5249 1166 5304 14.
1189 5250 1269 5305 Cant.
1290 5261 1319 5315 11,
1340 5244 1366 5302 6.
