<?xml version="1.0" encoding="UTF-8"?>
<!DOCTYPE html PUBLIC "-//W3C//DTD XHTML 1.0 Transitional//EN"
    "http://www.w3.org/TR/xhtml1/DTD/xhtml1-transitional.dtd">
<html xmlns="http://www.w3.org/1999/xhtml" xml:lang="en" lang="en">
 <head>
  <title>
</title>
<meta http-equiv="Content-Type" content="text/html;charset=utf-8" />
  <meta name='ocr-system' content='tesseract 3.04.00' />
  <meta name='ocr-capabilities' content='ocr_page ocr_carea ocr_par ocr_line ocrx_word'/>
</head>
<body>
  <div class='ocr_page' id='page_1' title='image "./analectasacrasp01pitrgoog_0348.png"; bbox 0 0 4064 6108; ppageno 0'>
   <div class='ocr_carea' id='block_1_1' title="bbox 0 29 2 947">
    <p class='ocr_par' dir='ltr' id='par_1_1' title="bbox 0 29 2 947">
     <span class='ocr_line' id='line_1_1' title="bbox 0 29 2 947; baseline 0 0"><span class='ocrx_word' id='word_1_1' title='bbox 0 29 2 947; x_wconf 95' lang='lat' dir='ltr'><strong> </strong></span> 
     </span>
    </p>
   </div>
   <div class='ocr_carea' id='block_1_2' title="bbox 721 435 1770 504">
    <p class='ocr_par' dir='ltr' id='par_1_2' title="bbox 721 435 1770 504">
     <span class='ocr_line' id='line_1_2' title="bbox 721 435 1770 504; baseline 0.003 -4"><span class='ocrx_word' id='word_1_2' title='bbox 721 435 1053 502; x_wconf 77' lang='lat' dir='ltr'><strong>ctnlhtutltaltsls</strong></span> <span class='ocrx_word' id='word_1_3' title='bbox 1074 435 1281 502; x_wconf 82' lang='lat' dir='ltr'>EPISCOPUS</span> <span class='ocrx_word' id='word_1_4' title='bbox 1714 441 1770 504; x_wconf 82' lang='lat' dir='ltr'><strong>aut</strong></span> 
     </span>
    </p>
   </div>
   <div class='ocr_carea' id='block_1_3' title="bbox 226 575 1775 1208">
    <p class='ocr_par' dir='ltr' id='par_1_3' title="bbox 226 575 1775 1208">
     <span class='ocr_line' id='line_1_3' title="bbox 228 575 1772 674; baseline 0.004 -22"><span class='ocrx_word' id='word_1_5' title='bbox 228 587 336 652; x_wconf 87' lang='lat' dir='ltr'><strong>ritnuia</strong></span> <span class='ocrx_word' id='word_1_6' title='bbox 357 594 387 652; x_wconf 92' lang='lat' dir='ltr'><strong>et</strong></span> <span class='ocrx_word' id='word_1_7' title='bbox 401 584 551 652; x_wconf 82' lang='lat' dir='ltr'><strong>Numidia.</strong></span> <span class='ocrx_word' id='word_1_8' title='bbox 567 585 663 667; x_wconf 83' lang='lat' dir='ltr'><strong>dtque</strong></span> <span class='ocrx_word' id='word_1_9' title='bbox 677 597 848 667; x_wconf 78' lang='lat' dir='ltr'><strong>sanxerunt,</strong></span> <span class='ocrx_word' id='word_1_10' title='bbox 864 597 898 654; x_wconf 85' lang='lat' dir='ltr'><strong>ut</strong></span> <span class='ocrx_word' id='word_1_11' title='bbox 910 589 975 672; x_wconf 87' lang='lat' dir='ltr'><strong>qui·</strong></span> <span class='ocrx_word' id='word_1_12' title='bbox 1030 588 1106 672; x_wconf 92' lang='lat' dir='ltr'><strong>[hoc]</strong></span> <span class='ocrx_word' id='word_1_13' title='bbox 1129 589 1336 669; x_wconf 83' lang='lat' dir='ltr'><strong>decreverunt,</strong></span> <span class='ocrx_word' id='word_1_14' title='bbox 1355 575 1550 674; x_wconf 79' lang='lat' dir='ltr'><strong>[tolumnio]</strong></span> <span class='ocrx_word' id='word_1_15' title='bbox 1570 590 1631 658; x_wconf 84' lang='lat' dir='ltr'><strong>nelo</strong></span> <span class='ocrx_word' id='word_1_16' title='bbox 1657 593 1772 658; x_wconf 84' lang='lat' dir='ltr'><strong>diuino.</strong></span> 
     </span>
     <span class='ocr_line' id='line_1_4' title="bbox 229 692 1775 784; baseline 0.005 -28"><span class='ocrx_word' id='word_1_17' title='bbox 229 711 353 776; x_wconf 87' lang='lat' dir='ltr'><strong>cumque</strong></span> <span class='ocrx_word' id='word_1_18' title='bbox 364 692 898 775; x_wconf 75' lang='lat' dir='ltr'><strong>consuerenturaquattbethaercst,</strong></span> <span class='ocrx_word' id='word_1_19' title='bbox 912 704 975 759; x_wconf 91' lang='lat' dir='ltr'><strong>tan·</strong></span> <span class='ocrx_word' id='word_1_20' title='bbox 1028 695 1116 774; x_wconf 83' lang='lat' dir='ltr'><strong>Quod</strong></span> <span class='ocrx_word' id='word_1_21' title='bbox 1137 715 1210 763; x_wconf 87' lang='lat' dir='ltr'><strong>sanc</strong></span> <span class='ocrx_word' id='word_1_22' title='bbox 1229 698 1308 763; x_wconf 88' lang='lat' dir='ltr'><strong>clarc</strong></span> <span class='ocrx_word' id='word_1_23' title='bbox 1322 699 1472 780; x_wconf 82' lang='lat' dir='ltr'><strong>significat</strong></span> <span class='ocrx_word' id='word_1_24' title='bbox 1485 719 1521 765; x_wconf 84' lang='lat' dir='ltr'><strong>ex</strong></span> <span class='ocrx_word' id='word_1_25' title='bbox 1538 700 1572 763; x_wconf 87' lang='lat' dir='ltr'><strong>iis</strong></span> <span class='ocrx_word' id='word_1_26' title='bbox 1587 715 1655 784; x_wconf 79' lang='lat' dir='ltr'><strong>quae</strong></span> <span class='ocrx_word' id='word_1_27' title='bbox 1674 708 1775 784; x_wconf 83' lang='lat' dir='ltr'><strong>postea</strong></span> 
     </span>
     <span class='ocr_line' id='line_1_5' title="bbox 230 800 1775 890; baseline 0.004 -24"><span class='ocrx_word' id='word_1_28' title='bbox 230 819 318 882; x_wconf 87' lang='lat' dir='ltr'><strong>quam</strong></span> <span class='ocrx_word' id='word_1_29' title='bbox 339 819 399 866; x_wconf 94' lang='lat' dir='ltr'><strong>uon</strong></span> <span class='ocrx_word' id='word_1_30' title='bbox 425 800 568 884; x_wconf 82' lang='lat' dir='ltr'><strong>baptizati</strong></span> <span class='ocrx_word' id='word_1_31' title='bbox 594 801 802 886; x_wconf 87' lang='lat' dir='ltr'><strong>perficerentur</strong></span> <span class='ocrx_word' id='word_1_32' title='bbox 829 802 976 886; x_wconf 88' lang='lat' dir='ltr'><strong>baptismo</strong></span> <span class='ocrx_word' id='word_1_33' title='bbox 1028 803 1146 886; x_wconf 77' lang='lat' dir='ltr'>scripsit</span> <span class='ocrx_word' id='word_1_34' title='bbox 1160 813 1250 886; x_wconf 83' lang='lat' dir='ltr'><strong>atque</strong></span> <span class='ocrx_word' id='word_1_35' title='bbox 1262 806 1343 871; x_wconf 92' lang='lat' dir='ltr'><strong>misit</strong></span> <span class='ocrx_word' id='word_1_36' title='bbox 1354 817 1474 874; x_wconf 89' lang='lat' dir='ltr'><strong>sauctus</strong></span> <span class='ocrx_word' id='word_1_37' title='bbox 1488 807 1655 890; x_wconf 81' lang='lat' dir='ltr'><strong>Cyprianus</strong></span> <span class='ocrx_word' id='word_1_38' title='bbox 1667 807 1706 873; x_wconf 92' lang='lat' dir='ltr'><strong>ad</strong></span> <span class='ocrx_word' id='word_1_39' title='bbox 1720 809 1775 872; x_wconf 89' lang='lat' dir='ltr'><strong>lu·</strong></span> 
     </span>
     <span class='ocr_line' id='line_1_6' title="bbox 228 908 1774 999; baseline 0.003 -23"><span class='ocrx_word' id='word_1_40' title='bbox 228 918 340 976; x_wconf 75' lang='lat' dir='ltr'><strong>sauma</strong></span> <span class='ocrx_word' id='word_1_41' title='bbox 352 908 509 991; x_wconf 80' lang='lat' dir='ltr'><strong>Ecclesiae3</strong></span> <span class='ocrx_word' id='word_1_42' title='bbox 525 908 692 976; x_wconf 83' lang='lat' dir='ltr'><strong>nullomodo</strong></span> <span class='ocrx_word' id='word_1_43' title='bbox 705 911 904 976; x_wconf 71' lang='lat' dir='ltr'>discernentes</span> <span class='ocrx_word' id='word_1_44' title='bbox 914 927 976 976; x_wconf 94' lang='lat' dir='ltr'><strong>mo·</strong></span> <span class='ocrx_word' id='word_1_45' title='bbox 1028 911 1195 979; x_wconf 81' lang='lat' dir='ltr'><strong>monianum</strong></span> <span class='ocrx_word' id='word_1_46' title='bbox 1212 914 1235 992; x_wconf 94' lang='lat' dir='ltr'><strong>l)</strong></span> <span class='ocrx_word' id='word_1_47' title='bbox 1250 923 1280 979; x_wconf 88' lang='lat' dir='ltr'><strong>et</strong></span> <span class='ocrx_word' id='word_1_48' title='bbox 1294 913 1424 998; x_wconf 82' lang='lat' dir='ltr'><strong>collegas</strong></span> <span class='ocrx_word' id='word_1_49' title='bbox 1437 933 1516 998; x_wconf 90' lang='lat' dir='ltr'><strong>suos,</strong></span> <span class='ocrx_word' id='word_1_50' title='bbox 1540 914 1693 999; x_wconf 87' lang='lat' dir='ltr'><strong>inquibus</strong></span> <span class='ocrx_word' id='word_1_51' title='bbox 1715 922 1774 980; x_wconf 89' lang='lat' dir='ltr'><strong>tra·</strong></span> 
     </span>
     <span class='ocr_line' id='line_1_7' title="bbox 226 1016 1773 1107; baseline 0.003 -25"><span class='ocrx_word' id='word_1_52' title='bbox 226 1018 299 1082; x_wconf 92' lang='lat' dir='ltr'><strong>dum</strong></span> <span class='ocrx_word' id='word_1_53' title='bbox 324 1017 498 1099; x_wconf 91' lang='lat' dir='ltr'><strong>procedendi</strong></span> <span class='ocrx_word' id='word_1_54' title='bbox 527 1016 712 1100; x_wconf 80' lang='lat' dir='ltr'><strong>singularum</strong></span> <span class='ocrx_word' id='word_1_55' title='bbox 733 1017 902 1097; x_wconf 70' lang='lat' dir='ltr'><strong>haereseon,</strong></span> <span class='ocrx_word' id='word_1_56' title='bbox 922 1019 976 1082; x_wconf 90' lang='lat' dir='ltr'><strong>sed</strong></span> <span class='ocrx_word' id='word_1_57' title='bbox 1028 1027 1091 1082; x_wconf 91' lang='lat' dir='ltr'><strong>ctat</strong></span> <span class='ocrx_word' id='word_1_58' title='bbox 1110 1018 1199 1084; x_wconf 89' lang='lat' dir='ltr'><strong>etiam</strong></span> <span class='ocrx_word' id='word_1_59' title='bbox 1219 1020 1257 1085; x_wconf 87' lang='lat' dir='ltr'><strong>de</strong></span> <span class='ocrx_word' id='word_1_60' title='bbox 1278 1021 1313 1085; x_wconf 92' lang='lat' dir='ltr'><strong>iis</strong></span> <span class='ocrx_word' id='word_1_61' title='bbox 1333 1021 1383 1105; x_wconf 87' lang='lat' dir='ltr'><strong>qui</strong></span> <span class='ocrx_word' id='word_1_62' title='bbox 1400 1021 1430 1086; x_wconf 93' lang='lat' dir='ltr'><strong>in</strong></span> <span class='ocrx_word' id='word_1_63' title='bbox 1443 1022 1614 1089; x_wconf 86' lang='lat' dir='ltr'><strong>infirmitate</strong></span> <span class='ocrx_word' id='word_1_64' title='bbox 1631 1022 1773 1107; x_wconf 86' lang='lat' dir='ltr'><strong>baptizati</strong></span> 
     </span>
     <span class='ocr_line' id='line_1_8' title="bbox 228 1122 1314 1208; baseline 0.002 -21"><span class='ocrx_word' id='word_1_65' title='bbox 228 1139 329 1187; x_wconf 89' lang='lat' dir='ltr'><strong>omues</strong></span> <span class='ocrx_word' id='word_1_66' title='bbox 342 1122 397 1187; x_wconf 91' lang='lat' dir='ltr'><strong>sub</strong></span> <span class='ocrx_word' id='word_1_67' title='bbox 411 1140 470 1187; x_wconf 86' lang='lat' dir='ltr'><strong>nna</strong></span> <span class='ocrx_word' id='word_1_68' title='bbox 484 1131 665 1188; x_wconf 75' lang='lat' dir='ltr'><strong>statuentes:</strong></span> <span class='ocrx_word' id='word_1_69' title='bbox 683 1124 737 1189; x_wconf 93' lang='lat' dir='ltr'><strong>hoc</strong></span> <span class='ocrx_word' id='word_1_70' title='bbox 750 1124 859 1208; x_wconf 84' lang='lat' dir='ltr'><strong>placuit</strong></span> <span class='ocrx_word' id='word_1_71' title='bbox 875 1125 910 1188; x_wconf 89' lang='lat' dir='ltr'><strong>iis</strong></span> <span class='ocrx_word' id='word_1_72' title='bbox 924 1128 975 1207; x_wconf 85' lang='lat' dir='ltr'><strong>qui</strong></span> <span class='ocrx_word' id='word_1_73' title='bbox 1028 1134 1098 1190; x_wconf 92' lang='lat' dir='ltr'><strong>sunt</strong></span> <span class='ocrx_word' id='word_1_74' title='bbox 1113 1125 1144 1190; x_wconf 91' lang='lat' dir='ltr'><strong>in</strong></span> <span class='ocrx_word' id='word_1_75' title='bbox 1160 1125 1235 1191; x_wconf 93' lang='lat' dir='ltr'><strong>lecto</strong></span> <span class='ocrx_word' id='word_1_76' title='bbox 1250 1144 1314 1192; x_wconf 89' lang='lat' dir='ltr'><strong>suo.</strong></span> 
     </span>
    </p>
   </div>
   <div class='ocr_carea' id='block_1_4' title="bbox 266 1281 1035 1364">
    <p class='ocr_par' dir='ltr' id='par_1_4' title="bbox 266 1281 1035 1364">
     <span class='ocr_line' id='line_1_9' title="bbox 266 1281 1035 1364; baseline 0.001 -28"><span class='ocrx_word' id='word_1_77' title='bbox 266 1283 288 1347; x_wconf 85' lang='lat'><strong>¹)</strong></span> <span class='ocrx_word' id='word_1_78' title='bbox 308 1283 377 1339; x_wconf 84' lang='lat' dir='ltr'><strong>told.</strong></span> <span class='ocrx_word' id='word_1_79' title='bbox 397 1283 452 1339; x_wconf 87' lang='lat' dir='ltr'><strong>col.</strong></span> <span class='ocrx_word' id='word_1_80' title='bbox 476 1281 554 1364; x_wconf 78' lang='lat'><strong>1009.</strong></span> <span class='ocrx_word' id='word_1_81' title='bbox 575 1283 648 1356; x_wconf 80' lang='lat' dir='ltr'><strong>Lege</strong></span> <span class='ocrx_word' id='word_1_82' title='bbox 669 1290 697 1340; x_wconf 82' lang='lat' dir='ltr'><strong>et</strong></span> <span class='ocrx_word' id='word_1_83' title='bbox 715 1285 830 1340; x_wconf 84' lang='lat' dir='ltr'><strong>emenda</strong></span> <span class='ocrx_word' id='word_1_84' title='bbox 849 1285 1035 1340; x_wconf 68' lang='lat' dir='ltr'><strong>dotatarum.</strong></span> 
     </span>
    </p>
   </div>
   <div class='ocr_carea' id='block_1_5' title="bbox 953 1519 1021 1593">
    <p class='ocr_par' dir='ltr' id='par_1_5' title="bbox 953 1519 1021 1593">
     <span class='ocr_line' id='line_1_10' title="bbox 953 1519 1021 1593; baseline -0.015 0"><span class='ocrx_word' id='word_1_85' title='bbox 953 1519 1021 1593; x_wconf 74' lang='lat' dir='ltr'><strong>l.</strong></span> 
     </span>
    </p>
   </div>
   <div class='ocr_carea' id='block_1_6' title="bbox 228 1710 1776 1916">
    <p class='ocr_par' dir='ltr' id='par_1_6' title="bbox 228 1710 1776 1916">
     <span class='ocr_line' id='line_1_11' title="bbox 267 1710 1775 1798; baseline 0.006 -20"><span class='ocrx_word' id='word_1_86' title='bbox 267 1711 679 1797; x_wconf 71' lang='lat' dir='ltr'><strong>Sanctusetiamcyprianus</strong></span> <span class='ocrx_word' id='word_1_87' title='bbox 693 1710 856 1796; x_wconf 89' lang='lat' dir='ltr'><strong>inepistola</strong></span> <span class='ocrx_word' id='word_1_88' title='bbox 870 1713 975 1796; x_wconf 80' lang='lat' dir='ltr'><strong>snaed</strong></span> <span class='ocrx_word' id='word_1_89' title='bbox 1029 1731 1146 1796; x_wconf 86' lang='lat' dir='ltr'><strong>uquam</strong></span> <span class='ocrx_word' id='word_1_90' title='bbox 1166 1714 1312 1798; x_wconf 91' lang='lat' dir='ltr'><strong>prioribus</strong></span> <span class='ocrx_word' id='word_1_91' title='bbox 1326 1715 1519 1783; x_wconf 78' lang='lat' dir='ltr'><strong>sententiis...</strong></span> <span class='ocrx_word' id='word_1_92' title='bbox 1536 1741 1549 1776; x_wconf 79' lang='lat' dir='ltr'><strong>u</strong></span> <span class='ocrx_word' id='word_1_93' title='bbox 1566 1718 1653 1783; x_wconf 84' lang='lat' dir='ltr'><strong>Porro</strong></span> <span class='ocrx_word' id='word_1_94' title='bbox 1676 1721 1706 1785; x_wconf 89' lang='lat' dir='ltr'><strong>in</strong></span> <span class='ocrx_word' id='word_1_95' title='bbox 1720 1721 1775 1788; x_wconf 95' lang='lat' dir='ltr'><strong>boc</strong></span> 
     </span>
     <span class='ocr_line' id='line_1_12' title="bbox 228 1819 1776 1916; baseline 0.006 -31"><span class='ocrx_word' id='word_1_96' title='bbox 228 1819 361 1898; x_wconf 79' lang='lat' dir='ltr'><strong>Quintum</strong></span> <span class='ocrx_word' id='word_1_97' title='bbox 376 1823 412 1903; x_wconf 90' lang='lat'><strong>¹),</strong></span> <span class='ocrx_word' id='word_1_98' title='bbox 428 1839 568 1888; x_wconf 89' lang='lat' dir='ltr'><strong>canonem</strong></span> <span class='ocrx_word' id='word_1_99' title='bbox 586 1822 698 1916; x_wconf 88' lang='lat' dir='ltr'><strong>clarum</strong></span> <span class='ocrx_word' id='word_1_100' title='bbox 711 1821 817 1887; x_wconf 89' lang='lat' dir='ltr'><strong>statuit</strong></span> <span class='ocrx_word' id='word_1_101' title='bbox 830 1822 971 1888; x_wconf 90' lang='lat' dir='ltr'><strong>dicendo:</strong></span> <span class='ocrx_word' id='word_1_102' title='bbox 1028 1831 1157 1906; x_wconf 87' lang='lat' dir='ltr'><strong>tempore</strong></span> <span class='ocrx_word' id='word_1_103' title='bbox 1184 1823 1241 1906; x_wconf 93' lang='lat' dir='ltr'><strong>ipsi</strong></span> <span class='ocrx_word' id='word_1_104' title='bbox 1267 1842 1336 1889; x_wconf 90' lang='lat' dir='ltr'><strong>cura</strong></span> <span class='ocrx_word' id='word_1_105' title='bbox 1362 1834 1441 1901; x_wconf 86' lang='lat' dir='ltr'><strong>arat,</strong></span> <span class='ocrx_word' id='word_1_106' title='bbox 1462 1827 1540 1910; x_wconf 82' lang='lat' dir='ltr'><strong>quod</strong></span> <span class='ocrx_word' id='word_1_107' title='bbox 1563 1851 1578 1888; x_wconf 80' lang='lat' dir='ltr'><strong>o</strong></span> <span class='ocrx_word' id='word_1_108' title='bbox 1601 1831 1776 1912; x_wconf 82' lang='lat' dir='ltr'><strong>quicumque</strong></span> 
     </span>
    </p>
   </div>
   <div class='ocr_carea' id='block_1_7' title="bbox 230 1929 1830 2121">
    <p class='ocr_par' dir='ltr' id='par_1_7' title="bbox 230 1929 1830 2121">
     <span class='ocr_line' id='line_1_13' title="bbox 230 1929 1830 2033; baseline 0.008 -44"><span class='ocrx_word' id='word_1_109' title='bbox 230 1953 243 1989; x_wconf 83' lang='grc' dir='ltr'><strong>ιι</strong></span> <span class='ocrx_word' id='word_1_110' title='bbox 258 1929 400 2013; x_wconf 88' lang='lat' dir='ltr'><strong>Oportcre</strong></span> <span class='ocrx_word' id='word_1_111' title='bbox 413 1931 563 1998; x_wconf 82' lang='lat' dir='ltr'><strong>adhaerere</strong></span> <span class='ocrx_word' id='word_1_112' title='bbox 577 1931 613 1996; x_wconf 89' lang='lat' dir='ltr'><strong>iis</strong></span> <span class='ocrx_word' id='word_1_113' title='bbox 627 1949 693 2033; x_wconf 76' lang='lat' dir='ltr'><strong>puae</strong></span> <span class='ocrx_word' id='word_1_114' title='bbox 706 1931 745 1997; x_wconf 93' lang='lat' dir='ltr'><strong>ad</strong></span> <span class='ocrx_word' id='word_1_115' title='bbox 760 1931 905 1998; x_wconf 90' lang='lat' dir='ltr'><strong>unitatem</strong></span> <span class='ocrx_word' id='word_1_116' title='bbox 919 1930 974 1995; x_wconf 84' lang='lat' dir='ltr'><strong>lle-</strong></span> <span class='ocrx_word' id='word_1_117' title='bbox 1030 1939 1276 1998; x_wconf 75' lang='lat' dir='ltr'><strong>»conuerteretur</strong></span> <span class='ocrx_word' id='word_1_118' title='bbox 1290 1933 1451 2017; x_wconf 85' lang='lat' dir='ltr'><strong>aquulibet</strong></span> <span class='ocrx_word' id='word_1_119' title='bbox 1460 1933 1575 2014; x_wconf 77' lang='lat' dir='ltr'><strong>haeresi,</strong></span> <span class='ocrx_word' id='word_1_120' title='bbox 1589 1935 1776 2019; x_wconf 87' lang='lat' dir='ltr'><strong>perficeretur</strong></span> <span class='ocrx_word' id='word_1_121' title='bbox 1823 1955 1830 1971; x_wconf 94' lang='lat'><strong>·</strong></span> 
     </span>
     <span class='ocr_line' id='line_1_14' title="bbox 230 2036 1401 2121; baseline 0.002 -26"><span class='ocrx_word' id='word_1_122' title='bbox 230 2036 353 2102; x_wconf 79' lang='lat' dir='ltr'><strong>scissim</strong></span> <span class='ocrx_word' id='word_1_123' title='bbox 372 2040 594 2105; x_wconf 84' lang='lat' dir='ltr'><strong>restaurandam</strong></span> <span class='ocrx_word' id='word_1_124' title='bbox 615 2039 737 2106; x_wconf 78' lang='lat' dir='ltr'><strong>intenta</strong></span> <span class='ocrx_word' id='word_1_125' title='bbox 759 2047 855 2117; x_wconf 89' lang='lat' dir='ltr'><strong>crunt,</strong></span> <span class='ocrx_word' id='word_1_126' title='bbox 877 2039 974 2121; x_wconf 90' lang='lat' dir='ltr'><strong>potius</strong></span> <span class='ocrx_word' id='word_1_127' title='bbox 1030 2037 1204 2121; x_wconf 74' lang='lat' dir='ltr'><strong>»baptismo</strong></span> <span class='ocrx_word' id='word_1_128' title='bbox 1223 2039 1401 2106; x_wconf 71' lang='lat' dir='ltr'><strong>scelests.»</strong></span> 
     </span>
    </p>
   </div>
   <div class='ocr_carea' id='block_1_8' title="bbox 264 2251 1515 2326">
    <p class='ocr_par' dir='ltr' id='par_1_8' title="bbox 264 2251 1515 2326">
     <span class='ocr_line' id='line_1_15' title="bbox 264 2251 1515 2326; baseline 0 -18"><span class='ocrx_word' id='word_1_129' title='bbox 264 2255 299 2310; x_wconf 90' lang='lat' dir='ltr'><strong>v.</strong></span> <span class='ocrx_word' id='word_1_130' title='bbox 321 2255 360 2308; x_wconf 75' lang='lat' dir='ltr'><strong>us</strong></span> <span class='ocrx_word' id='word_1_131' title='bbox 376 2254 447 2316; x_wconf 73' lang='grc' dir='ltr'><strong>ιιι.</strong></span> <span class='ocrx_word' id='word_1_132' title='bbox 470 2251 593 2310; x_wconf 66' lang='lat' dir='ltr'><strong>citum.</strong></span> <span class='ocrx_word' id='word_1_133' title='bbox 619 2253 717 2326; x_wconf 76' lang='lat' dir='ltr'><strong>tosus,</strong></span> <span class='ocrx_word' id='word_1_134' title='bbox 740 2254 760 2310; x_wconf 85' lang='lat' dir='ltr'><strong>r.</strong></span> <span class='ocrx_word' id='word_1_135' title='bbox 784 2254 849 2326; x_wconf 79' lang='lat' dir='ltr'><strong>rur,</strong></span> <span class='ocrx_word' id='word_1_136' title='bbox 869 2253 923 2310; x_wconf 82' lang='grc' dir='ltr'>ιιι.</span> <span class='ocrx_word' id='word_1_137' title='bbox 943 2251 971 2310; x_wconf 81' lang='lat' dir='ltr'><strong>a.</strong></span> <span class='ocrx_word' id='word_1_138' title='bbox 1067 2252 1089 2318; x_wconf 76' lang='grc' dir='ltr'><strong>ι)</strong></span> <span class='ocrx_word' id='word_1_139' title='bbox 1110 2253 1154 2307; x_wconf 81' lang='lat' dir='ltr'><strong>cf.</strong></span> <span class='ocrx_word' id='word_1_140' title='bbox 1174 2255 1280 2311; x_wconf 68' lang='lat' dir='ltr'><strong>ratior.</strong></span> <span class='ocrx_word' id='word_1_141' title='bbox 1301 2270 1341 2323; x_wconf 91' lang='grc' dir='ltr'>ιιι,</span> <span class='ocrx_word' id='word_1_142' title='bbox 1361 2255 1415 2311; x_wconf 78' lang='grc' dir='ltr'><strong>ιιι.</strong></span> <span class='ocrx_word' id='word_1_143' title='bbox 1438 2253 1515 2308; x_wconf 83' lang='lat'><strong>1105.</strong></span> 
     </span>
    </p>
   </div>
   <div class='ocr_carea' id='block_1_9' title="bbox 774 2553 1225 2564">
    <p class='ocr_par' dir='ltr' id='par_1_9' title="bbox 774 2553 1225 2564">
     <span class='ocr_line' id='line_1_16' title="bbox 774 2553 1225 2564; baseline 0 0"><span class='ocrx_word' id='word_1_144' title='bbox 774 2553 1225 2564; x_wconf 55' lang='lat' dir='ltr'><strong>u—-a-——n-——n—-n———u—-Q</strong></span> 
     </span>
    </p>
   </div>
   <div class='ocr_carea' id='block_1_10' title="bbox 533 2984 1474 3121">
    <p class='ocr_par' dir='ltr' id='par_1_10' title="bbox 533 2984 1474 3121">
     <span class='ocr_line' id='line_1_17' title="bbox 533 2984 1474 3121; baseline -0.002 -4"><span class='ocrx_word' id='word_1_145' title='bbox 533 2984 866 3117; x_wconf 79' lang='lat' dir='ltr'><strong>JULIUS</strong></span> <span class='ocrx_word' id='word_1_146' title='bbox 916 2985 1474 3121; x_wconf 78' lang='lat' dir='ltr'><strong>AFRICANUS.</strong></span> 
     </span>
    </p>
   </div>
   <div class='ocr_carea' id='block_1_11' title="bbox 226 3559 1775 5265">
    <p class='ocr_par' dir='ltr' id='par_1_11' title="bbox 226 3559 1774 4614">
     <span class='ocr_line' id='line_1_18' title="bbox 267 3559 1773 3646; baseline -0.001 -16"><span class='ocrx_word' id='word_1_147' title='bbox 267 3565 351 3630; x_wconf 78' lang='lat' dir='ltr'><strong>Alius</strong></span> <span class='ocrx_word' id='word_1_148' title='bbox 372 3565 494 3629; x_wconf 81' lang='lat' dir='ltr'><strong>fortasse</strong></span> <span class='ocrx_word' id='word_1_149' title='bbox 512 3561 596 3627; x_wconf 89' lang='lat' dir='ltr'><strong>locus</strong></span> <span class='ocrx_word' id='word_1_150' title='bbox 616 3561 712 3645; x_wconf 88' lang='lat' dir='ltr'><strong>aptior</strong></span> <span class='ocrx_word' id='word_1_151' title='bbox 732 3561 789 3628; x_wconf 89' lang='lat' dir='ltr'><strong>crit</strong></span> <span class='ocrx_word' id='word_1_152' title='bbox 809 3561 847 3627; x_wconf 91' lang='lat' dir='ltr'><strong>ad</strong></span> <span class='ocrx_word' id='word_1_153' title='bbox 868 3561 1062 3640; x_wconf 90' lang='lat' dir='ltr'><strong>lustrandum,</strong></span> <span class='ocrx_word' id='word_1_154' title='bbox 1078 3561 1167 3625; x_wconf 91' lang='lat' dir='ltr'><strong>immo</strong></span> <span class='ocrx_word' id='word_1_155' title='bbox 1182 3568 1212 3625; x_wconf 90' lang='lat' dir='ltr'><strong>et</strong></span> <span class='ocrx_word' id='word_1_156' title='bbox 1231 3561 1269 3626; x_wconf 92' lang='lat' dir='ltr'><strong>ad</strong></span> <span class='ocrx_word' id='word_1_157' title='bbox 1289 3559 1456 3643; x_wconf 83' lang='lat' dir='ltr'><strong>augendum</strong></span> <span class='ocrx_word' id='word_1_158' title='bbox 1478 3561 1620 3644; x_wconf 77' lang='lat' dir='ltr'><strong>cyclicum</strong></span> <span class='ocrx_word' id='word_1_159' title='bbox 1642 3579 1727 3646; x_wconf 87' lang='lat' dir='ltr'><strong>opus,</strong></span> <span class='ocrx_word' id='word_1_160' title='bbox 1743 3562 1773 3629; x_wconf 92' lang='lat' dir='ltr'><strong>iu</strong></span> 
     </span>
     <span class='ocr_line' id='line_1_19' title="bbox 227 3651 1773 3757; baseline -0.001 -20"><span class='ocrx_word' id='word_1_161' title='bbox 227 3691 285 3757; x_wconf 87' lang='lat' dir='ltr'><strong>quo</strong></span> <span class='ocrx_word' id='word_1_162' title='bbox 295 3673 399 3738; x_wconf 90' lang='lat' dir='ltr'><strong>doctus</strong></span> <span class='ocrx_word' id='word_1_163' title='bbox 410 3651 579 3752; x_wconf 72' lang='lat' dir='ltr'><strong>hiricanus,</strong></span> <span class='ocrx_word' id='word_1_164' title='bbox 592 3669 704 3752; x_wconf 91' lang='lat' dir='ltr'><strong>primus</strong></span> <span class='ocrx_word' id='word_1_165' title='bbox 714 3669 845 3735; x_wconf 94' lang='lat' dir='ltr'><strong>omnium</strong></span> <span class='ocrx_word' id='word_1_166' title='bbox 855 3670 932 3734; x_wconf 90' lang='lat' dir='ltr'><strong>iuter</strong></span> <span class='ocrx_word' id='word_1_167' title='bbox 944 3669 1140 3748; x_wconf 82' lang='lat' dir='ltr'><strong>Christianos,</strong></span> <span class='ocrx_word' id='word_1_168' title='bbox 1151 3685 1187 3734; x_wconf 90' lang='lat' dir='ltr'><strong>ac</strong></span> <span class='ocrx_word' id='word_1_169' title='bbox 1198 3669 1278 3733; x_wconf 93' lang='lat' dir='ltr'><strong>nullo</strong></span> <span class='ocrx_word' id='word_1_170' title='bbox 1292 3670 1382 3734; x_wconf 85' lang='lat' dir='ltr'><strong>lermc</strong></span> <span class='ocrx_word' id='word_1_171' title='bbox 1395 3677 1528 3735; x_wconf 83' lang='lat' dir='ltr'><strong>veterum</strong></span> <span class='ocrx_word' id='word_1_172' title='bbox 1539 3671 1621 3736; x_wconf 83' lang='lat' dir='ltr'><strong>viam</strong></span> <span class='ocrx_word' id='word_1_173' title='bbox 1635 3670 1679 3734; x_wconf 93' lang='lat' dir='ltr'><strong>illi</strong></span> <span class='ocrx_word' id='word_1_174' title='bbox 1694 3680 1773 3736; x_wconf 92' lang='lat' dir='ltr'><strong>ster-</strong></span> 
     </span>
     <span class='ocr_line' id='line_1_20' title="bbox 227 3776 1771 3863; baseline -0.005 -13"><span class='ocrx_word' id='word_1_175' title='bbox 227 3791 330 3863; x_wconf 72' lang='lat' dir='ltr'><strong>ueum,</strong></span> <span class='ocrx_word' id='word_1_176' title='bbox 353 3798 413 3847; x_wconf 94' lang='lat' dir='ltr'><strong>non</strong></span> <span class='ocrx_word' id='word_1_177' title='bbox 435 3777 597 3843; x_wconf 86' lang='lat' dir='ltr'><strong>christiana</strong></span> <span class='ocrx_word' id='word_1_178' title='bbox 619 3785 734 3841; x_wconf 92' lang='lat' dir='ltr'><strong>tantum</strong></span> <span class='ocrx_word' id='word_1_179' title='bbox 757 3785 886 3861; x_wconf 91' lang='lat' dir='ltr'><strong>tempora</strong></span> <span class='ocrx_word' id='word_1_180' title='bbox 902 3785 933 3843; x_wconf 92' lang='lat' dir='ltr'><strong>et</strong></span> <span class='ocrx_word' id='word_1_181' title='bbox 946 3777 1097 3860; x_wconf 79' lang='lat' dir='ltr'><strong>dogmata,</strong></span> <span class='ocrx_word' id='word_1_182' title='bbox 1118 3795 1177 3842; x_wconf 95' lang='lat' dir='ltr'><strong>non</strong></span> <span class='ocrx_word' id='word_1_183' title='bbox 1198 3793 1296 3842; x_wconf 88' lang='lat' dir='ltr'><strong>sacros</strong></span> <span class='ocrx_word' id='word_1_184' title='bbox 1317 3776 1470 3842; x_wconf 81' lang='lat' dir='ltr'><strong>dumtaxat</strong></span> <span class='ocrx_word' id='word_1_185' title='bbox 1490 3777 1579 3843; x_wconf 91' lang='lat' dir='ltr'><strong>libros</strong></span> <span class='ocrx_word' id='word_1_186' title='bbox 1600 3778 1771 3863; x_wconf 73' lang='lat' dir='ltr'><strong>inuestigat,</strong></span> 
     </span>
     <span class='ocr_line' id='line_1_21' title="bbox 228 3881 1771 3968; baseline -0.006 -12"><span class='ocrx_word' id='word_1_187' title='bbox 228 3891 279 3956; x_wconf 91' lang='lat' dir='ltr'><strong>sed</strong></span> <span class='ocrx_word' id='word_1_188' title='bbox 299 3906 415 3955; x_wconf 93' lang='lat' dir='ltr'><strong>omnem</strong></span> <span class='ocrx_word' id='word_1_189' title='bbox 436 3884 604 3954; x_wconf 89' lang='lat' dir='ltr'><strong>obambulat</strong></span> <span class='ocrx_word' id='word_1_190' title='bbox 623 3881 839 3967; x_wconf 77' lang='lat' dir='ltr'><strong>philosophiam</strong></span> <span class='ocrx_word' id='word_1_191' title='bbox 854 3888 904 3964; x_wconf 89' lang='lat' dir='ltr'><strong>(an</strong></span> <span class='ocrx_word' id='word_1_192' title='bbox 918 3883 1098 3950; x_wconf 90' lang='lat' dir='ltr'><strong>christianus</strong></span> <span class='ocrx_word' id='word_1_193' title='bbox 1116 3885 1187 3968; x_wconf 85' lang='lat' dir='ltr'><strong>jam,</strong></span> <span class='ocrx_word' id='word_1_194' title='bbox 1204 3901 1242 3949; x_wconf 94' lang='lat' dir='ltr'><strong>an</strong></span> <span class='ocrx_word' id='word_1_195' title='bbox 1262 3903 1333 3952; x_wconf 81' lang='lat' dir='ltr'><strong>uero</strong></span> <span class='ocrx_word' id='word_1_196' title='bbox 1352 3885 1501 3968; x_wconf 79' lang='lat' dir='ltr'><strong>profanus,</strong></span> <span class='ocrx_word' id='word_1_197' title='bbox 1518 3894 1565 3948; x_wconf 90' lang='lat' dir='ltr'><strong>sat</strong></span> <span class='ocrx_word' id='word_1_198' title='bbox 1578 3885 1771 3967; x_wconf 81' lang='lat' dir='ltr'><strong>ambiguum),</strong></span> 
     </span>
     <span class='ocr_line' id='line_1_22' title="bbox 228 3990 1774 4080; baseline -0.007 -14"><span class='ocrx_word' id='word_1_199' title='bbox 228 4013 402 4080; x_wconf 89' lang='lat' dir='ltr'><strong>omnemque</strong></span> <span class='ocrx_word' id='word_1_200' title='bbox 421 3993 479 4060; x_wconf 74' lang='lat' dir='ltr'><strong>atsi</strong></span> <span class='ocrx_word' id='word_1_201' title='bbox 500 3992 548 4058; x_wconf 88' lang='lat' dir='ltr'><strong>sui</strong></span> <span class='ocrx_word' id='word_1_202' title='bbox 567 3990 765 4056; x_wconf 91' lang='lat' dir='ltr'><strong>cruditionem</strong></span> <span class='ocrx_word' id='word_1_203' title='bbox 780 3991 928 4069; x_wconf 85' lang='lat' dir='ltr'><strong>emetitur,</strong></span> <span class='ocrx_word' id='word_1_204' title='bbox 942 3991 979 4056; x_wconf 88' lang='lat' dir='ltr'><strong>de</strong></span> <span class='ocrx_word' id='word_1_205' title='bbox 993 4007 1024 4056; x_wconf 90' lang='lat' dir='ltr'><strong>re</strong></span> <span class='ocrx_word' id='word_1_206' title='bbox 1037 3991 1177 4056; x_wconf 84' lang='lat' dir='ltr'><strong>videlicet</strong></span> <span class='ocrx_word' id='word_1_207' title='bbox 1191 3990 1313 4071; x_wconf 89' lang='lat' dir='ltr'><strong>rustica,</strong></span> <span class='ocrx_word' id='word_1_208' title='bbox 1329 3990 1504 4074; x_wconf 75' lang='lat' dir='ltr'><strong>geopouica‚</strong></span> <span class='ocrx_word' id='word_1_209' title='bbox 1525 3990 1658 4070; x_wconf 83' lang='lat' dir='ltr'><strong>militari,</strong></span> <span class='ocrx_word' id='word_1_210' title='bbox 1680 4000 1774 4056; x_wconf 90' lang='lat' dir='ltr'><strong>astro-</strong></span> 
     </span>
     <span class='ocr_line' id='line_1_23' title="bbox 229 4096 1773 4186; baseline -0.008 -12"><span class='ocrx_word' id='word_1_211' title='bbox 229 4107 354 4174; x_wconf 87' lang='lat' dir='ltr'><strong>nomica.</strong></span> <span class='ocrx_word' id='word_1_212' title='bbox 374 4102 464 4186; x_wconf 85' lang='lat' dir='ltr'><strong>Cujus</strong></span> <span class='ocrx_word' id='word_1_213' title='bbox 484 4101 572 4167; x_wconf 90' lang='lat' dir='ltr'><strong>etiam</strong></span> <span class='ocrx_word' id='word_1_214' title='bbox 593 4098 682 4164; x_wconf 93' lang='lat' dir='ltr'><strong>dubia</strong></span> <span class='ocrx_word' id='word_1_215' title='bbox 703 4097 729 4162; x_wconf 92' lang='lat' dir='ltr'><strong>si</strong></span> <span class='ocrx_word' id='word_1_216' title='bbox 749 4115 838 4182; x_wconf 89' lang='lat' dir='ltr'><strong>opera</strong></span> <span class='ocrx_word' id='word_1_217' title='bbox 857 4098 979 4165; x_wconf 93' lang='lat' dir='ltr'><strong>summis</strong></span> <span class='ocrx_word' id='word_1_218' title='bbox 998 4096 1089 4162; x_wconf 91' lang='lat' dir='ltr'><strong>labris</strong></span> <span class='ocrx_word' id='word_1_219' title='bbox 1109 4096 1258 4177; x_wconf 75' lang='lat' dir='ltr'><strong>attingere</strong></span> <span class='ocrx_word' id='word_1_220' title='bbox 1280 4097 1323 4162; x_wconf 90' lang='lat' dir='ltr'><strong>las</strong></span> <span class='ocrx_word' id='word_1_221' title='bbox 1343 4106 1398 4176; x_wconf 89' lang='lat' dir='ltr'><strong>est,</strong></span> <span class='ocrx_word' id='word_1_222' title='bbox 1419 4096 1499 4162; x_wconf 89' lang='lat' dir='ltr'><strong>hand</strong></span> <span class='ocrx_word' id='word_1_223' title='bbox 1520 4116 1568 4162; x_wconf 90' lang='lat' dir='ltr'><strong>me</strong></span> <span class='ocrx_word' id='word_1_224' title='bbox 1588 4096 1702 4180; x_wconf 76' lang='lat' dir='ltr'><strong>pigebit</strong></span> <span class='ocrx_word' id='word_1_225' title='bbox 1722 4096 1773 4162; x_wconf 91' lang='lat' dir='ltr'><strong>illa</strong></span> 
     </span>
     <span class='ocr_line' id='line_1_24' title="bbox 228 4203 1772 4308; baseline -0.01 -24"><span class='ocrx_word' id='word_1_226' title='bbox 228 4212 369 4308; x_wconf 78' lang='grc' dir='ltr'><strong>περσικὰ,</strong></span> <span class='ocrx_word' id='word_1_227' title='bbox 391 4211 451 4295; x_wconf 73' lang='lat' dir='ltr'><strong>iam</strong></span> <span class='ocrx_word' id='word_1_228' title='bbox 472 4225 562 4290; x_wconf 90' lang='lat' dir='ltr'><strong>supra</strong></span> <span class='ocrx_word' id='word_1_229' title='bbox 584 4225 614 4289; x_wconf 89' lang='lat' dir='ltr'><strong>p.</strong></span> <span class='ocrx_word' id='word_1_230' title='bbox 637 4206 696 4270; x_wconf 86' lang='lat' dir='ltr'><strong>tto</strong></span> <span class='ocrx_word' id='word_1_231' title='bbox 717 4213 888 4287; x_wconf 81' lang='lat' dir='ltr'><strong>memorata,</strong></span> <span class='ocrx_word' id='word_1_232' title='bbox 905 4206 985 4270; x_wconf 90' lang='lat' dir='ltr'><strong>intus</strong></span> <span class='ocrx_word' id='word_1_233' title='bbox 1004 4212 1035 4269; x_wconf 89' lang='lat' dir='ltr'><strong>ct</strong></span> <span class='ocrx_word' id='word_1_234' title='bbox 1054 4212 1121 4269; x_wconf 90' lang='lat' dir='ltr'><strong>cute</strong></span> <span class='ocrx_word' id='word_1_235' title='bbox 1140 4203 1343 4286; x_wconf 87' lang='lat' dir='ltr'><strong>introspicere,</strong></span> <span class='ocrx_word' id='word_1_236' title='bbox 1358 4222 1393 4268; x_wconf 89' lang='lat' dir='ltr'><strong>ac</strong></span> <span class='ocrx_word' id='word_1_237' title='bbox 1406 4204 1544 4287; x_wconf 82' lang='lat' dir='ltr'><strong>detegere</strong></span> <span class='ocrx_word' id='word_1_238' title='bbox 1559 4203 1677 4269; x_wconf 85' lang='lat' dir='ltr'><strong>tandem</strong></span> <span class='ocrx_word' id='word_1_239' title='bbox 1699 4203 1772 4286; x_wconf 91' lang='lat' dir='ltr'><strong>quid</strong></span> 
     </span>
     <span class='ocr_line' id='line_1_25' title="bbox 228 4307 1772 4398; baseline -0.009 -8"><span class='ocrx_word' id='word_1_240' title='bbox 228 4321 413 4391; x_wconf 87' lang='lat' dir='ltr'><strong>abscondant</strong></span> <span class='ocrx_word' id='word_1_241' title='bbox 433 4315 531 4382; x_wconf 90' lang='lat' dir='ltr'><strong>nescio</strong></span> <span class='ocrx_word' id='word_1_242' title='bbox 551 4331 618 4397; x_wconf 85' lang='lat' dir='ltr'><strong>qnae</strong></span> <span class='ocrx_word' id='word_1_243' title='bbox 639 4312 802 4398; x_wconf 77' lang='lat' dir='ltr'><strong>sibylliaca,</strong></span> <span class='ocrx_word' id='word_1_244' title='bbox 823 4312 970 4392; x_wconf 79' lang='lat' dir='ltr'><strong>gnostica,</strong></span> <span class='ocrx_word' id='word_1_245' title='bbox 992 4311 1160 4394; x_wconf 78' lang='lat' dir='ltr'><strong>peregrina,</strong></span> <span class='ocrx_word' id='word_1_246' title='bbox 1180 4309 1306 4376; x_wconf 90' lang='lat' dir='ltr'><strong>barbara</strong></span> <span class='ocrx_word' id='word_1_247' title='bbox 1327 4319 1357 4376; x_wconf 87' lang='lat' dir='ltr'><strong>ct</strong></span> <span class='ocrx_word' id='word_1_248' title='bbox 1375 4307 1513 4389; x_wconf 86' lang='lat' dir='ltr'><strong>classica,</strong></span> <span class='ocrx_word' id='word_1_249' title='bbox 1533 4329 1600 4395; x_wconf 82' lang='lat' dir='ltr'><strong>quae</strong></span> <span class='ocrx_word' id='word_1_250' title='bbox 1621 4317 1772 4394; x_wconf 82' lang='lat' dir='ltr'><strong>tantopere</strong></span> 
     </span>
     <span class='ocr_line' id='line_1_26' title="bbox 226 4417 1773 4505; baseline -0.008 -9"><span class='ocrx_word' id='word_1_251' title='bbox 226 4437 371 4504; x_wconf 87' lang='lat' dir='ltr'><strong>sanctum,</strong></span> <span class='ocrx_word' id='word_1_252' title='bbox 384 4425 560 4505; x_wconf 87' lang='lat' dir='ltr'><strong>doctumque</strong></span> <span class='ocrx_word' id='word_1_253' title='bbox 569 4420 668 4486; x_wconf 76' lang='lat' dir='ltr'><strong>virum</strong></span> <span class='ocrx_word' id='word_1_254' title='bbox 680 4419 881 4501; x_wconf 76' lang='lat' dir='ltr'><strong>Anastasium,</strong></span> <span class='ocrx_word' id='word_1_255' title='bbox 896 4418 1109 4485; x_wconf 80' lang='lat' dir='ltr'><strong>Antiochenam</strong></span> <span class='ocrx_word' id='word_1_256' title='bbox 1122 4417 1326 4501; x_wconf 87' lang='lat' dir='ltr'><strong>patriarcham,</strong></span> <span class='ocrx_word' id='word_1_257' title='bbox 1339 4417 1523 4501; x_wconf 83' lang='lat' dir='ltr'><strong>recreabant,</strong></span> <span class='ocrx_word' id='word_1_258' title='bbox 1536 4427 1614 4484; x_wconf 92' lang='lat' dir='ltr'><strong>ntea</strong></span> <span class='ocrx_word' id='word_1_259' title='bbox 1625 4419 1683 4484; x_wconf 93' lang='lat' dir='ltr'><strong>sibi</strong></span> <span class='ocrx_word' id='word_1_260' title='bbox 1696 4419 1773 4483; x_wconf 91' lang='lat' dir='ltr'><strong>iuter</strong></span> 
     </span>
     <span class='ocr_line' id='line_1_27' title="bbox 226 4524 1306 4614; baseline -0.013 -10"><span class='ocrx_word' id='word_1_261' title='bbox 226 4534 400 4614; x_wconf 89' lang='lat' dir='ltr'><strong>cenandum,</strong></span> <span class='ocrx_word' id='word_1_262' title='bbox 427 4537 501 4598; x_wconf 87' lang='lat' dir='ltr'><strong>teste</strong></span> <span class='ocrx_word' id='word_1_263' title='bbox 521 4527 620 4612; x_wconf 91' lang='lat' dir='ltr'><strong>aliquo</strong></span> <span class='ocrx_word' id='word_1_264' title='bbox 640 4524 741 4592; x_wconf 89' lang='lat' dir='ltr'><strong>codice</strong></span> <span class='ocrx_word' id='word_1_265' title='bbox 761 4527 869 4610; x_wconf 87' lang='lat' dir='ltr'><strong>prisco,</strong></span> <span class='ocrx_word' id='word_1_266' title='bbox 891 4527 1015 4610; x_wconf 76' lang='lat' dir='ltr'><strong>legenda</strong></span> <span class='ocrx_word' id='word_1_267' title='bbox 1036 4526 1161 4592; x_wconf 89' lang='lat' dir='ltr'><strong>sollicite</strong></span> <span class='ocrx_word' id='word_1_268' title='bbox 1180 4535 1306 4592; x_wconf 86' lang='lat' dir='ltr'><strong>curaret.</strong></span> 
     </span>
    </p>

    <p class='ocr_par' dir='ltr' id='par_1_12' title="bbox 226 4621 1775 5265">
     <span class='ocr_line' id='line_1_28' title="bbox 264 4621 1769 4718; baseline -0.008 -8"><span class='ocrx_word' id='word_1_269' title='bbox 264 4644 350 4710; x_wconf 91' lang='lat' dir='ltr'><strong>Nunc</strong></span> <span class='ocrx_word' id='word_1_270' title='bbox 370 4657 442 4707; x_wconf 76' lang='lat' dir='ltr'><strong>nero</strong></span> <span class='ocrx_word' id='word_1_271' title='bbox 462 4621 497 4702; x_wconf 93' lang='lat' dir='ltr'><strong>in</strong></span> <span class='ocrx_word' id='word_1_272' title='bbox 514 4637 571 4704; x_wconf 93' lang='lat' dir='ltr'><strong>hoc</strong></span> <span class='ocrx_word' id='word_1_273' title='bbox 590 4635 706 4702; x_wconf 81' lang='lat' dir='ltr'><strong>varium</strong></span> <span class='ocrx_word' id='word_1_274' title='bbox 729 4642 759 4700; x_wconf 93' lang='lat' dir='ltr'><strong>et</strong></span> <span class='ocrx_word' id='word_1_275' title='bbox 779 4633 951 4718; x_wconf 89' lang='lat' dir='ltr'><strong>opulentum</strong></span> <span class='ocrx_word' id='word_1_276' title='bbox 972 4633 1214 4718; x_wconf 73' lang='lat' dir='ltr'><strong>gazophylacium</strong></span> <span class='ocrx_word' id='word_1_277' title='bbox 1234 4634 1285 4700; x_wconf 82' lang='lat' dir='ltr'><strong>rix</strong></span> <span class='ocrx_word' id='word_1_278' title='bbox 1308 4651 1366 4701; x_wconf 93' lang='lat' dir='ltr'><strong>nou</strong></span> <span class='ocrx_word' id='word_1_279' title='bbox 1387 4635 1478 4718; x_wconf 88' lang='lat' dir='ltr'><strong>pudet</strong></span> <span class='ocrx_word' id='word_1_280' title='bbox 1506 4634 1624 4702; x_wconf 88' lang='lat' dir='ltr'><strong>mittere</strong></span> <span class='ocrx_word' id='word_1_281' title='bbox 1654 4641 1769 4699; x_wconf 85' lang='lat' dir='ltr'><strong>tautum</strong></span> 
     </span>
     <span class='ocr_line' id='line_1_29' title="bbox 226 4739 1771 4836; baseline -0.01 -16"><span class='ocrx_word' id='word_1_282' title='bbox 226 4753 332 4836; x_wconf 78' lang='lat' dir='ltr'><strong>exigua</strong></span> <span class='ocrx_word' id='word_1_283' title='bbox 353 4749 467 4814; x_wconf 89' lang='lat' dir='ltr'><strong>minuta</strong></span> <span class='ocrx_word' id='word_1_284' title='bbox 488 4746 557 4826; x_wconf 88' lang='lat' dir='ltr'><strong>duo,</strong></span> <span class='ocrx_word' id='word_1_285' title='bbox 580 4761 647 4828; x_wconf 82' lang='lat' dir='ltr'><strong>quae</strong></span> <span class='ocrx_word' id='word_1_286' title='bbox 667 4751 699 4808; x_wconf 94' lang='lat' dir='ltr'><strong>et</strong></span> <span class='ocrx_word' id='word_1_287' title='bbox 719 4749 869 4807; x_wconf 89' lang='lat' dir='ltr'><strong>mutuatus</strong></span> <span class='ocrx_word' id='word_1_288' title='bbox 882 4760 947 4806; x_wconf 89' lang='lat' dir='ltr'><strong>sum</strong></span> <span class='ocrx_word' id='word_1_289' title='bbox 960 4760 1036 4826; x_wconf 88' lang='lat' dir='ltr'><strong>pene</strong></span> <span class='ocrx_word' id='word_1_290' title='bbox 1049 4760 1084 4807; x_wconf 86' lang='lat' dir='ltr'><strong>ex</strong></span> <span class='ocrx_word' id='word_1_291' title='bbox 1100 4741 1197 4807; x_wconf 88' lang='lat' dir='ltr'><strong>alieno</strong></span> <span class='ocrx_word' id='word_1_292' title='bbox 1211 4758 1305 4828; x_wconf 89' lang='lat' dir='ltr'><strong>penu:</strong></span> <span class='ocrx_word' id='word_1_293' title='bbox 1323 4760 1412 4806; x_wconf 94' lang='lat' dir='ltr'><strong>uuum</strong></span> <span class='ocrx_word' id='word_1_294' title='bbox 1433 4739 1545 4807; x_wconf 88' lang='lat' dir='ltr'><strong>scilicet</strong></span> <span class='ocrx_word' id='word_1_295' title='bbox 1564 4759 1601 4806; x_wconf 83' lang='lat' dir='ltr'><strong>er</strong></span> <span class='ocrx_word' id='word_1_296' title='bbox 1622 4739 1771 4806; x_wconf 90' lang='lat' dir='ltr'><strong>codicibus</strong></span> 
     </span>
     <span class='ocr_line' id='line_1_30' title="bbox 226 4847 1773 4937; baseline -0.007 -11"><span class='ocrx_word' id='word_1_297' title='bbox 226 4857 413 4937; x_wconf 82' lang='lat' dir='ltr'><strong>Britannicis,</strong></span> <span class='ocrx_word' id='word_1_298' title='bbox 433 4855 552 4920; x_wconf 83' lang='lat' dir='ltr'><strong>favente</strong></span> <span class='ocrx_word' id='word_1_299' title='bbox 565 4851 675 4934; x_wconf 84' lang='lat' dir='ltr'><strong>saepius</strong></span> <span class='ocrx_word' id='word_1_300' title='bbox 688 4866 723 4914; x_wconf 90' lang='lat' dir='ltr'><strong>ac</strong></span> <span class='ocrx_word' id='word_1_301' title='bbox 737 4867 850 4932; x_wconf 89' lang='lat' dir='ltr'><strong>semper</strong></span> <span class='ocrx_word' id='word_1_302' title='bbox 864 4847 983 4917; x_wconf 91' lang='lat' dir='ltr'><strong>honoris</strong></span> <span class='ocrx_word' id='word_1_303' title='bbox 997 4849 1092 4932; x_wconf 79' lang='lat' dir='ltr'><strong>gratia</strong></span> <span class='ocrx_word' id='word_1_304' title='bbox 1108 4859 1267 4914; x_wconf 89' lang='lat' dir='ltr'><strong>memorato</strong></span> <span class='ocrx_word' id='word_1_305' title='bbox 1281 4849 1314 4914; x_wconf 87' lang='lat' dir='ltr'><strong>P.</strong></span> <span class='ocrx_word' id='word_1_306' title='bbox 1330 4849 1469 4931; x_wconf 85' lang='lat' dir='ltr'><strong>Martius,</strong></span> <span class='ocrx_word' id='word_1_307' title='bbox 1486 4848 1609 4916; x_wconf 82' lang='lat' dir='ltr'><strong>alterum</strong></span> <span class='ocrx_word' id='word_1_308' title='bbox 1623 4867 1660 4915; x_wconf 86' lang='lat' dir='ltr'><strong>ex</strong></span> <span class='ocrx_word' id='word_1_309' title='bbox 1673 4848 1773 4915; x_wconf 91' lang='lat' dir='ltr'><strong>codice</strong></span> 
     </span>
     <span class='ocr_line' id='line_1_31' title="bbox 227 4937 1773 5046; baseline -0.008 -12"><span class='ocrx_word' id='word_1_310' title='bbox 227 4937 418 5044; x_wconf 87' lang='lat' dir='ltr'><strong>Coisliniauo‚</strong></span> <span class='ocrx_word' id='word_1_311' title='bbox 433 4980 520 5046; x_wconf 89' lang='lat' dir='ltr'><strong>quem</strong></span> <span class='ocrx_word' id='word_1_312' title='bbox 534 4959 640 5027; x_wconf 83' lang='lat' dir='ltr'><strong>eximia</strong></span> <span class='ocrx_word' id='word_1_313' title='bbox 661 4977 727 5026; x_wconf 90' lang='lat' dir='ltr'><strong>cum</strong></span> <span class='ocrx_word' id='word_1_314' title='bbox 749 4956 932 5024; x_wconf 84' lang='lat' dir='ltr'><strong>humanitate</strong></span> <span class='ocrx_word' id='word_1_315' title='bbox 952 4958 990 5024; x_wconf 90' lang='lat' dir='ltr'><strong>ad</strong></span> <span class='ocrx_word' id='word_1_316' title='bbox 1010 4976 1058 5022; x_wconf 89' lang='lat' dir='ltr'><strong>me</strong></span> <span class='ocrx_word' id='word_1_317' title='bbox 1071 4955 1195 5022; x_wconf 87' lang='lat' dir='ltr'><strong>Romam</strong></span> <span class='ocrx_word' id='word_1_318' title='bbox 1209 4974 1302 5041; x_wconf 88' lang='lat' dir='ltr'><strong>usque</strong></span> <span class='ocrx_word' id='word_1_319' title='bbox 1316 4957 1480 5042; x_wconf 82' lang='lat' dir='ltr'><strong>leopoldus</strong></span> <span class='ocrx_word' id='word_1_320' title='bbox 1493 4956 1614 5040; x_wconf 75' lang='lat' dir='ltr'><strong>Belide,</strong></span> <span class='ocrx_word' id='word_1_321' title='bbox 1635 4956 1684 5022; x_wconf 83' lang='lat' dir='ltr'><strong>rir</strong></span> <span class='ocrx_word' id='word_1_322' title='bbox 1696 4975 1773 5022; x_wconf 92' lang='lat' dir='ltr'><strong>sum·</strong></span> 
     </span>
     <span class='ocr_line' id='line_1_32' title="bbox 229 5063 1775 5156; baseline -0.006 -16"><span class='ocrx_word' id='word_1_323' title='bbox 229 5093 314 5156; x_wconf 76' lang='lat' dir='ltr'><strong>mus,</strong></span> <span class='ocrx_word' id='word_1_324' title='bbox 337 5069 509 5139; x_wconf 87' lang='lat' dir='ltr'><strong>transmisit.</strong></span> <span class='ocrx_word' id='word_1_325' title='bbox 532 5072 557 5134; x_wconf 82' lang='lat' dir='ltr'><strong>d</strong></span> <span class='ocrx_word' id='word_1_326' title='bbox 577 5067 674 5152; x_wconf 89' lang='lat' dir='ltr'><strong>priore</strong></span> <span class='ocrx_word' id='word_1_327' title='bbox 694 5066 758 5132; x_wconf 92' lang='lat' dir='ltr'><strong>loco</strong></span> <span class='ocrx_word' id='word_1_328' title='bbox 778 5065 945 5146; x_wconf 90' lang='lat' dir='ltr'><strong>edocemur,</strong></span> <span class='ocrx_word' id='word_1_329' title='bbox 961 5065 1108 5132; x_wconf 80' lang='lat' dir='ltr'><strong>exstitisse</strong></span> <span class='ocrx_word' id='word_1_330' title='bbox 1122 5063 1201 5149; x_wconf 92' lang='lat' dir='ltr'><strong>apud</strong></span> <span class='ocrx_word' id='word_1_331' title='bbox 1222 5065 1313 5152; x_wconf 74' lang='lat' dir='ltr'><strong>Syros</strong></span> <span class='ocrx_word' id='word_1_332' title='bbox 1334 5065 1444 5132; x_wconf 90' lang='lat' dir='ltr'><strong>scholia</strong></span> <span class='ocrx_word' id='word_1_333' title='bbox 1465 5065 1593 5131; x_wconf 80' lang='lat' dir='ltr'><strong>Africani</strong></span> <span class='ocrx_word' id='word_1_334' title='bbox 1614 5065 1647 5131; x_wconf 93' lang='lat' dir='ltr'><strong>in</strong></span> <span class='ocrx_word' id='word_1_335' title='bbox 1667 5063 1775 5131; x_wconf 83' lang='lat' dir='ltr'><strong>Evau-</strong></span> 
     </span>
     <span class='ocr_line' id='line_1_33' title="bbox 229 5173 1775 5265; baseline -0.004 -19"><span class='ocrx_word' id='word_1_336' title='bbox 229 5182 338 5265; x_wconf 83' lang='lat' dir='ltr'><strong>gclium</strong></span> <span class='ocrx_word' id='word_1_337' title='bbox 359 5175 504 5257; x_wconf 77' lang='lat' dir='ltr'><strong>Matthaei,</strong></span> <span class='ocrx_word' id='word_1_338' title='bbox 526 5175 562 5241; x_wconf 89' lang='lat' dir='ltr'><strong>de</strong></span> <span class='ocrx_word' id='word_1_339' title='bbox 583 5175 688 5260; x_wconf 87' lang='lat' dir='ltr'><strong>quibus</strong></span> <span class='ocrx_word' id='word_1_340' title='bbox 707 5174 800 5240; x_wconf 89' lang='lat' dir='ltr'><strong>altum</strong></span> <span class='ocrx_word' id='word_1_341' title='bbox 821 5173 965 5241; x_wconf 88' lang='lat' dir='ltr'><strong>hacteuus</strong></span> <span class='ocrx_word' id='word_1_342' title='bbox 984 5175 1142 5241; x_wconf 90' lang='lat' dir='ltr'><strong>silentium.</strong></span> <span class='ocrx_word' id='word_1_343' title='bbox 1164 5175 1370 5256; x_wconf 79' lang='lat' dir='ltr'><strong>Fragmentum</strong></span> <span class='ocrx_word' id='word_1_344' title='bbox 1394 5175 1542 5258; x_wconf 88' lang='lat' dir='ltr'><strong>posterius</strong></span> <span class='ocrx_word' id='word_1_345' title='bbox 1565 5173 1708 5239; x_wconf 90' lang='lat' dir='ltr'><strong>scholium</strong></span> <span class='ocrx_word' id='word_1_346' title='bbox 1728 5181 1775 5240; x_wconf 89' lang='lat' dir='ltr'><strong>cst</strong></span> 
     </span>
    </p>
   </div>
   <div class='ocr_carea' id='block_1_12' title="bbox 0 0 2042 6100">
    <p class='ocr_par' dir='ltr' id='par_1_13' title="bbox 0 0 2042 6100">
     <span class='ocr_line' id='line_1_34' title="bbox 0 0 2042 6100; baseline 0 0"><span class='ocrx_word' id='word_1_347' title='bbox 0 0 2042 6100; x_wconf 95' lang='lat' dir='ltr'><strong> </strong></span> 
     </span>
    </p>
   </div>
  </div>
 </body>
</html>
