4044 6098
771 494 811 558 ΙΝ
832 491 1165 558 nnnrtuonotttutt

191 649 373 745 παρώξυνάν
391 679 430 743 με
442 658 473 719 ἑν
489 664 555 731 τοῖς
571 645 708 730 εἰδώλοις
725 655 836 736 αὐτῶν·
852 648 941 742 κάγὼ

190 758 409 854 παραζηλώσω
426 761 537 839 αὐτοὺς
554 761 600 827 ἐπ’
618 766 673 826 οῦκ
690 759 781 851 ἔθνει,
798 760 843 825 ἐπ’
862 758 941 826 ἔθνει

192 872 330 955 ἀσυνέτῳ
354 879 512 963 παροργιῶ
535 868 655 946 αὐτούς.
685 866 745 932 Voti.
770 865 839 928 aab.
865 867 894 928 1.

237 979 424 1056 Τουτέστιν,
449 983 534 1067 ὑμεῖς
559 977 663 1052 ἄλλοις
695 974 773 1051 θεοῖς
801 967 941 1040 ἐδουλεύ-

190 1109 284 1176 σατε,
306 1094 519 1176 προτιμῶντες
540 1089 616 1174 ἐμοῦ
638 1082 681 1148 τὰ
705 1074 828 1148 εἴδωλα·
851 1080 960 1174 κάγὼ,

188 1197 266 1282 ὑμᾶς
290 1197 320 1259 ἐν
345 1192 445 1258 ἔθνεσι
467 1193 694 1282 τιμωρήσομαι.
711 1198 813 1256 Τοῦτο
830 1181 864 1255 δὲ
886 1189 939 1253 καί

188 1302 238 1368 ἐπὶ
259 1311 316 1366 τοῦ
340 1299 425 1365 κατὰ
446 1299 502 1364 τόν
526 1291 684 1373 δεσπότην
710 1298 839 1387 Χριστόν
863 1321 939 1386 προ-

188 1407 278 1483 σήκει
290 1401 515 1496 λαμόάνεσθαι,
530 1408 579 1472 ὅτι
595 1411 611 1470 ὁ
627 1407 776 1496 πρότερον
793 1405 939 1480 ὰσόνετος

186 1517 417 1604 προτετίμηται
439 1516 526 1606 λαός,
543 1517 645 1605 ὥσπερ
669 1509 720 1580 οὖν
744 1514 798 1579 καί
820 1519 836 1578 ό
860 1513 939 1579 ἀπό-

188 1628 298 1700 στολος
322 1615 463 1690 διδάσκει
485 1633 590 1688 τοῦτο.

234 1749 264 1794 v.
279 1733 329 1796 ΣΞ.
340 1731 416 1797 Ὅτι
430 1741 489 1821 πῦρ
506 1731 693 1798 ἐκκέκαυται
709 1733 745 1796 ἐκ
767 1739 824 1796 τοῦ
841 1729 937 1820 θυμοῦ

188 1865 257 1931 μου,
281 1839 474 1915 καυθήσεται
497 1841 551 1916 ἕως
576 1831 651 1925 ᾅδου
675 1839 772 1905 κάτω.

233 1944 298 2020 Τήν
316 1937 436 2010 δικαίαν
453 1943 537 2009 κατὰ
551 1953 614 2008 τῶν
629 1941 872 2031 ἁμαρτανόντων
885 1944 938 2030 ἐμ·
964 2008 969 2017 ,

187 2053 287 2142 ραίνει
309 2053 448 2142 κίνησιν,
473 2056 507 2117 οῦ
531 2049 621 2140 μέχρι
644 2042 785 2126 παιδείας
808 2051 936 2138 ὕστερον

187 2159 397 2253 ὑπαγομένην,
416 2158 484 2224 ἀλλ’
502 2158 557 2234 ἕως
571 2167 635 2222 τῶν
651 2168 707 2222 τοῦ
732 2150 807 2242 ᾅδου
830 2147 935 2223 πυλῶν

186 2263 369 2356 ἀπάγουσαν
386 2269 428 2340 εἱς
444 2262 612 2328 ἀπώλειαν·
627 2259 767 2351 καθάπερ
783 2253 845 2334 ήδη
864 2286 938 2350 προ-

187 2383 281 2438 εῖπεν·
298 2373 332 2438 ‘0
344 2373 423 2449 Θεὸς
438 2377 527 2461 ήμῶν
543 2381 602 2460 πῦρ
618 2372 849 2436 καταναλίσκον
864 2371 936 2448 τοὺς

186 2472 318 2555 ἀσεόεϊς.

229 2585 305 2651 ibid.
319 2585 548 2680 Καταράγεται
560 2598 620 2681 γῆν
632 2587 686 2652 καί
697 2587 740 2654 τὰ
751 2588 935 2681 γεννήματα

185 2699 292 2772 αὐτῆς·
316 2688 420 2786 ρλίξει
443 2694 572 2784 θεμέλια
595 2696 696 2787 ὁρέων.

230 2801 330 2868 Ἀλλὰ
351 2801 406 2867 καὶ
420 2813 573 2891 τροπικῶς
588 2803 758 2896 λεγόμενον
774 2813 833 2893 πῦρ
853 2805 934 2870 ἅπαν

186 2910 223 2975 τό
247 2903 361 3002 γεῶδες
385 2911 505 3003 γίνεται
528 2911 681 3001 φρόνημα,
702 2910 755 2976 καί
777 2910 936 2977 κατεσθίει

185 3018 257 3095 τοὺς
279 3017 538 3107 προστετηκότας
560 3029 601 3103 τῇ
623 3029 677 3109 γῇ,
700 3017 754 3082 καὶ
769 3017 811 3082 τὰ
826 3021 936 3111 γεννή-

187 3150 275 3214 ματα
291 3117 325 3190 δὲ
339 3137 398 3202 τῆς
414 3137 483 3216 γῆς,
500 3127 655 3215 πορνείαν,
670 3127 830 3214 μοσχείαν,
849 3118 936 3192 εἰδω-

185 3235 380 3323 λολατρείαν,
404 3232 457 3296 καὶ
480 3233 521 3297 τὰ
544 3226 622 3310 ἑξῆς.

1689 493 1746 560 3ῦ7

994 649 1058 708 crot
1076 643 1154 724 douo,
1170 650 1199 708 ot
1216 644 1402 710 irritaverunt
1419 651 1451 710 to
1472 643 1648 709 bonitatibus
1667 647 1746 722 soie·
1786 635 1787 638 '

994 758 1020 816 ct
1032 771 1083 835 epo
1091 752 1258 834 provocabo
1273 771 1320 817 coo
1333 752 1364 816 ιἰι
1376 771 1408 816 ιο
1424 752 1472 835 poi
1483 770 1540 816 ooo
1554 758 1598 816 cot
1607 753 1743 837 popcbto,

993 866 1022 923 et
1039 864 1071 923 ιἰι
1091 866 1171 942 penta
1189 859 1278 924 stulto
1297 859 1418 924 irritabo
1439 859 1516 924 ilios.

1033 971 1096 1036 Hoc
1106 979 1167 1038 est:
1179 971 1238 1039 iios
1252 971 1364 1036 alienos
1378 971 1450 1035 deos
1462 970 1605 1052 coluistis,
1618 988 1665 1035 me
1679 971 1745 1037 ido·

994 1076 1031 1141 iis
1051 1079 1270 1161 posthabentes,
1284 1091 1314 1144 et
1334 1097 1390 1160 ego
1411 1096 1464 1144 ros
1487 1078 1517 1142 in
1538 1079 1677 1160 gentibus
1693 1095 1741 1144 ca·

992 1187 1120 1269 stigabo.
1144 1187 1182 1251 Et
1202 1186 1257 1251 hoc
1278 1187 1365 1252 etiam
1385 1205 1502 1270 aequum
1528 1195 1574 1251 est
1593 1203 1743 1252 assumere

993 1302 1127 1376 respectu
1139 1293 1176 1358 ad
1189 1292 1328 1376 populum
1348 1291 1507 1358 secundnm
1528 1291 1677 1358 Christum
1691 1295 1743 1359 do·

992 1402 1116 1481 minum,
1139 1402 1208 1486 quia
1220 1403 1344 1486 popuius
1358 1402 1439 1484 prins
1454 1402 1596 1486 insipiens
1615 1412 1743 1486 autepo-

991 1509 1068 1574 situs
1082 1519 1140 1588 est,
1156 1508 1401 1592 quemadmodum
1415 1527 1532 1593 quoqne
1552 1510 1638 1577 docet
1658 1513 1742 1592 Apo-

991 1617 1094 1684 stolus.

1030 1745 1063 1793 r.
1077 1728 1136 1812 ,θῶ
1153 1725 1237 1810 Ιριιιζε
1251 1744 1397 1789 succensos
1411 1730 1454 1789 cot
1464 1725 1495 1788 io
1511 1726 1610 1807 [crore
1630 1741 1702 1804 roco,
1717 1729 1745 1788 et

991 1833 1103 1897 ardebit
1121 1851 1209 1916 usquc
1229 1831 1270 1896 cd
1287 1832 1396 1914 inserui
1412 1831 1564 1912 toscrioro.

1030 1943 1115 2006 busta
1135 1959 1167 2006 se
1191 1941 1234 2004 ira
1263 1939 1374 2004 moneri
1403 1938 1546 2004 adversos
1574 1948 1743 2023 peccatores

990 2047 1128 2127 ostendit,
1149 2064 1216 2130 quae
1237 2055 1333 2110 tamen
1354 2045 1506 2128 usquead
1527 2045 1660 2110 ultimam
1681 2064 1742 2128 poa·

991 2175 1059 2221 nani
1072 2175 1130 2220 non
1146 2154 1342 2238 progreditur,
1357 2154 1410 2219 sed
1425 2171 1515 2236 usque
1529 2153 1567 2217 ad
1581 2161 1680 2235 portas
1695 2152 1740 2216 in-

991 2263 1063 2328 ferni
1085 2263 1198 2329 induoit
1218 2261 1463 2341 internecionem,
1485 2261 1562 2326 sicut
1581 2260 1736 2345 praedixit:

992 2367 1096 2434 «Deus
1110 2377 1210 2433 noster
1224 2366 1301 2451 ignis
1322 2375 1368 2433 est
1386 2385 1559 2432 consumens
1574 2367 1736 2450 impios...»

1029 2584 1108 2650 ibid.
1126 2584 1338 2668 Dcoorobc'tqoc
1360 2590 1465 2648 terram
1478 2589 1506 2650 ct
1516 2586 1645 2668 pecorino
1664 2587 1738 2669 ojus,

989 2696 1131 2756 montium
1151 2693 1342 2776 fondamento
1362 2692 1512 2756 comburet.

1029 2800 1129 2866 Sedet
1141 2811 1287 2884 troporum
1299 2801 1403 2879 instar,
1416 2800 1494 2882 ignis
1506 2799 1614 2865 dicitur
1623 2809 1740 2868 terrena

989 2927 1181 2993 quaecumque
1202 2908 1351 2990 cogitatio,
1367 2917 1398 2974 et
1412 2909 1557 2973 consumit
1571 2927 1674 2974 omnes
1688 2910 1738 2994 qui

988 3036 1023 3083 ex
1038 3025 1116 3083 terra
1131 3016 1193 3081 nati
1208 3025 1284 3092 sunt,
1300 3025 1330 3081 et
1343 3015 1476 3098 germina
1492 3025 1578 3082 terrae
1592 3036 1659 3100 quae
1669 3027 1739 3085 sunt

988 3127 1151 3208 fornicatio,
1167 3126 1324 3206 adulteria,
1339 3125 1515 3206 idololatria,
1539 3133 1568 3191 et
1589 3135 1735 3193 cetera...

933 3483 994 3558 VI.

863 3678 912 3751 Ιιι
934 3677 1054 3753 Jooccc.

228 3879 299 3960 Cap.
325 3876 403 3958 vlit,
427 3879 457 3940 Σ.
481 3877 542 3943 Καὶ
564 3878 704 3952 ποιήσεις
727 3887 767 3961 τῇ
799 3877 874 3966 Γαῒ,
900 3875 932 3940 όν

185 3989 298 4080 τρόπον
323 3989 469 4065 ἐποίησας
491 3986 552 4061 τήν
576 3983 702 4074 Ἱεριχώ.
722 3981 785 4047 Vct.
809 3983 878 4062 246,
903 3983 930 4046 3.

228 4097 437 4186 Προνομήσεις
453 4103 585 4178 σεαυτῷ,
603 4083 708 4165 ἐπειδή
728 4097 783 4157 οὐκ
804 4083 876 4171 ἔδει,
894 4097 933 4168 ὡς

185 4205 216 4266 ἐν
229 4213 270 4288 τῇ
282 4205 408 4293 Ἱεριχῷ,
416 4201 459 4267 τόι
470 4201 575 4267 πάντα
584 4199 782 4274 ἀνατεθῆναι.
792 4237 834 4250 -
844 4198 935 4264 Ἀκυ-

186 4312 253 4385 λᾶς·
270 4309 330 4374 Σὺν
354 4320 399 4394 τῷ
424 4309 515 4394 Γέσῳ.
537 4309 715 4398 Σύμμαχος·
733 4305 793 4372 Σὺν
809 4317 850 4391 τῇ
876 4310 934 4370 οἰσ-

215 4416 222 4437 Ι

185 4405 261 4480 mgb.

1029 3873 1101 3957 Cap.
1127 3873 1203 3954 vlit,
1220 3877 1250 3938 2.
1267 3874 1309 3938 to
1320 3875 1413 3956 socies
1426 3875 1455 3937 ιἰι
1469 3873 1533 3938 Hoi
1544 3875 1640 3940 codem
1652 3879 1737 3942 modo

987 3998 1075 4062 quum
1095 3981 1192 4063 secasti
1211 3981 1241 4043 ιἰι
1261 3976 1405 4044 Hiericho.

1026 4088 1090 4152 Tibi
1105 4096 1166 4154 met
1176 4089 1269 4169 legem
1284 4088 1469 4170 praestitues:
1486 4087 1604 4171 quando
1615 4087 1734 4171 quidem

986 4192 1102 4257 hicnon
1114 4193 1278 4276 oportebat,
1291 4191 1369 4256 sicut
1380 4192 1411 4256 in
1422 4192 1550 4271 iericho,
1563 4191 1662 4256 omnia
1672 4193 1734 4258 sint

985 4309 1170 4368 conservata.
1188 4299 1345 4383 -Aquita
1366 4297 1470 4367 habet:
1491 4299 1529 4363 Io
1544 4297 1627 4363 Geso.
1647 4297 1732 4380 Sym·

983 4410 1121 4476 mechus:
1144 4409 1217 4474 Gom
1236 4407 1342 4492 clypco.

221 4646 266 4702 Vi.
288 4646 354 4718 Gap.
376 4644 482 4713 v111,2.
503 4647 568 4701 Vct.
589 4647 660 4718 Ap.
680 4645 744 4701 664.
764 4643 836 4701 Silet
853 4642 933 4700 Field
953 4641 987 4698 de
1006 4642 1057 4698 hec
1078 4647 1143 4697 note
1162 4639 1280 4712 Hexapi.
1301 4645 1321 4697 t.
1341 4657 1362 4710 ι,
1382 4659 1410 4712 p.
1430 4617 1494 4696 353'.
