3978 6086
676 499 943 567 suunuunusis
964 503 1171 571 nrlscorus
1639 507 1697 573 207

136 655 193 720 ααί
215 659 394 746 Εἰρηναῖος·
419 691 458 702 -
486 652 564 730 Θεὸς
588 658 696 730 αἰῶνος
717 653 897 744 ὀνομασθείς
952 674 1034 721 naeus
1055 657 1112 722 uit:
1126 657 1207 724 Deus
1226 658 1337 736 socru,
1358 656 1407 742 qui
1430 657 1503 724 deus
1524 675 1616 727 anon
1636 679 1699 727 ure·

136 759 210 838 ύεύς
234 771 302 837 τοῖς
327 761 480 846 ἀπίστοις,
514 759 678 825 τουτέστιν
702 764 719 824 ὁ
744 768 896 838 Σατανᾶς.
952 761 1088 828 dentibus
1108 765 1286 844 nominatur,
1307 761 1362 828 hun
1381 766 1616 833 celsitunem.»

870 975 971 1048 VIII.-

319 1165 406 1230 urm.
430 1165 520 1242 xxii,
542 1167 590 1228 12·
609 1172 654 1233 Ού
676 1169 811 1258 πορεύσῃ
838 1168 906 1258 μετ’
932 1173 1045 1246 αὐτῶν,
1066 1161 1138 1236 ουδὲ
1160 1171 1323 1260 καταράσῃ
1348 1173 1403 1238 τὸν
1428 1175 1515 1239 λαύν.

563 1315 632 1384 Νοο
652 1317 704 1381 ilie
724 1339 786 1381 eom
808 1319 858 1398 ris,
882 1339 970 1402 seqree
991 1320 1138 1384 maledices
1158 1319 1275 1403 popolo.

183 1513 230 1574 ut
250 1505 322 1597 περί
336 1515 391 1572 τοῦ
408 1510 485 1570 λαοῦ
501 1506 686 1583 αἰνίττεται,
703 1504 819 1584 πάντες
835 1505 895 1601 γὰρ
990 1505 1055 1571 Νοο
1067 1507 1107 1572 de
1120 1505 1231 1590 populo
1244 1493 1424 1571 insinuetur:
1442 1525 1509 1574 unm
1520 1527 1620 1576 omnes
1632 1527 1697 1594 pro-

137 1611 418 1704 ααπεοτρώθηοαν,
432 1611 451 1694 Ι)
474 1610 557 1677 ἀλλὰ
581 1603 632 1678 διὰ
655 1614 693 1679 τὸ
717 1605 894 1704 supplantet·
949 1612 1033 1677 stnnli
1054 1623 1139 1678 sunt:
1159 1611 1212 1678 sud
1227 1621 1346 1695 propter
1359 1611 1571 1696 praesignatum
1588 1611 1697 1679 Christi

140 1747 234 1813 μονον
257 1731 314 1787 τοῦ
335 1727 466 1811 Χριστοῦ
483 1721 664 1810 μυστηρίου.
681 1714 807 1796 Ἐπειδὴ
834 1724 895 1817 γὰρ
949 1717 1130 1802 mysterium.
1154 1717 1233 1798 Quin
1252 1718 1331 1784 enim
1352 1718 1487 1785 Christus
1507 1737 1543 1784 ex
1563 1718 1697 1802 petribns'

140 1826 275 1914 ἔμελλεν
291 1829 326 1892 ἐκ
341 1835 405 1891 τῶν
417 1825 558 1915 πατίρον
572 1825 657 1892 κατὰ
669 1825 768 1918 σάρκα
780 1829 808 1914 ⁶²)
825 1853 895 1923 γαν.
948 1826 1109 1892 seeundum
1134 1843 1250 1892 earnem
1276 1826 1440 1892 unanimus
1465 1836 1545 1907 erut,
1568 1826 1695 1910 Spiritus

141 1928 263 2007 νᾰοθαι,
287 1921 488 2022 προδιδάσαει
503 1932 541 1997 τὸ
561 1937 687 2021 Πνεῦμα
706 1933 761 1999 τὸν
786 1927 892 2028 ἄνδρα,
948 1935 1109 2010 Ρῐίθῦίθῐίῦί
1128 1927 1235 2006 Virum,
1250 1946 1288 1993 ne
1301 1928 1420 2012 quundu
1433 1947 1485 2012 per
1499 1929 1697 2011 ignorantiam

143 2038 272 2126 μήποτε
295 2037 379 2104 κατὰ
395 2038 523 2130 ἄγνοιαν
538 2039 695 2131 πορευθείς
714 2042 896 2134 seraptem.
948 2032 1073 2114 redens,
1096 2031 1168 2098 diris
1188 2033 1337 2099 devoveat
1355 2033 1513 2117 poputum:
1533 2051 1591 2098 non
1613 2034 1692 2117 quud

145 2167 203 2208 ται
225 2145 283 2210 τὸν
297 2144 385 2210 tolo·
401 2148 460 2235 οὺχ
471 2151 511 2222 ὡς
526 2156 584 2223 τῆς
601 2149 674 2236 ἀρᾶς
686 2147 713 2225 8)
729 2147 893 2238 ἰοχυούοης
947 2139 1108 2224 Ρίύῦίύύθῦί
1127 2138 1410 2205 maledictionum
1425 2139 1610 2204 Vulunlnletn
1623 2138 1691 2220 Dei,

142 2249 228 2338 παρὰ
250 2250 310 2326 τὴν
334 2261 390 2318 τοῦ
414 2257 494 2318 Θεοῦ
526 2252 683 2338 βούλησιν,
705 2253 731 2333 4t
754 2252 826 2318 ἀλλ’
850 2259 892 2330 ιίς
947 2247 1043 2314 enlin
1053 2247 1330 2314 demonstrationem
1340 2244 1539 2312 Pmeidentim
1549 2246 1615 2328 liei,
1627 2264 1695 2332 ques

144 2347 272 2436 ἔνδειξιν
287 2367 343 2424 τοῦ
359 2364 439 2425 Θεοῦ
455 2359 608 2450 προνοίας,
621 2353 658 2436 ἧς
674 2353 740 2449 ιίχε
756 2351 808 2424 διὰ
821 2357 892 2436 τούς
947 2364 1067 2440 propter
1086 2355 1209 2436 renerio
1226 2364 1361 2421 anemius
1380 2371 1431 2420 eus
1450 2352 1577 2420 oursrit.

143 2463 341 2556 προπάτορας
366 2470 408 2542 εἰς
432 2464 552 2543 αύτούς.

181 2711 252 2768 vlu.
265 2711 326 2768 lsm
338 2711 422 2785 hujus
432 2711 486 2768 luoi
499 2729 566 2785 pers
584 2713 662 2784 prior
674 2718 704 2769 et
714 2719 804 2786 major
816 2715 891 2770 edita
944 2715 976 2776 ὡς
1002 2715 1058 2785 ὁρᾷς
1077 2715 1218 2782 ἰσχνούοπς,
1231 2731 1309 2785 aegre
1327 2713 1483 2767 emendavit
1507 2713 1550 2765 ούιι
1575 2713 1608 2773 εἰς
1632 2715 1694 2784 teto

146 2805 207 2856 erat
233 2817 268 2856 ex
287 2802 376 2856 tribus
402 2805 510 2856 eatenis
534 2801 751 2858 parisiensibus.
780 2803 890 2857 Partem
942 2803 1066 2871 ἰχνούοπς,
1079 2805 1227 2874 vertitque:
1244 2819 1303 2857 αονι
1322 2808 1353 2858 e'n
1367 2805 1596 2873 imprecationem
1614 2807 1696 2858 trane·

144 2907 208 2946 reru
226 2891 410 2962 posteriorem
426 2891 589 2946 Mnentems
607 2889 721 2960 addidit,
741 2908 803 2963 quse
824 2907 890 2947 eor·
943 2898 1094 2965 stipantem
1121 2895 1273 2964 ίινιαναοι,
1298 2892 1460 2962 prosim...
1481 2891 1565 2962 Pejus
1589 2889 1696 2947 invenit

143 2982 225 3049 rupis
252 2984 281 3033 et
304 2981 483 3034 ornatissime
510 2978 643 3035 hactenus
669 2983 813 3048 remansit,
842 2981 889 3035 sed
943 2981 1108 3037 Stierenina:
1130 2985 1170 3035 rte
1188 2985 1257 3048 λαίν,
1275 2981 1365 3050 ούχὼς
1379 2983 1436 3052 ὁρᾷς
1455 2983 1566 3048 ἰχνεῦσαι
1581 2983 1609 3032 τί
1628 2979 1692 3050 petr·

144 3069 251 3122 tandem
266 3087 317 3139 ope
332 3071 417 3124 trium
428 3069 506 3125 codd.
517 3070 715 3125 vaticanorum
726 3069 781 3123 747
795 3069 814 3125 i.
829 3067 890 3139 173,
943 3075 993 3136 λον,
1014 3070 1163 3125 maledices
1179 3071 1317 3139 populum
1335 3087 1395 3125 eron
1411 3072 1626 3140 innesthontem
1645 3083 1692 3122 res

140 3155 194 3211 ’148
214 3156 233 3212 f.
251 3155 313 3225 194,
337 3155 403 3212 1520
417 3177 445 3230 p.
459 3157 513 3215 523
533 3163 593 3213 tutu
612 3161 780 3214 restituitur.
943 3161 1069 3231 futurae,
1096 3167 1209 3227 praeter·
1212 3195 1267 3213 .....
1295 3159 1414 3228 Propius
1440 3156 1474 3210 sd
1499 3172 1613 3226 scopum
1639 3156 1693 3210 ivit

179 3245 202 3316 ι)
219 3245 423 3318 ιιοιτεατρύίποον
441 3249 506 3304 Vnt.
523 3246 548 3302 l.
563 3275 599 3290 -
612 3247 636 3320 ἰ)
655 3259 690 3301 ex
709 3251 758 3300 τῶν
777 3249 890 3321 ποτέρων
944 3243 1143 3314 Ηαονοίῦοιούχ
1163 3247 1195 3308 ύς
1214 3248 1276 3315 ἀρὰν
1294 3247 1426 3314 ἰσχύουσαν
1445 3249 1538 3316 παρὰ...
1552 3261 1611 3299 non
1627 3259 1692 3315 per·-

140 3333 240 3404 ἰμιλλιν
253 3339 411 3407 “semeae
420 3335 523 3392 Vaut.
536 3363 570 3378 -
583 3334 890 3408 θρούχύςὸρᾷοίσχοού-
943 3336 1012 3391 inde
1033 3351 1067 3390 ae
1090 3336 1183 3390 οοίοαί
1206 3335 1365 3390 maledictio
1388 3343 1489 3389 eontra
1516 3331 1691 3388 voluntatem

142 3442 185 3483 σοι
201 3424 265 3478 vae.
279 3421 307 3480 3.
321 3423 421 3478 Incidit
434 3425 598 3480 Muentrrus
613 3425 641 3478 in
654 3425 726 3479 hune
739 3424 830 3482 solnm
842 3443 890 3480 eo·
944 3427 1006 3480 Dei.
1022 3424 1062 3477 Ex
1081 3423 1187 3479 duobus
1201 3423 1280 3476 codd.
1297 3419 1350 3490 i‚2
1361 3422 1453 3476 omnis
1466 3420 1550 3494 plane
1568 3425 1644 3475 sunt.
1660 3449 1693 3463 -

142 3510 230 3565 dinem
255 3513 477 3568 recentissimum
508 3517 536 3567 et
559 3514 775 3584 ineptissimum,
795 3517 890 3584 utpote
943 3512 967 3578 ⁴)
981 3512 1093 3574 ἰξοοσίαν
1106 3512 1171 3565 Vat.
1183 3509 1211 3564 2.
1231 3510 1322 3564 Mults
1340 3511 1373 3562 de
1386 3508 1517 3564 Balaemo
1536 3512 1602 3563 snut
1620 3507 1692 3581 spud

144 3601 294 3671 pessimum
313 3605 419 3656 ratense
435 3601 603 3656 Perisiensis
622 3601 824 3673 apographon.
840 3601 890 3654 Vi·
943 3603 1089 3671 Ireneenrn,
1113 3601 1159 3673 qui
1178 3601 1239 3654 heeo
1264 3599 1395 3654 vaticinia
1421 3598 1592 3670 explanavit,
1619 3599 1694 3653 sicut

143 3688 212 3742 tium
226 3690 305 3744 suxit
315 3689 385 3744 idem
396 3689 499 3760 Dauus,
510 3707 573 3745 oum
584 3689 669 3744 nitate
679 3707 760 3744 mauu
775 3689 892 3762 scripsit
945 3689 1116 3763 Hippolytus
1136 3689 1197 3745 inse
1216 3689 1347 3763 exposuit
1363 3686 1440 3743 infra
1454 3689 1549 3744 iacobi
1567 3685 1690 3743 oracula.

886 3953 950 4028 IX.

504 4165 556 4231 Εα
575 4165 734 4231 Aoertoeio
757 4165 873 4232 Seiraito
893 4165 1046 4245 (floruero.
1070 4167 1122 4233 lib.
1139 4165 1203 4249 tn,
1228 4185 1258 4250 p.
1278 4165 1331 4246 lt).

188 4399 325 4477 Ἀκούεις
348 4401 398 4465 ὅτι
421 4400 474 4490 ἀρ’
490 4393 525 4464 ού
549 4398 701 4478 εἰσῆλθεν,
719 4401 822 4492 ὥσπερ
841 4424 889 4478 τις
983 4399 1076 4465 undis
1095 4399 1175 4483 qnod
1195 4418 1231 4467 ex
1245 4417 1303 4485 quo
1319 4398 1451 4483 ingresse
1465 4406 1522 4478 est,
1541 4399 1692 4480 (uuquam

143 4507 211 4573 ύιία
233 4506 330 4597 φύσις,
354 4507 393 4571 τί
416 4504 499 4572 uaros
521 4505 690 4597 ἰρρύοημα
714 4511 755 4583 τίς
778 4506 817 4572 τὸ
832 4530 892 4599 γη-
944 4506 1047 4573 divine
1068 4507 1204 4593 qondam
1225 4509 1342 4591 uetare)
1360 4505 1462 4573 urina
1476 4502 1639 4572 insufflatio
1656 4503 1688 4569 in

142 4614 227 4707 γινίς
244 4623 335 4705 σῶμα
349 4624 406 4680 τοῦ
422 4605 535 4704 Ἀδὰμ,
549 4611 658 4692 sutton
673 4619 693 4689 ἡ
710 4612 812 4708 γραρί
831 4619 890 4706 οὐχ
943 4631 1050 4698 eorpus
1069 4613 1173 4680 eremi
1197 4623 1274 4680 terra
1294 4623 1405 4695 natum,
1419 4613 1519 4679 statim
1536 4611 1689 4695 Scriptura

143 4727 236 4807 ἁπλῷ
257 4721 387 4812 ύνύματι
409 4721 668 4815 προσαγόρευσιν,
686 4721 758 4788 ἀλλ’
782 4705 894 4787 ὡσανιί
947 4739 1005 4785 nnn
1020 4719 1144 4805 simplici
1157 4719 1274 4786 nomine
1287 4718 1459 4803 oppetierit,
1474 4719 1525 4785 sed
1539 4717 1632 4802 (quusi
1648 4735 1692 4784 nu·

180 4971 228 5028 ix.
242 4972 352 5026 Praeter
370 4971 509 5042 insignem
521 4970 613 5026 locum
625 4989 661 5026 ex
672 4972 777 5027 Irenaeo
795 4970 893 5025 adrer-
946 4973 1057 5023 exstsnt
1074 4967 1146 5040 apud
1168 4968 1310 5036 Granium,
1321 4967 1392 5022 unde
1405 4969 1577 5022 transierunt
1595 4968 1625 5022 in
1640 4967 1695 5022 Pa-

143 5075 191 5114 sas
210 5059 329 5132 Ophitus
348 5060 383 5112 ab
402 5060 551 5113 Anastasio
575 5059 684 5114 Sinaita
702 5063 844 5130 receptum
863 5059 891 5112 in
946 5055 1010 5111 troi.
1022 5063 1043 5112 t.
1055 5055 1223 5112 uxnrxeoi.
1234 5053 1327 5110 essee
1338 5053 1389 5110 9ύί
1404 5053 1454 5130 (ex
1465 5055 1536 5110 libro
1547 5071 1585 5110 vn
1598 5057 1626 5110 in
1636 5057 1693 5111 He-

144 5145 302 5217 irsgmento
326 5162 385 5208 xm.
410 5147 466 5200 tria
488 5150 555 5200 snut
582 5145 706 5216 ejusdem
734 5146 892 5200 testimonie
944 5146 1117 5219 ιεσιοειοο).
1131 5145 1256 5199 Tertium
1266 5149 1370 5214 munet,
1385 5143 1516 5213 solutu,
1530 5145 1601 5217 quod
1621 5161 1691 5200 non-

146 5239 300 5296 memorato
318 5234 494 5309 dignissima,
515 5250 630 5306 quorum
647 5233 703 5288 duo
723 5249 814 5307 graece
830 5237 890 5305 jam
944 5235 1008 5290 dom
1020 5250 1111 5308 graece
1120 5232 1235 5310 prodiit,
1245 5239 1349 5308 prester
1360 5251 1447 5308 panna
1460 5250 1523 5309 qnae
1532 5233 1690 5292 Maesuetus
