4038 6088
832 505 961 574 CODEX
982 505 1075 572 SAEG.
1101 505 1141 572 vl
1712 511 1770 578 otu

210 659 271 724 latu
285 660 380 736 vocis,
395 675 484 742 quom
504 657 638 739 efferunt,
655 673 728 742 ques
747 657 839 740 vulgo
852 679 960 724 coeco·
1056 662 1169 733 Pcloet,
1191 655 1221 718 in
1243 654 1347 736 lisoio,
1370 655 1536 722 daemonum
1564 675 1684 740 genere.
1709 660 1772 724 llos

208 786 263 829 nos
283 761 394 828 dicunt.
1015 761 1145 828 nonnulli
1161 760 1250 825 etiem
1267 760 1502 828 doctissimorum
1523 763 1696 842 incubones,
1719 767 1768 830 rel
1830 755 1833 761 ’

248 877 370 947 Lento,
391 889 484 953 genus
505 870 639 952 monstri,
657 879 691 936 ut
705 869 825 954 quidem
839 879 957 954 putent,
1012 873 1129 948 satiros,
1144 877 1197 934 unt
1210 867 1353 950 quosdam
1367 869 1518 937 silvestres
1536 869 1672 938 homines
1687 873 1771 939 intel-

208 977 258 1044 vel
278 978 446 1043 adfirmant.
1012 974 1172 1058 legendum
1194 984 1384 1056 putaverunt.

825 1188 869 1260 X.
901 1187 946 1259 De
978 1185 1150 1258 Vestibus.

248 1370 357 1445 procl
372 1368 405 1443 ¹),
420 1364 515 1430 vestis
528 1361 729 1445 sacerdotalis,
749 1382 815 1448 qun
829 1363 962 1449 superin-
1015 1372 1117 1430 meton
1132 1367 1169 1442 1),
1187 1362 1216 1428 id
1232 1371 1277 1428 est
1291 1369 1430 1447 quattuor
1452 1362 1560 1429 litteris
1576 1365 1700 1431 llobreis
1720 1385 1771 1448 ge-

207 1470 380 1537 dumcntum
400 1469 451 1535 vel
471 1471 690 1554 superumerale
710 1471 887 1556 appellatur.
910 1471 963 1534 Est
1017 1470 1102 1535 rebat
1123 1470 1307 1554 inscriptum.

209 1586 308 1642 nutem
328 1577 412 1643 uelut
425 1577 455 1642 in
471 1577 631 1644 Caracallus
644 1578 774 1658 modum,
791 1577 843 1645 sed
860 1579 892 1658 [l.
909 1579 959 1660 80]
1057 1584 1184 1672 Pecolp,
1200 1578 1230 1643 in
1249 1577 1400 1661 Apostolo,
1422 1577 1548 1665 latinum
1569 1588 1623 1646 est.
1647 1581 1700 1646 list
1721 1598 1772 1646 au-

209 1681 275 1747 sine
295 1682 418 1747 cucullo.
444 1682 536 1766 Cujus
556 1682 652 1748 uestis
672 1682 730 1748 duo
751 1694 822 1750 sunt
841 1701 960 1766 genero,
1016 1692 1072 1748 tcm
1094 1684 1180 1767 quusi
1202 1684 1330 1761 lacerno,
1351 1682 1595 1750 descendentibus
1616 1686 1719 1752 clo'uis.

207 1808 298 1856 unum
326 1790 435 1855 lineum
464 1798 497 1856 ct
522 1791 664 1874 simplex,
687 1793 764 1876 quod
793 1793 962 1858 sacerdotes
1055 1794 1191 1867 Diodoto,
1213 1788 1244 1852 in
1264 1789 1450 1870 Regnorum,
1472 1807 1562 1872 segue
1582 1792 1631 1858 rol
1657 1791 1770 1871 clamis,

210 1896 374 1975 bobcbont;
399 1897 480 1963 aliud
501 1897 629 1963 dirersis
649 1899 796 1965 coloribus
817 1910 848 1964 et
873 1916 958 1978 euro,
1015 1898 1076 1963 ἀπὸ
1099 1908 1156 1963 τοῦ
1181 1889 1363 1963 διπλοῦσθαι
1382 1902 1407 1976 1)
1429 1906 1477 1962 est
1499 1898 1771 1981 indumentumque

211 2005 397 2089 gemmisque
421 2013 607 2086 contextum,
634 2006 713 2089 quod
733 2007 787 2072 soli
810 2008 963 2091 pontifices
1014 2003 1170 2086 dupliciter
1190 2005 1346 2084 umbimnr3
1369 2006 1476 2089 diplois
1495 2007 1637 2091 appellari
1659 2017 1768 2091 potest.

210 2111 377 2177 utebantur.
1054 2118 1186 2190 Botblm,
1207 2112 1239 2176 in
1260 2111 1415 2193 Duuibcle,
1430 2123 1531 2180 vestes
1550 2115 1646 2194 linere,
1663 2115 1772 2198 quibus

248 2225 377 2285 Podores
387 2218 594 2298 sacerdotales,
607 2219 691 2286 linere
705 2225 740 2300 1),
754 2223 867 2304 corpori
881 2221 960 2306 peni-
1016 2216 1172 2299 seminalis,
1197 2228 1229 2282 ut
1250 2217 1388 2299 arbitror,
1412 2218 1624 2312 significnntur.

209 2330 255 2389 tus
269 2322 429 2403 adstrictae3
452 2324 612 2407 eademque
634 2325 745 2407 tuleris,
762 2327 840 2392 unde
860 2338 890 2392 et
911 2345 961 2411 po-
1055 2329 1215 2391 Batbcoim
1229 2324 1309 2406 apud
1323 2325 1451 2391 llebreos
1466 2326 1560 2392 linum
1573 2327 1700 2392 dicitur:
1717 2346 1770 2391 un·

96 2431 98 2434 ’
208 2431 285 2497 deris
306 2429 472 2514 appellata:
494 2430 559 2495 boec
578 2441 609 2496 ct
628 2432 771 2498 subucula
793 2433 908 2499 dicitur.
1015 2427 1051 2492 dc
1066 2437 1096 2493 et
1115 2426 1144 2491 in
1160 2427 1334 2511 quibusdem
1349 2429 1421 2493 locis
1434 2429 1543 2512 legitur
1557 2436 1668 2510 prod
1680 2438 1771 2507 Bello,

248 2538 679 2622 chiron‚quodctrntionnle,
693 2559 809 2623 pennus
822 2542 958 2626 exiguus,
1014 2531 1069 2597 boc
1091 2541 1138 2598 111
1158 2532 1263 2617 prod
1284 2533 1598 2616 1111111111110111111111
1618 2545 1694 2617 111111
1707 2545 1771 2615 bar,

210 2665 247 2711 cx
271 2665 353 2726 euro,
375 2645 498 2729 gemms
519 2646 724 2734 coloribusque
743 2649 847 2730 soriis,
870 2651 920 2732 qui
936 2655 960 2731 1)
1015 2649 1047 2705 nt
1066 2640 1190 2725 quidam
1211 2649 1346 2724 corrupte
1366 2641 1479 2724 legunt.

207 2753 417 2836 superumcrull
432 2761 534 2818 contra
548 2762 650 2836 pectus
664 2755 810 2836 pontilicis
824 2755 960 2824 adnecte-
1056 2747 1088 2826 [s·
1106 2747 1156 2827 81]
1172 2753 1305 2824 11111111
1320 2748 1545 2832 1111181011111,
1560 2749 1647 2834 pellis
1662 2756 1686 2830 1)
1701 2748 1771 2815 11111·

207 2857 304 2926 batur.
1015 2855 1082 2937 plex
1093 2873 1151 2938 qua
1163 2854 1296 2920 monachi
1309 2857 1429 2938 AEgiptii
1441 2857 1620 2923 etiamnunc
1633 2867 1768 2937 utuntur,

249 2968 398 3044 Obtdcro's,
409 2963 505 3048 pileus
516 2965 707 3031 sacerdotalis
720 2985 755 3032 ex
771 2966 861 3034 bisso.
875 2971 961 3035 llunc
1014 2982 1050 3044 11,
1071 2981 1130 3028 11111
1150 2961 1242 3027 111111
1262 2962 1441 3046 dependens·

209 3070 304 3134 Graeci
329 3080 359 3136 et
383 3071 476 3135 nostri
502 3070 618 3152 tiorum,
644 3073 764 3155 quidam
788 3075 878 3140 etiam
899 3076 959 3140 mi·
1057 3076 1230 3147 Tortorem,
1253 3069 1283 3133 in
1305 3069 1424 3151 Genesi,
1440 3070 1521 3154 upud
1541 3070 1662 3148 brebes,
1677 3090 1771 3154 genus

211 3187 284 3243 tram
299 3183 324 3257 1)
345 3187 465 3245 vocant.
1015 3176 1098 3260 pallii
1119 3177 1282 3243 muliebris.

250 3289 499 3362 postmontes
522 3285 629 3350 lamine
644 3285 675 3349 in
691 3286 784 3351 fronte
804 3287 961 3369 pontilicis,
1057 3292 1266 3364 Peucestes,
1289 3286 1319 3351 in
1340 3287 1442 3366 Esaia,
1463 3286 1566 3356 dieunt
1587 3287 1666 3371 opud
1687 3287 1771 3353 lerni-

209 3409 275 3474 quae
291 3390 347 3456 llci
366 3408 472 3458 nomeu
498 3391 570 3456 illud
596 3391 754 3471 ineffabile,
779 3403 960 3476 tetragram-
1015 3411 1068 3458 nus
1089 3411 1206 3458 crurum
1228 3403 1409 3458 ornamenta.

244 3553 281 3607 X.
299 3556 320 3616 ¹)
340 3552 430 3622 epobd
449 3551 479 3608 Ο.
498 3583 534 3594 -
549 3555 572 3618 1)
591 3552 677 3623 Vulg.
691 3557 719 3608 et
731 3551 768 3610 el.
778 3555 894 3623 poderis
912 3572 962 3609 sa·
1016 3585 1050 3594 -
1065 3557 1088 3618 ⁵)
1108 3564 1134 3609 et
1152 3556 1459 3625 tbctroprammaton...
1480 3556 1716 3614 discindentibus.
1736 3584 1769 3597 -

207 3643 373 3710 cerdotnlis,
397 3643 475 3698 linea
499 3659 521 3698 c.
538 3659 566 3712 p.
586 3637 632 3684 -'
646 3647 795 3699 astricta...
817 3645 958 3701 totores...
1015 3643 1037 3708 ⁰)
1060 3643 1310 3707 ΔΙΠΑΟΥΟΤΕΝΟ
1335 3646 1376 3699 sic
1396 3645 1441 3700 C...
1462 3646 1539 3716 quod
1557 3645 1717 3701 dubliciter.
1735 3675 1770 3686 -

207 3731 346 3800 ponderes
366 3732 397 3787 C.
418 3759 454 3772 -
474 3735 497 3795 ⁸)
519 3748 602 3802 puae,
623 3731 661 3787 id.
680 3761 716 3772 -
736 3737 759 3797 1)
779 3743 900 3788 metram
921 3734 960 3787 id.
1015 3735 1039 3805 7)
1057 3735 1150 3804 pellem
1172 3732 1182 3787 l
1205 3751 1288 3790 msnu
1309 3735 1356 3792 C...
1376 3753 1464 3806 puram
1482 3753 1548 3792 cum
1566 3746 1699 3792 utuntur.

642 3943 706 4017 XI.
732 3946 784 4018 De
807 3945 947 4019 Avibus
972 3947 1047 4034 [vell
1076 3947 1283 4021 volantibus
1303 3953 1334 4035 ¹).

250 4126 437 4198 Pollionem,
458 4121 526 4185 auis
547 4139 658 4203 parva,
680 4141 746 4206 quae
771 4122 958 4188 solitudinem
1053 4130 1194 4204 Erodo'os,
1210 4123 1240 4189 in
1258 4124 1378 4208 psalmo,
1394 4124 1481 4190 ardea
1496 4142 1513 4189 a
1526 4121 1701 4208 quibusdam
1715 4141 1769 4206 pu·

208 4227 382 4294 delectatur.
396 4228 449 4294 list
462 4239 493 4294 et
507 4228 586 4295 alind
598 4229 807 4314 pellicunorum
819 4250 912 4313 genus
928 4233 958 4297 in
1017 4239 1105 4296 tatur.

178 4320 182 4326 ’
209 4334 287 4406 Nilo,
304 4353 379 4418 pene
392 4335 488 4417 cignis
505 4335 612 4416 simile,
626 4335 683 4401 nisi
702 4338 779 4420 quod
796 4338 882 4421 poulo
899 4358 959 4404 mu·
1056 4344 1168 4415 Larus,
1184 4336 1214 4401 in
1229 4335 1439 4416 Pentateucho,
1460 4337 1588 4404 Gavium
1609 4336 1766 4419 significet.

206 4442 284 4525 jores
300 4453 379 4508 sunt.
394 4443 523 4521 Quidem
541 4445 580 4509 ite
595 4447 787 4513 onocrotnllos
803 4451 827 4526 1)
840 4457 959 4514 uocant.
1057 4447 1222 4522 Goeoomtc,
1247 4461 1345 4508 musca
1365 4443 1493 4528 mnino,
1515 4452 1546 4508 ut
1565 4443 1686 4526 quidem
1708 4460 1769 4523 pu-

251 4559 440 4628 Ne'oticorax,
468 4562 590 4631 noctuu3
617 4553 702 4618 multi
730 4554 877 4620 bubonem
898 4573 963 4620 esse
1016 4557 1091 4628 taut,
1108 4550 1138 4613 in
1158 4551 1271 4635 psalmo
1285 4550 1485 4634 accipiendum
1499 4569 1579 4616 esse:
1595 4550 1647 4614 sed
1669 4567 1768 4613 musca
1878 4638 1882 4643 .

209 4657 401 4721 contendunt.
420 4656 496 4721 Sunt
510 4657 599 4723 etiam
614 4659 665 4742 qui
679 4660 820 4725 adserunt
836 4660 963 4726 orienta-
1015 4657 1194 4735 omnimoda,
1212 4665 1244 4721 ct
1264 4655 1330 4721 ideo
1351 4675 1408 4722 non
1431 4675 1482 4740 per
1502 4670 1521 4718 Υ
1543 4669 1671 4737 graecom
1690 4651 1769 4716 litte·

210 4763 266 4828 lem
282 4779 382 4842 avem,
398 4780 466 4848 quae
481 4774 641 4830 nocturnus
659 4783 765 4833 corum
785 4767 960 4851 appellatur.
1016 4779 1087 4842 rum,
1108 4763 1160 4828 sed
1181 4781 1233 4847 per
1253 4762 1417 4846 diptongon
1439 4782 1471 4827 oc
1490 4761 1579 4826 scribi
1599 4759 1699 4824 debet.

182 4919 183 4924 η
249 4878 314 4938 Ibis
328 4876 362 4951 1),
375 4871 405 4935 in
416 4871 623 4948 Pentateucho,
637 4873 704 4939 evis
717 4876 851 4959 egiptia,
862 4876 963 4942 obsce·
1056 4879 1213 4952 Sebinifes,
1234 4871 1359 4937 culicum
1380 4890 1474 4953 genus
1496 4876 1552 4948 est,
1567 4866 1676 4935 aculeis
1697 4884 1768 4948 per-

210 4977 303 5042 nitete
316 4975 376 5042 oris
390 4977 541 5060 inmunda,
558 4997 623 5062 quae
638 4979 738 5044 ulrum
752 4997 879 5063 purgare
893 4998 961 5045 con-
1016 4977 1182 5043 molestum.

208 5085 318 5149 suerit.
930 5099 934 5106 ·

245 5247 292 5300 ΧΙ.
311 5248 332 5318 1)
352 5247 390 5301 Do
409 5248 528 5303 babidos
542 5249 596 5303 ool.
612 5249 639 5302 C.
652 5277 688 5289 —
703 5252 725 5313 1)
746 5251 950 5306 ottocbrotallos
970 5250 998 5303 C.
1017 5255 1089 5314 -1)
1110 5251 1228 5308 thts...
1248 5252 1346 5307 album
1361 5252 1484 5324 palpare
1502 5253 1652 5309 consuebit
1670 5252 1700 5308 G.
