3998 6080
295 506 352 568 191
859 503 993 570 ctavls
1015 503 1046 567 S.
1068 503 1274 570 MELITONIS

334 664 384 726 16.
402 659 473 735 Νο3,
488 657 624 743 bequies,
641 658 805 723 salvatoris
826 659 905 741 gerit
926 658 1061 740 figuram,
1075 658 1125 741 qni
1140 658 1230 723 dixit:
1247 658 1354 727 Venite
1375 660 1411 724 ad
1434 679 1492 740 mc,
1508 661 1672 744 omnesqui
1688 660 1840 743 laboratis,

294 789 324 844 et
344 798 400 861 ego
421 796 475 842 nos
496 778 681 861 requiescere
701 776 816 840 faciam.
1354 789 1357 798 ’

335 898 384 960 El.
400 897 479 975 Sem,
496 896 681 972 Nominatus,
696 895 939 978 patriarcharum,
949 892 1159 978 prophetarum
1169 903 1199 957 et
1212 892 1407 975 apostolorum
1420 893 1550 975 gestavit
1564 911 1729 975 personam,
1740 895 1791 978 qui
1806 914 1844 960 ex

294 1015 356 1097 ejus
377 1014 469 1097 stirpe
488 1013 634 1096 procreati
655 1023 732 1078 sunt.

334 1133 385 1195 28.
401 1131 520 1214 lapbct,
535 1131 683 1210 Latitudo,
699 1131 840 1197 Gentium
860 1129 999 1214 populum
1020 1128 1201 1211 significans,
1215 1147 1250 1192 eo
1270 1131 1348 1211 qnod
1369 1149 1403 1192 en
1426 1129 1490 1211 ipso
1504 1128 1635 1192 Ecclesia
1649 1129 1760 1194 Christi
1782 1139 1844 1194 toto

293 1247 363 1312 orbe
383 1246 424 1311 sit
443 1247 578 1311 dilatata.

334 1365 384 1428 99.
401 1363 554 1442 (11333333,
566 1363 675 1440 Motus,
690 1363 755 1428 sive
767 1361 926 1443 instabilis,
940 1363 989 1446 qui
1002 1362 1031 1426 in
1041 1362 1265 1428 similitudinem
1276 1362 1428 1428 hominnm
1439 1372 1623 1447 peccatoram
1637 1362 1844 1428 maledictione

226 1525 227 1528 =
293 1481 472 1564 sempiterna
493 1480 531 1544 ab
550 1498 608 1543 aro
628 1479 784 1542 muletatus
805 1489 860 1543 est.

334 1599 382 1663 36.
400 1598 489 1676 Chus,
506 1595 652 1677 AEtbiops,
667 1594 816 1671 Diabolus,
837 1613 968 1679 proquo
991 1597 1019 1659 in
1041 1597 1172 1679 psalmo:
1196 1596 1251 1660 Pro
1272 1597 1372 1660 verbis
1392 1596 1481 1670 Chns,
1503 1596 1554 1658 lilii
1576 1595 1704 1661 Gemini.

337 1715 386 1777 31.
404 1712 536 1792 Nemrot,
554 1713 713 1796 Tyrannus,
729 1712 878 1780 Diabolus.
900 1712 935 1776 In
956 1711 1080 1776 Genesi:
1096 1710 1216 1776 Nemrot
1238 1713 1279 1795 [p.
1297 1715 1366 1794 313]
1386 1723 1512 1778 venator
1532 1731 1627 1776 coram
1650 1712 1784 1776 Domino.
1802 1713 1842 1775 Et

293 1830 324 1895 in
340 1831 481 1896 llicbaea:
497 1829 687 1912 Indagabu'nt
702 1832 802 1908 Assur,
817 1827 1039 1908 antichristum,
1053 1829 1083 1893 in
1098 1830 1173 1893 losse
1189 1829 1320 1909 Nemrot,
1333 1830 1389 1894 hoc
1402 1842 1447 1895 est
1462 1830 1491 1893 in
1506 1829 1696 1894 damnatione
1712 1826 1841 1891 Diaboli.

333 1947 676 2028 39.3131333(1,833333
696 1947 955 2030 depopulationem.
1592 2009 1598 2020 ,

334 2064 384 2129 33.
400 2064 488 2145 Eber,
506 2063 667 2144 Transitor,
691 2064 756 2128 sire
781 2062 961 2141 Translatus,
980 2064 1017 2128 ob
1039 2062 1094 2127 hoc
1114 2063 1191 2146 quod
1213 2083 1247 2127 en
1269 2065 1333 2147 ejus
1352 2065 1445 2147 stirpe
1459 2063 1573 2128 Hebraei
1595 2063 1738 2146 procreati
1761 2073 1841 2126 sant.

333 2181 381 2244 31.
396 2181 624 2259 Melchisedech,
641 2181 707 2245 Iden
721 2182 831 2262 justus,
846 2181 982 2244 Christus
1003 2179 1154 2243 Dominus.
1169 2180 1204 2243 ln
1226 2181 1351 2262 psalmo:
1373 2180 1417 2244 Tu
1437 2199 1470 2244 es
1490 2181 1626 2246 sacerdos
1648 2181 1675 2243 in
1696 2191 1843 2242 aeternnm

293 2300 452 2363 secundnm
474 2298 606 2362 ordinem
629 2295 854 2362 Melchisedech.

331 2415 381 2479 36.
400 2413 554 2488 Abrabam,
570 2413 660 2477 Pater
681 2413 812 2494 cacabus,
828 2421 947 2496 propter
968 2414 1093 2496 priorem
1114 2413 1227 2478 scilicet
1247 2412 1387 2496 papulum
1406 2412 1585 2478 Jndaeornm.

330 2529 380 2592 36.
399 2529 558 2608 Abrabam,
577 2529 667 2594 Pater
686 2529 842 2592 multarum
863 2531 995 2611 partium,
1014 2531 1089 2593 sicut
1110 2540 1154 2596 est
1176 2530 1247 2593 illud
1269 2530 1300 2593 in
1321 2529 1479 2612 Apostolo:
1503 2528 1560 2608 Qui
1582 2540 1684 2592 eontra
1704 2547 1786 2611 spem
1810 2529 1840 2592 in

224 2641 227 2652 '
288 2665 341 2730 spe
361 2647 496 2721 credidit,
512 2655 545 2709 ut
566 2646 647 2711 fieret
669 2655 751 2727 pater
770 2647 928 2712 multarum
950 2649 1092 2729 gentium.

334 2766 383 2829 31.
401 2764 497 2842 Sarra,
514 2764 651 2845 Princeps
671 2783 744 2842 mea,
757 2763 898 2828 Ecclesiae
918 2765 1042 2847 liguram
1062 2784 1179 2847 gerens.

331 2883 381 2946 38.
397 2881 491 2959 Isaac,
506 2879 608 2960 ltisan,
623 2881 673 2964 qui
695 2883 723 2944 in
746 2891 818 2965 typo
840 2881 1003 2946 Salvatoris
1024 2901 1041 2945 a
1064 2891 1148 2964 patre
1168 2881 1199 2946 in
1221 2879 1366 2946 sacrificio
1387 2880 1503 2945 oblatas
1522 2889 1578 2944 est.

332 2998 381 3061 39.
397 2997 542 3077 Rebecca,
559 2997 723 3077 Patientia,
740 3014 806 3080 qum
821 3001 852 3060 in
868 3008 939 3081 typo
953 2997 1092 3063 Ecclesia
1106 2997 1179 3063 dnos
1193 2998 1317 3081 populos
1330 2997 1499 3061 latinorum
1512 3008 1542 3063 et
1555 2996 1696 3062 Gentium
1715 2997 1745 3059 in
1759 3003 1842 3060 utero

291 3114 423 3198 portavit
442 3123 473 3180 et
493 3114 605 3196 genuit.

329 3233 378 3296 16.
395 3237 487 3315 Agar,
503 3232 632 3311 Aduena,
646 3235 693 3298 nel
710 3233 868 3312 Conversa,
884 3233 1051 3316 Synagogae
1064 3251 1169 3316 gerens
1185 3251 1348 3317 personam,
1363 3251 1431 3316 quta
1444 3251 1511 3297 cum
1525 3231 1597 3312 lilio,
1610 3233 1722 3297 honest
1733 3232 1841 3315 populo

288 3349 468 3430 ludaeorum,
491 3349 635 3414 dedomo
657 3349 772 3415 Domini
794 3351 839 3415 sni
861 3350 983 3434 expulsa
1005 3361 1062 3415 est.

330 3464 379 3527 11.
397 3463 514 3545 ismael,
530 3465 652 3529 Auditio
663 3465 729 3546 Dei,
745 3467 884 3550 populum
897 3467 1064 3531 Jndaeorum
1075 3466 1256 3547 significans,
1271 3485 1306 3532 eo
1316 3466 1395 3551 qnod
1406 3467 1435 3532 in
1452 3467 1537 3532 linem
1549 3464 1651 3530 mnndi
1662 3465 1839 3543 crediturus,

288 3597 306 3641 3
327 3579 453 3645 Domino
473 3581 657 3647 exaudiatur.

329 3697 377 3760 11.
395 3698 514 3779 cetura,
535 3697 714 3780 lbpmiaana,
727 3698 758 3763 id
779 3709 826 3764 est
847 3699 1010 3779 incensum,
1024 3701 1075 3766 vel
1089 3701 1160 3766 odor
1174 3701 1269 3766 bonas
1285 3701 1326 3783 [p.
1342 3700 1452 3780 113311
1465 3697 1652 3783 sapientiam,
1667 3704 1701 3760 nt
1715 3693 1838 3777 quidam

288 3813 403 3892 rolant,
417 3813 600 3895 significans,
617 3831 684 3898 qnae
704 3815 734 3878 in
755 3815 876 3881 senibus
895 3818 963 3900 plns
983 3818 1079 3900 riget.
1310 3823 1313 3828 ⁴
1853 3793 1856 3800 Ι

329 3932 378 3996 13.
395 3931 460 4012 Job,
477 3931 616 4015 Mapnus,
630 3932 696 3997 sive
716 3933 845 4010 Dolone·
864 3934 913 3998 bia
932 3937 1010 4001 enim
1033 3937 1062 4000 in
1083 3935 1145 4001 suis
1165 3936 1264 4001 verbis
1285 3945 1314 3999 31
1335 3932 1522 4017 passionibus
1542 3930 1649 3995 Christi
1665 3938 1696 3996 et
1708 3928 1838 3993 omnium

287 4058 455 4113 sanctornm
477 4049 620 4132 expressit
635 4051 813 4133 imaginem3
829 4051 915 4116 amici
936 4070 1008 4117 voro
1029 4053 1093 4137 ejus
1106 4053 1234 4135 speciem
1255 4053 1448 4135 praetulerunt
1468 4048 1599 4113 omninm
1619 4047 1835 4112 hereticorum.

328 4166 377 4230 11.
393 4166 458 4247 131,
474 4166 643 4248 Declinans,
658 4168 757 4250 legis,
773 4176 806 4233 nt
825 4169 945 4252 quidam
966 4169 1082 4251 volunt,
1099 4171 1256 4252 praelercns
1277 4169 1446 4250 imaginem.

327 4283 376 4347 16.
393 4282 494 4362 13336,
511 4284 727 4368 Subplantator,
741 4287 840 4369 populi
861 4287 1029 4352 ludaeorum
1047 4285 1205 4364 Christum,
1222 4303 1257 4348 en
1272 4303 1371 4349 eornm
1385 4284 1477 4365 stirpe
1489 4279 1636 4362 genitum,
1653 4277 1684 4342 in
1698 4279 1836 4361 passione

285 4402 521 4484 supplantantes,
538 4402 613 4466 sient
635 4413 680 4466 est
701 4402 774 4468 illud
794 4405 825 4467 in
845 4407 920 4468 Osee
940 4404 1101 4487 propheta:
1125 4402 1159 4467 in
1181 4412 1263 4466 utero
1283 4398 1489 4484 supplantavit
1509 4399 1626 4460 fratrem
1649 4415 1746 4460 sunm.

329 4518 380 4581 16.
396 4518 495 4595 Jacob,
510 4521 635 4602 populus
655 4520 805 4596 Gentium,
821 4521 858 4585 ob
872 4521 928 4585 boc
942 4519 1022 4604 quod
1037 4521 1066 4585 in
1082 4519 1284 4584 benedictione
1299 4519 1391 4601 patris
1405 4517 1485 4580 fratri
1501 4514 1643 4598 praelatus
1657 4513 1707 4576 sit.
1723 4512 1757 4575 ln
1772 4511 1836 4576 bla-

284 4633 397 4701 lacbia:
414 4634 519 4700 Nonne
532 4636 622 4700 irater
632 4645 696 4701 erat
706 4637 784 4700 Esau
795 4636 896 4712 Jacob,
907 4635 980 4699 dicit
993 4635 1160 4700 Dominns‘l
1174 4635 1211 4698 Et
1224 4633 1313 4697 dilexi
1326 4634 1430 4712 Jacob,
1443 4632 1522 4696 Esau
1537 4639 1635 4693 annm
1649 4629 1715 4692 odio
1730 4627 1831 4690 habui.

325 4752 373 4814 11.
389 4752 489 4830 Jacob,
508 4753 604 4816 sancti
625 4771 662 4818 ex
684 4754 793 4837 populo
813 4752 981 4817 ludaeorum
1003 4752 1163 4835 adsumpti.
1184 4750 1218 4815 ln
1239 4751 1340 4814 Esaia:
1362 4749 1400 4810 Et
1419 4766 1498 4811 nunc
1516 4746 1597 4826 andi,
1620 4744 1710 4808 Jacob
1731 4762 1835 4807 servus

283 4885 377 4932 meus.
389 4868 426 4932 Et
435 4868 521 4932 alibi:
534 4869 572 4932 Et
583 4869 659 4933 facta
674 4879 719 4932 est
730 4870 826 4951 portio
838 4869 954 4932 Donnini
967 4870 1092 4953 populns
1102 4869 1180 4952 ejns;
1192 4867 1293 4944 Jacob,
1305 4865 1453 4929 funiculus
1464 4863 1647 4927 haereditatis
1659 4879 1721 4923 snae
1732 4861 1833 4924 lsrael.

318 4999 364 5055 26.
385 5001 486 5056 Μ131113.
507 5018 545 5069 rr,
563 5001 608 5057 28.
627 5031 663 5045 -
680 5002 725 5058 29.
748 5005 785 5058 Ut
804 5021 890 5076 snpra
913 5007 1032 5076 pestabit
1119 5002 1165 5055 31.
1177 5005 1246 5058 Gan.
1261 5019 1289 5068 x,
1304 5001 1336 5069 93
1350 5001 1436 5054 Mich.
1448 5017 1475 5066 v,
1489 5001 1516 5054 6.
1527 4997 1617 5053 -34,
1632 5000 1679 5052 Ps.
1693 5013 1749 5066 arx,
1761 4996 1833 5051 4.-

285 5093 324 5157 A,
345 5089 379 5156 C,
397 5091 437 5143 sie
457 5108 530 5145 nune
551 5093 625 5148 Gub
649 5096 711 5150 aba.
731 5123 766 5135 -
785 5091 829 5146 30.
857 5095 903 5149 Pa.
927 5109 980 5162 vn,
1007 5093 1029 5150 1.
1085 5091 1572 5159 35.t.aaram.-3o.n0m.1v,
1595 5088 1687 5144 18.-
1704 5089 1834 5144 45.0see

282 5179 386 5233 lterum
411 5181 441 5248 (1,
467 5197 529 5234 curn
554 5183 647 5251 inepta
673 5185 819 5252 varietate,
842 5185 880 5238 Et
902 5185 961 5238 iubs
980 5201 1030 5252 pro
1085 5198 1134 5249 111,
1147 5179 1174 5236 3.
1190 5181 1281 5235 -46,
1302 5181 1426 5234 Malach.
1445 5196 1472 5248 1,
1491 5179 1526 5247 2,
1545 5178 1679 5234 3.-47.
1699 5177 1734 5232 is.
1757 5193 1832 5243 xtra,

284 5271 426 5339 Aethiops.
1089 5268 1118 5340 13
1139 5272 1252 5324 Denter.
1274 5285 1361 5337 xxxn,
1381 5267 1409 5322 9.
