4064 6108
797 460 962 530 CODICES
984 459 1180 529 VthGlNl·
1699 463 1757 528 dil

206 615 295 694 bitus,
318 613 367 680 hic
386 613 506 698 quidem
525 614 610 693 uiris,
630 613 678 680 ille
698 630 767 679 raro
789 610 959 678 mulieribus
1012 628 1083 678 vero
1098 629 1115 676 a
1129 609 1286 695 snpientia,
1300 609 1544 695 lautcetoopiose
1558 609 1675 677 decreta
1691 611 1760 678 suh·
1788 659 1791 666 ·

204 731 343 786 secretus.
365 719 438 786 Nam
458 731 490 786 et
511 719 646 786 mulieres
666 719 704 784 de
728 736 809 784 more
828 735 887 782 una
909 735 959 780 au·
1013 717 1208 794 ministrante,
1219 715 1359 782 conuitio
1372 717 1498 799 accepti,
1514 716 1554 782 ita
1564 716 1759 798 delectantur,

205 824 306 904 diunt,
328 825 460 892 eumdem
485 823 703 891 emulationem
729 823 864 908 idemque
888 823 960 888 uitae
1013 829 1154 904 tantoque
1174 819 1324 902 voluptate
1341 839 1375 885 ac
1385 820 1571 904 iucunditate
1585 822 1763 906 psrlnndun·

205 933 334 998 studium
350 932 505 1000 hahentes.
527 932 584 1011 Qui
607 940 705 998 autem
724 941 771 998 est
791 931 867 997 inter
882 933 959 996 sedes
1014 937 1072 1006 tur,
1089 937 1121 992 ut
1141 926 1267 992 mediam
1287 925 1377 1009 duplo
1398 928 1537 1011 temporis
1554 929 1650 1011 spatio
1667 931 1764 994 susti-

207 1057 317 1117 murus,
334 1056 352 1102 a
368 1039 431 1104 solo
443 1037 563 1123 quidem
576 1038 614 1103 ad
629 1047 689 1104 tres
702 1039 750 1104 rel
771 1046 896 1122 quatuor
910 1057 960 1102 cu·
1014 1043 1114 1114 neunt,
1136 1043 1168 1099 et
1189 1042 1255 1116 pust
1274 1052 1327 1098 sex
1346 1033 1411 1098 dies
1425 1034 1518 1100 solum
1533 1035 1690 1100 necessarii
1709 1056 1763 1102 nu·

206 1143 282 1208 hitus
302 1161 418 1210 sursnnr
442 1153 593 1210 extructus
614 1154 677 1225 est,
696 1143 789 1208 instar
810 1141 887 1227 septi
910 1143 959 1208 vel
1015 1139 1145 1208 trimenti
1156 1141 1322 1223 gustatione
1332 1148 1471 1222 ntantur;
1484 1141 1606 1222 assucti,
1618 1153 1651 1208 ut
1666 1143 1763 1210 lerunt

208 1249 343 1316 tnhnlati.
369 1249 456 1330 Quod
484 1260 581 1317 autem
605 1250 643 1316 ad
664 1259 772 1317 ectum
801 1267 895 1334 usqne
914 1260 961 1316 est
1013 1245 1130 1311 cicadas
1154 1263 1222 1312 aere
1241 1246 1362 1327 nutriri,
1383 1257 1493 1327 cantu,
1513 1257 1548 1312 nt
1568 1266 1624 1328 ego
1645 1249 1762 1333 quidem

206 1357 398 1436 coenacnlum,
411 1367 529 1424 uastum
540 1375 575 1422 ac
590 1357 677 1423 inane
688 1357 870 1441 relinquitur,
887 1357 960 1422 dua·
1013 1352 1161 1430 existimo,
1183 1352 1310 1434 inopiam
1324 1373 1359 1418 ac
1372 1352 1560 1420 delectionem
1573 1355 1759 1422 sublevante.

207 1463 261 1528 hus
276 1462 314 1528 de
334 1465 442 1544 causis,
464 1473 546 1530 utet
567 1461 701 1529 muliebri
723 1473 851 1542 naturae,
871 1481 960 1546 quum
1053 1457 1217 1539 Septimum
1231 1467 1330 1524 autem
1344 1459 1421 1523 diem
1443 1460 1658 1526 sanctissimum
1678 1470 1710 1528 et
1729 1462 1759 1526 in

206 1585 259 1649 par
280 1577 336 1648 est,
352 1569 531 1635 verecundia
551 1579 697 1648 serretur,
719 1579 750 1634 et
769 1577 804 1634 ut
823 1568 959 1635 sedentes
1015 1568 1118 1653 primis
1132 1570 1269 1652 omnique
1282 1589 1318 1634 ex
1333 1579 1415 1653 parte
1429 1571 1535 1636 testum
1548 1572 1760 1653 existimantes,

206 1673 237 1740 in
258 1674 323 1740 locu
345 1677 374 1741 in
395 1695 454 1760 quo
473 1677 547 1743 hene
567 1676 663 1742 audiri
678 1685 786 1761 potest,
802 1675 888 1741 lacile
908 1695 960 1760 ap
1013 1693 1079 1742 eum
1100 1677 1209 1743 eximio
1228 1695 1263 1742 ac
1283 1678 1435 1744 excellenti
1456 1677 1565 1745 honore
1584 1696 1620 1744 ac
1639 1696 1761 1745 munere

207 1779 407 1863 prehendant,
429 1801 497 1847 cum
524 1783 599 1848 nihil
619 1785 659 1848 sit
685 1784 764 1868 quod
784 1801 888 1850 rocem
908 1786 960 1850 lo-
1014 1785 1137 1866 dignum
1152 1795 1283 1865 censent3
1300 1786 1331 1849 in
1343 1803 1401 1868 qno
1415 1795 1568 1869 postquam
1582 1785 1689 1850 animm
1702 1795 1763 1851 stu-

207 1891 323 1971 quentis
346 1889 493 1972 impediet.
1012 1891 1096 1956 dium
1109 1909 1268 1975 curamque
1281 1893 1438 1974 gesserint,
1453 1911 1559 1977 corpus
1575 1910 1692 1977 qunque
1711 1911 1763 1979 pa-

247 1998 443 2063 Continsntiae
455 2009 598 2064 antennae
613 2001 817 2078 temperantis
830 2001 959 2085 quodam
1013 2009 1099 2064 scunt
1117 2006 1148 2064 et
1168 1999 1279 2081 pingue
1299 1999 1422 2080 laciunt,
1444 1999 1556 2065 scilicet
1576 1999 1763 2083 quemadmo-

207 2103 304 2169 relnti
327 2105 515 2172 fundamento
536 2107 567 2171 in
588 2107 685 2172 anima
700 2109 790 2191 jacto,
805 2109 878 2172 alias
899 2109 958 2175 rir-
1012 2107 1132 2171 dumet
1156 2123 1268 2188 pecora,
1293 2105 1332 2169 ah
1355 2103 1482 2168 assiduis
1505 2104 1657 2169 laboribus
1682 2103 1764 2169 rela-

209 2221 286 2278 tntes
302 2214 548 2297 snpermdilimnt.
565 2215 670 2281 Cibum
683 2227 781 2282 antem
794 2217 843 2282 rel
858 2227 957 2300 potnm
1012 2225 1128 2282 rantes.

208 2337 292 2384 nemo
313 2331 382 2388 ante
408 2322 483 2388 solis
508 2339 644 2388 occasum
669 2322 810 2390 attulerit.
832 2323 958 2407 AEquum
1051 2321 1132 2387 Nihil
1152 2330 1250 2386 autern
1269 2330 1490 2399 sumptuosum,
1515 2318 1567 2384 sed
1587 2318 1677 2384 ullern
1699 2326 1763 2382 tan-

207 2426 287 2491 enim
314 2447 379 2493 esse
406 2438 529 2494 censent
556 2438 589 2495 ut
616 2429 646 2494 in
666 2430 731 2494 lnce
758 2429 958 2513 philosophias
1012 2438 1075 2494 turn
1095 2446 1202 2513 panem
1226 2430 1399 2504 comedunt,
1423 2436 1453 2493 et
1474 2426 1566 2491 saleru
1591 2426 1760 2504 obsonium,

207 2552 294 2617 opera
316 2536 412 2618 detur,
430 2537 461 2601 in
485 2537 613 2602 tenebris
633 2547 732 2603 autern
753 2537 882 2620 corporis
900 2557 958 2603 ne·
1012 2555 1099 2620 quem
1121 2535 1170 2619 qui
1186 2535 1272 2618 paulo
1294 2535 1452 2599 lautiusac
1465 2533 1620 2599 delicatius
1637 2533 1759 2612 vivunt,

207 2641 391 2707 cessitatihns
419 2643 575 2709 serviatur.
599 2644 742 2724 Quocirca
771 2644 811 2708 illi
839 2644 958 2729 quidem
1011 2644 1141 2731 hyssopo
1161 2641 1313 2708 condiunt,
1329 2641 1381 2706 llis
1401 2650 1499 2705 autern
1513 2647 1599 2724 potus
1619 2647 1665 2704 est
1684 2653 1762 2721 aqua

206 2749 292 2825 diem,
308 2749 438 2816 hisvero
459 2751 579 2817 hrerern
600 2753 695 2817 noctis
715 2762 829 2834 partem
852 2753 958 2819 tribue·
1012 2750 1169 2836 prolluens.
1186 2751 1269 2831 Quas
1283 2749 1363 2814 enim
1376 2749 1520 2813 communi
1536 2757 1566 2812 et
1580 2745 1695 2812 mortali
1710 2764 1762 2828 ge-

207 2865 286 2922 runt.
309 2860 352 2923 dc
370 2858 502 2924 nonnulli
530 2860 649 2941 qnidam
670 2870 737 2944 post
763 2870 822 2925 tres
841 2860 959 2926 demum
1011 2857 1076 2924 neri
1096 2867 1203 2923 natura
1223 2857 1356 2921 dominas
1375 2854 1534 2934 constituit,
1550 2854 1655 2919 tamem
1674 2862 1704 2919 et
1723 2853 1762 2918 si-

207 2964 271 3029 dies
283 2965 452 3031 nutrimenti
465 2967 665 3045 recordantur,
678 2967 884 3052 quihuspaulo
898 2988 958 3034 ma·
1013 2967 1078 3043 tim,
1099 2964 1233 3029 molliunt
1251 2982 1287 3028 ac
1306 2961 1456 3044 mitigant,
1479 2961 1554 3025 nihil
1575 2977 1673 3026 eorum
1694 2979 1762 3044 qum

110 3063 111 3066 ’
206 3069 254 3152 jus
274 3070 405 3136 scientiae
424 3071 598 3138 desiderium
613 3073 735 3140 insitum
750 3082 804 3140 est.
819 3074 958 3140 Nonnulli
1013 3071 1218 3151 blandiuntur,
1234 3069 1285 3136 sed
1299 3077 1450 3153 quaeunt
1469 3067 1764 3146 necessaria,etsine

208 3303 336 3372 septimis
355 3302 512 3359 mutuantur
530 3305 644 3373 dicbus,
664 3305 768 3378 duplici
788 3308 961 3365 instructura
1015 3321 1117 3375 escam,
1136 3305 1237 3377 quibus
1255 3307 1346 3377 major
1367 3301 1523 3375 disciplinas
1540 3317 1617 3358 amor
1639 3301 1762 3358 inhaesit.

210 3391 359 3460 munitum,
373 3407 428 3446 uns
446 3393 579 3463 virorum,
593 3393 680 3448 altera
692 3393 840 3451 mulierum
859 3404 922 3454 cetu
937 3397 959 3463 ι)
1015 3395 1073 3452 Alii
1084 3411 1246 3466 verensque
1259 3391 1688 3464 adeoindeliciantursapientiae
1703 3410 1766 3464 ger·

208 3479 387 3538 discernitur.
401 3482 445 3540 Ex
458 3499 510 3537 usn
524 3485 597 3538 enirn
617 3486 704 3539 sciam
724 3486 836 3542 teminae
849 3493 959 3544 soctan.
1014 3484 1099 3539 minis
1117 3489 1201 3557 atque
1216 3483 1359 3555 responsis
1371 3481 1611 3553 locupletissimis,
1630 3487 1662 3537 ut
1679 3485 1764 3538 etiem

208 3568 254 3619 tur
268 3565 391 3637 ejusdem
404 3569 540 3639 propositi
555 3567 688 3632 trucium,
701 3568 761 3625 zelo
774 3570 884 3629 deifico.
898 3573 959 3628 Me·
1015 3571 1130 3645 duplum
1149 3579 1259 3644 tempus
1278 3572 1435 3626 sustineant
1447 3569 1483 3640 5),
1496 3570 1615 3642 deniqne
1630 3575 1694 3642 pest
1712 3587 1761 3625 sex

207 3651 270 3706 dius
289 3656 381 3708 autem
396 3661 576 3728 utrarumque
588 3655 754 3713 cellularum
766 3661 861 3732 paries
878 3663 960 3718 tertio

207 3738 252 3795 vel
264 3747 363 3814 quarto
373 3743 467 3799 cubito
480 3743 628 3814 exaltatus,
641 3747 700 3802 rice
713 3747 836 3804 thoracis
848 3750 961 3806 edifica-

208 3835 264 3901 tus·,
280 3831 418 3904 reliquum
427 3832 604 3890 altitudinem
613 3837 743 3908 usquead
753 3843 857 3893 tectum
868 3845 960 3914 aptam

207 3917 299 3974 hahet:
314 3920 421 3976 duabus
434 3922 485 3977 hoc
499 3923 602 3992 censis,
617 3928 648 3979 ut
666 3929 694 3979 st
712 3926 825 3997 pudoris
839 3927 863 3993 2)
879 3929 960 3984 lemi-

209 4007 268 4060 nini
284 4025 366 4064 sexus
380 4014 507 4066 servetur
525 4014 690 4082 reverentia,
707 4019 737 4070 et
755 4016 923 4074 auscultatio
937 4017 961 4092 ³)

211 4095 961 4178 sitlscilllma,nullooli'endentetractatoriae-capenae.

116 4227 123 4234 -
245 4189 453 4246 accusandam
472 4193 614 4264 praecipue
634 4210 685 4266 pro
700 4189 879 4253 fundamento
897 4215 960 4253 cor-

209 4279 254 4333 dis
272 4279 443 4349 dedicantes,
461 4286 610 4353 sequentes
628 4285 854 4355 superaedificant
870 4287 960 4343 virtu·

211 4375 264 4424 tes.
287 4368 383 4423 Cibum
403 4373 452 4424 aut
469 4373 566 4442 potum
584 4387 680 4427 mensa
699 4389 794 4429 eccum
814 4375 961 4431 anteactis

211 4456 304 4526 tangit
321 4472 460 4512 occasum.
481 4456 591 4514 Lumini
614 4451 689 4514 enim'
710 4461 897 4536 philosophiae
917 4463 961 4519 di-

207 4543 340 4615 judicant
359 4544 529 4615 indaginem,
543 4549 666 4604 tenebris
685 4566 750 4604 vero
769 4552 897 4623 eor-poris
915 4569 963 4608 ns-

1015 3665 1074 3718 dies
1093 3663 1220 3718 cibantur
1236 3678 1272 3715 ex
1290 3677 1366 3715 more
1382 3664 1442 3731 jam
1461 3660 1593 3730 instituti,
1612 3662 1708 3732 utpote
1720 3659 1763 3712 ci-

1015 3753 1101 3825 cadm,
1121 3751 1221 3824 quihus
1239 3750 1346 3805 esuries
1364 3753 1479 3822 propter
1502 3749 1660 3806 senentiam
1685 3747 1762 3804 vocis

1015 3840 1131 3896 lenitur.

1052 3931 1274 3987 Festivissimam
1293 3931 1387 4002 itaque
1406 3944 1437 3983 ac
1456 3929 1674 3985 sacratissimam
1692 3929 1763 3983 diem

1016 4023 1163 4095 septimam
1185 4023 1339 4090 credentes,
1358 4020 1536 4093 praesentiori
1551 4019 1702 4092 privilegio
1721 4037 1766 4074 rs-

1015 4116 1215 4180 mnnecantur,
1235 4112 1263 4164 in
1289 4125 1344 4182 que
1366 4113 1431 4180 post
1454 4111 1555 4163 animm
1578 4108 1765 4179 diligentiam,

1016 4219 1118 4274 eorpus
1136 4201 1274 4270 reficiunt,
1287 4205 1426 4272 tamqnam
1439 4198 1549 4254 ovicula
1558 4197 1708 4271 superfluis
1721 4196 1765 4251 ls-

1014 4288 1129 4346 horitur
1147 4287 1318 4344 relaxantur.
1335 4287 1469 4344 cibantur
1480 4289 1554 4343 enim
1566 4285 1654 4342 nichil
1666 4287 1765 4358 exqui-

1016 4377 1110 4448 situm,
1129 4375 1177 4431 sed
1194 4392 1294 4449 panem
1312 4375 1492 4447 vilissimum
1511 4380 1541 4430 et
1559 4373 1617 4430 sale
1634 4392 1685 4447 pro
1700 4374 1764 4447 pul-

1016 4466 1135 4534 mentis,
1155 4469 1184 4520 et
1201 4465 1316 4520 ditiores
1341 4464 1376 4520 ad
1395 4481 1486 4520 escam
1504 4481 1594 4538 ysopo
1617 4463 1763 4519 condiente

1016 4557 1142 4608 utuntur.
1164 4552 1250 4608 Polus
1274 4553 1316 4607 sis
1334 4569 1406 4626 aqua
1431 4552 1571 4608 fontanae.
1591 4552 1664 4617 Quas
1690 4549 1764 4604 enim

207 4632 408 4688 cessitudinem
435 4633 585 4692 admittunt
610 4637 680 4705 [duo
702 4639 895 4696 differentiora
913 4660 963 4713 per·
1015 4641 1150 4714 imposuit
1166 4640 1303 4698 mirabilis
1316 4646 1415 4698 natum
1433 4641 1558 4697 dominas
1573 4639 1688 4696 humani
1707 4656 1760 4711 gs·

208 4720 292 4790 diem]
313 4720 379 4778 huic
398 4740 464 4779 sero
482 4725 621 4782 modicum
639 4728 960 4798 metamaucenses),
1015 4731 1100 4800 neris,
1119 4731 1242 4788 esuriem
1259 4747 1291 4787 ac
1304 4731 1390 4804 sitim,
1402 4731 1513 4788 omnino
1525 4730 1691 4803 despiciunt,
1704 4746 1760 4785 non

208 4809 336 4867 nonnulli
354 4815 447 4868 manen
473 4817 536 4885 pcst
560 4814 683 4872 tridrmm
701 4822 910 4875 commorentur
928 4819 960 4874 ad
1015 4835 1067 4890 pro
1079 4817 1266 4876 blandimento
1279 4822 1425 4893 quicquam
1439 4821 1623 4893 requirentes,
1632 4820 1687 4875 nisi
1701 4820 1761 4876 haec

247 5026 269 5090 ι)
282 5039 347 5084 ortu
358 5027 388 5082 2.
409 5045 473 5084 mox
492 5045 549 5084 om.
569 5035 655 5087 enim.
670 5061 705 5074 -
718 5031 742 5098 2)
759 5033 866 5103 pudori
888 5032 912 5089 l.
927 5061 961 5080 -
1015 5037 1060 5096 τῆς
1078 5039 1163 5096 νυκτὸς
1177 5035 1280 5106 iusuper.
1295 5035 1416 5092 Etism2
1434 5037 1622 5110 depravatius:
1636 5039 1693 5093 Deo
1706 5038 1764 5109 ctif-

209 5114 233 5178 3)
254 5115 356 5170 Mirum
377 5117 405 5170 in
426 5115 438 5170 l
460 5123 489 5172 st
511 5117 530 5174 2
553 5116 609 5189 legi
634 5118 740 5192 liquido
766 5124 913 5179 osculatio.
926 5153 962 5167 -
1015 5126 1170 5196 ferendona
1188 5127 1534 5195 pertimescerem
1557 5127 1709 5184 modicum.
1731 5156 1765 5168 -

208 5204 231 5277 ⁴)
247 5205 322 5270 'sta
347 5208 382 5278 τῷ
406 5209 451 5277 plu
476 5206 586 5278 ἡμέραν,
606 5213 657 5270 τοῖς
683 5212 709 5262 δὲ
736 5211 815 5279 βραχύ
839 5231 862 5264 τι
888 5211 959 5283 μέρος
1014 5213 1038 5278 5)
1058 5218 1234 5270 sustineatur
1253 5213 1281 5270 2.
