4064 6108
233 442 291 507 ero
401 515 405 524 ,
793 439 907 506 mito
926 436 1224 507 sterneremus

278 587 354 655 xxi.
378 588 433 656 Ἐκ
456 591 599 682 corrept
622 585 777 668 stertere<
797 589 979 682 κεφαλαίου.
1073 587 1151 654 xxi.
1175 588 1225 654 En
1245 591 1340 674 capite
1359 590 1393 654 de
1414 589 1570 675 Βοίίρίοιιο.

278 698 372 775 Τίνας
395 696 455 789 γάρ
480 702 600 787 μᾶλλον
627 699 706 775 etet<
724 696 868 786 εὐθυμίας
891 697 979 788 ἄγειν
1073 694 1222 773 Quosnern
1243 698 1338 779 mage
1358 697 1444 763 decet
1470 697 1553 762 letos
1582 715 1683 779 gerere
1710 717 1784 782 gra-

232 803 287 870 καί
309 803 440 894 χάριτας
461 802 480 875 ἢ
505 803 577 881 τούς
600 804 784 895 προσιόντας
800 802 909 897 ἀγαθῷ
924 801 978 868 καί
1031 811 1135 885 tesque
1154 822 1271 884 sensus,
1288 822 1377 888 quam
1397 804 1465 868 illos
1482 805 1532 887 qui
1553 823 1656 871 verum
1679 807 1717 871 etl
1734 807 1784 872 lto·

231 911 381 1002 depiletur
413 906 596 991 ἐλπίζοντας
620 910 762 1006 ἀγαθῶν;
786 911 871 977 ἔστιν
903 903 977 976 did
1031 924 1101 971 num
1117 908 1261 973 accedunt
1274 917 1304 974 et
1318 908 1461 974 benorum
1475 911 1784 996 commedasperentl

231 1019 308 1094 Θεὸς
330 1019 369 1084 τθ
392 1013 619 1110 πρεσύὐτατον,
644 1011 755 1111 άρθων,
780 1017 920 1109 καθάπερ
943 1021 978 1083 ἐκ
1031 1011 1111 1079 Dens
1130 1025 1229 1082 eutem
1249 1034 1393 1081 summum
1413 1016 1522 1083 bonum
1542 1025 1603 1098 est,
1625 1017 1677 1101 qui
1698 1018 1783 1083 velut

229 1136 335 1218 πηγῆς
355 1137 413 1204 τῆς
428 1131 541 1193 ἑαυτοῦ
558 1127 686 1219 ρύσεως,
704 1111 872 1219 ἀνθρώπων
895 1123 978 1218 γένει
1031 1139 1067 1186 ex
1088 1122 1167 1188 tonte
1188 1132 1302 1188 neturae
1321 1140 1384 1188 suae
1402 1121 1501 1188 haurit
1521 1124 1638 1206 generis
1659 1123 1779 1189 humeri

229 1229 272 1297 τά
295 1233 445 1324 σωτήρια·
466 1234 612 1328 συγγενὲς
636 1233 696 1327 γάρ
720 1225 807 1300 οὐδὲν
832 1233 978 1309 ἄλλο,ος
1031 1227 1166 1294 salutem.
1183 1229 1232 1294 Nil
1253 1229 1331 1294 enim
1348 1230 1444 1312 magis
1459 1247 1494 1294 ee
1507 1249 1576 1315 spes
1589 1231 1720 1295 rielnum
1736 1241 1782 1295 ent
1876 1229 1879 1235 ’

230 1339 316 1416 ἐλπίς
338 1343 425 1430 εὐχῇ·
449 1341 503 1406 καί
517 1340 578 1436 γάρ
594 1341 636 1407 τά
652 1343 767 1432 ἀμείνω
784 1331 980 1430 προσδοκῶν·
1031 1347 1062 1402 et
1072 1335 1159 1402 affine
1171 1348 1242 1404 voto
1257 1355 1385 1421 preeum3
1399 1347 1429 1403 et
1439 1357 1530 1421 quum
1543 1339 1653 1421 precati
1668 1357 1781 1418 sumus,

231 1469 293 1523 τες,
319 1445 484 1537 εὐχόμεθα·
503 1449 558 1513 καί
574 1442 745 1538 εὐξάμενοι,
762 1443 888 1539 χρηστά
903 1444 980 1511 πάν·
1032 1460 1152 1524 prorsus
1174 1444 1271 1511 leusta
1294 1462 1458 1527 speramus.

233 1577 295 1629 τως
319 1549 494 1643 ἐλπίζομεν.

275 1660 366 1726 XXII.
389 1663 528 1739 Φίλωνος
544 1665 580 1727 ἐκ
594 1670 658 1728 τῶν
675 1659 760 1728 κατά
774 1659 934 1727 Φλάκκον.
1072 1656 1163 1723 rxlr.
1186 1656 1328 1739 Petronis,
1349 1677 1386 1724 ee
1406 1661 1478 1726 libro
1499 1665 1604 1726 eontra
1624 1659 1653 1723 F
1654 1659 1773 1724 ίαοοιιπι.

278 1773 344 1834 Οὐκ
367 1768 435 1833 ἔστι
457 1767 543 1858 παρά
565 1778 611 1852 τῷ
640 1775 711 1852 Θεῷ
742 1769 814 1834 οὐτε
845 1765 979 1856 πονηρὸν
1072 1763 1167 1830 Penes
1180 1765 1273 1830 Deum
1288 1782 1346 1829 nen
1360 1774 1415 1846 cst,
1431 1765 1495 1830 sire
1512 1776 1544 1829 ut
1558 1764 1706 1849 improbus
1721 1765 1782 1830 iru-

235 1876 313 1940 ὄντα
331 1874 483 1940 ἀπολέσαι
498 1875 552 1940 τὸν
570 1873 685 1968 ἀγαθὸν
704 1871 810 1964 μισθὸν
830 1871 901 1962 περί
915 1870 979 1945 erte
1033 1880 1141 1938 strelur
1161 1872 1239 1939 bene
1259 1873 1393 1940 mercede
1413 1891 1465 1956 pro
1487 1872 1586 1955 aliquo
1607 1871 1683 1937 horte
1704 1872 1783 1937 ieci·

236 1978 354 2073 ἀγαθοῦ
370 1979 452 2070 μετά
467 1980 618 2047 πλειόνων
631 1990 735 2046 κακῶν
749 1977 979 2071 πεπραγμένου,
1033 1998 1114 2059 nere,
1137 1981 1215 2063 quod
1236 1999 1301 2070 cum
1320 1981 1421 2048 multis
1439 1979 1677 2065 improbitatibus
1700 1997 1783 2062 pere·

235 2087 308 2152 οὐτε
325 2085 419 2152 πάλιν
444 2087 559 2180 ἀγαθον
579 2089 656 2153 ὄντα
680 2087 830 2153 ἀπολέσαι
853 2085 913 2160 τὴν
929 2084 981 2147 κό-
1033 2086 1111 2168 gitur
1120 2105 1128 2166 ;
1145 2087 1242 2153 sivee
1262 2104 1406 2152 converso
1427 2094 1459 2151 ut
1473 2085 1567 2150 honus
1584 2086 1631 2153 eir
1645 2085 1781 2168 privetur

233 2196 323 2258 λασιν
344 2192 399 2258 καί
415 2192 458 2282 μὴ
476 2187 585 2260 λαθεῖν
602 2192 712 2272 αὐτὴν,
730 2199 756 2258 εἰ
773 2191 856 2282 μετὰ
871 2190 980 2257 πλειί-
1034 2191 1308 2270 animadversione,
1329 2210 1424 2274 neque
1444 2209 1507 2257 cem
1533 2191 1735 2271 nanciscatur,
1757 2191 1784 2254 si

233 2324 293 2366 νων
315 2301 440 2394 ἀγαθῶν
457 2302 487 2368 ἕν
504 2327 536 2367 τι
552 2301 683 2395 γίνηται
698 2301 840 2392 πονηρόν·
857 2299 977 2392 ἀνάγκη
1034 2317 1100 2364 cum
1113 2297 1213 2363 multis
1227 2297 1301 2362 hene
1315 2297 1407 2380 gestit
1421 2315 1512 2362 unum
1525 2295 1679 2362 admiserit
1697 2295 1785 2362 ritio-

233 2406 293 2500 γάρ
321 2403 406 2502 ζυγῷ
430 2409 483 2474 καὶ
510 2407 642 2498 σταθμῷ
669 2408 775 2474 πάντα
798 2399 981 2474 ἀπούιθιίναι
1033 2423 1109 2470 sum.
1131 2405 1257 2471 Necesse
1277 2405 1354 2471 enim
1375 2415 1422 2472 est
1442 2406 1536 2471 Deum
1558 2404 1658 2472 emnia
1684 2404 1784 2487 largiri

235 2518 291 2582 τὸν
313 2517 403 2582 Θεόν.
1034 2533 1100 2578 cum
1121 2531 1204 2596 aeque
1225 2513 1309 2580 lacre
1328 2522 1359 2580 et
1380 2515 1517 2597 pondere.

279 2621 384 2687 Xlllll.
405 2622 460 2689 Ἐκ
483 2633 546 2689 τῶν
571 2616 612 2689 δι’
635 2628 716 2689 ἐπῶν
740 2623 928 2714 κεφαλαίων.
1074 2621 1179 2686 ΧΧΠΙ.
1202 2622 1252 2688 Ec
1272 2625 1363 2707 capite
1382 2625 1507 2688 metrico.

279 2732 378 2806 Αὐπύς
390 2729 495 2796 πάντα
507 2723 766 2809 σίδεν,ὁποιήσας
778 2721 857 2795 τάθε
866 2728 920 2796 ἀπ’
930 2733 983 2820 ἀρ·
1073 2729 1104 2794 le
1123 2729 1219 2796 omnia
1241 2732 1350 2812 noscit,
1369 2731 1420 2814 qui
1440 2731 1519 2796 solus
1532 2731 1629 2796 omnia
1644 2732 1682 2796 eb
1697 2729 1783 2796 initio

235 2849 296 2930 χῆς
320 2837 419 2928 μόνος.
1034 2838 1114 2903 lecit.

272 3015 346 3072 XXl.
365 3013 409 3070 Ex
422 3013 473 3068 fol.
490 3014 550 3084 169,
564 3017 630 3072 fort.
644 3015 702 3087 leg.
723 3018 803 3087 ὰρύων
821 3032 872 3088 pro
892 3018 981 3087 ἄρδων.
1001 3075 1004 3082 ,
1036 3035 1098 3074 cum
1116 3017 1199 3086 libro,
1214 3020 1260 3092 qui
1274 3019 1427 3086 intercidit.
1443 3020 1509 3074 Post
1527 3021 1618 3092 ἀγαθὸν
1638 3021 1732 3088 μισθὸν,
1747 3035 1779 3072 ex

235 3134 270 3148 -
283 3109 310 3158 τὸ
324 3101 493 3175 πριεύὐτατον
507 3106 579 3177 epud
593 3105 739 3162 Philonem
753 3106 824 3161 solet
835 3122 896 3160 esse
909 3105 982 3177 quod
1035 3108 1096 3164 loco
1115 3125 1175 3180 seq.
1195 3107 1328 3180 parallelo
1347 3111 1553 3180 exspectaveris
1567 3113 1610 3161 καί
1631 3109 1666 3179 μὴ
1685 3104 1781 3161 tetre.

234 3195 376 3266 antiquius
400 3200 429 3250 et
451 3198 632 3267 praestantius
655 3201 794 3253 censetur.
813 3227 848 3238 -
871 3197 982 3267 σωτήρια
1070 3197 1171 3253 XXlll.
1191 3197 1233 3251 Ex
1251 3194 1301 3253 sol.
1320 3193 1366 3266 et,
1379 3199 1429 3251 sub
1443 3199 1572 3268 ambiguo
1585 3196 1669 3252 titulo
1687 3198 1781 3251 brevis

234 3298 310 3336 mors
329 3282 442 3338 biblico.
1035 3285 1113 3341 locus
1132 3288 1244 3341 caeteris
1267 3288 1402 3341 miscetur
1424 3284 1536 3342 Philoni
1557 3291 1622 3359 jure
1640 3287 1780 3358 ascriptis.

268 3373 353 3429 xxii.
372 3373 413 3426 llx
429 3372 478 3428 iol.
502 3371 560 3446 111,
576 3373 693 3430 tortusue
706 3391 741 3428 ex
753 3372 844 3430 altero
858 3375 886 3428 in
899 3374 980 3430 Flac·
1035 3377 1093 3431 Nec
1113 3381 1180 3447 puto
1200 3377 1238 3430 ibi
1258 3378 1384 3430 senarios
1402 3375 1501 3432 latere.

984 3609 1032 3680 ΙΙ.

788 3800 1009 3896 Fraprrtenta
1039 3802 1226 3878 Vaticana.

280 3995 304 4060 l.
327 3997 475 4073 Φίλωνος.
502 4003 654 4070 Ζητοῢσιν
681 3999 792 4087 βρῶσιν
817 3994 928 4088 ψυχαί,
953 4004 985 4062 αἱ
1077 3997 1101 4062 l.
1115 3996 1149 4062 ln
1160 4017 1206 4081 ps.
1223 3997 1300 4081 Cili,
1316 4017 1348 4065 r.
1365 4001 1415 4080 il,
1432 4001 1483 4064 ἐξ.
1498 3999 1578 4066 lnee
1591 3998 1690 4066 cibum
1703 4019 1784 4085 qnae·

236 4098 320 4184 ἀξιον
345 4113 426 4172 Θεοῦ
450 4105 545 4200 λόγον
570 4107 707 4196 ἔχουσαι,
724 4111 759 4172 ἐκ
781 4118 838 4174 τοῦ
862 4099 985 4173 θιανεσ-
1038 4115 1107 4171 runt
1126 4106 1243 4187 enimee,
1259 4125 1326 4190 quae
1345 4106 1465 4188 dignam
1486 4107 1548 4172 Deo
1569 4109 1711 4176 rationem
1733 4113 1785 4180 lte·

273 4275 320 4347 Π.
345 4293 503 4364 improbum
522 4296 551 4347 et
568 4294 685 4346 arduum
706 4309 776 4365 opus
796 4298 867 4361 eret,
887 4292 985 4348 Philo·
1039 4295 1141 4365 Script.
1156 4307 1209 4352 cet.
1223 4293 1289 4350 coll.
1305 4297 1325 4351 t.
1340 4309 1370 4362 ιι,
1382 4314 1411 4366 p.
1421 4291 1475 4349 222
1487 4311 1519 4350 nc
1533 4297 1651 4352 maxims
1665 4297 1694 4352 in
1706 4302 1784 4371 ejus-

236 4384 320 4436 nisne
337 4383 366 4435 in
386 4381 488 4453 pluteis
507 4383 651 4437 Vaticanis
670 4388 734 4452 post
752 4384 788 4437 A.
808 4383 916 4438 Maium
935 4401 985 4437 ex·
1039 4381 1102 4436 dem
1114 4381 1179 4439 coll.
1194 4387 1216 4437 t.
1230 4397 1279 4439 vrr.
1293 4384 1421 4453 Augebat
1433 4384 1519 4438 trices
1537 4383 1691 4456 periculum
1714 4387 1786 4442 inci·

234 4472 349 4541 piscari3
362 4488 445 4542 quum
459 4471 532 4525 enim
547 4470 607 4524 fere
619 4473 652 4524 ab
666 4470 715 4524 illc
728 4471 824 4527 Jueoeo
843 4488 894 4526 sue
913 4489 984 4527 sce·
1039 4471 1119 4526 ciendi
1132 4471 1162 4527 in
1171 4471 1316 4528 Philonem
1335 4475 1494 4544 episcopum
1511 4491 1561 4544 pro
1580 4475 1786 4545 Alexandrino,

235 4558 309 4614 lecte
332 4557 484 4614 Mediolani
510 4559 670 4630 suspicatus
689 4565 780 4631 esset,
806 4559 877 4614 haud
903 4562 985 4616 bonis
1039 4577 1122 4632 quum
1135 4561 1214 4628 'haud
1227 4578 1338 4632 semper
1353 4561 1518 4632 Carpathius
1531 4569 1707 4636 nuncupetur
1723 4568 1786 4639 epi-

235 4649 331 4703 evibus
343 4649 442 4704 incidit
456 4650 484 4702 in
498 4647 586 4701 fellex
598 4648 733 4721 quoddam
746 4652 858 4721 ippotae,
873 4650 983 4706 Philoni
1040 4667 1157 4722 scopus,
1181 4666 1230 4704 nec
1257 4650 1403 4721 perspicue
1425 4650 1523 4721 prodet
1546 4668 1577 4705 se
1602 4653 1785 4710 christianum

234 4754 286 4808 pro
307 4736 440 4792 Plethone
459 4739 627 4809 ascriptum:
649 4739 721 4793 unde
739 4738 842 4793 infelix
859 4739 983 4794 certandi
1039 4743 1212 4812 scriptorem.
1225 4740 1300 4794 Adde
1319 4740 1393 4810 quod
1406 4741 1486 4795 nobis
1498 4738 1598 4796 desunt
1610 4760 1726 4816 operum
1747 4747 1784 4800 ti-

232 4841 358 4896 cempur,
378 4843 428 4884 nec
448 4827 536 4883 victas
549 4827 625 4882 dedit
637 4845 744 4898 menne,
758 4830 824 4902 quin
845 4828 987 4901 juraverit
1038 4830 1102 4896 tuti,
1113 4835 1143 4882 ut
1154 4830 1182 4882 in
1194 4826 1373 4896 conliniare,
1385 4829 1432 4900 qui
1444 4844 1589 4885 erroneum
1602 4832 1724 4904 quidem,
1738 4836 1786 4889 sed

234 4931 265 4968 se
279 4915 379 4987 ubique
393 4914 560 4972 Philoniane
578 4918 717 4973 obstinato
729 4923 758 4974 et
775 4922 857 4973 scuto
877 4919 982 4973 intuitu
1039 4917 1264 4990 qualemcumque
1274 4915 1352 4972 diurn
1362 4919 1543 4988 porrigebant
1552 4918 1736 4990 perlustranti
1748 4918 1788 4976 le·

234 5008 453 5074 persecuturum.
468 5006 533 5062 inde
546 5005 635 5061 librili
646 5005 800 5062 Florentini
812 5007 865 5062 duo
879 5009 919 5063 De
932 5007 984 5063 Co·
1037 5005 1198 5078 byrintlrmn
1216 5005 1338 5059 omnium
1359 5004 1485 5062 Philonis
1503 5021 1630 5077 operum.

233 5094 331 5162 pitinie
350 5097 377 5148 st
396 5097 439 5150 De
456 5097 638 5152 honorandis
655 5099 797 5166 patritus,
811 5114 843 5153 ec
862 5095 984 5168 plurime
1073 5095 1093 5153 Ι.
1111 5095 1154 5150 lix
1172 5097 1236 5152 Vnt.
1250 5097 1319 5167 Reg.
1332 5095 1378 5165 40,
1395 5097 1417 5152 f.
1429 5095 1492 5153 eet.
1507 5127 1543 5139 -
1555 5099 1578 5152 ίν
1592 5097 1710 5169 οὐρανοῖς,
1725 5096 1786 5150 fere

239 5183 365 5240 nomena
379 5183 578 5254 fragmentum
600 5187 688 5242 Closs.
701 5196 775 5241 αιιει.
791 5191 812 5240 t.
825 5202 864 5252 rr,
877 5203 906 5257 p.
918 5181 981 5254 430,
1038 5193 1068 5241 nt
1086 5184 1205 5258 epistole
1223 5186 1256 5239 ed
1276 5185 1349 5241 Phil.
1366 5203 1409 5255 ιιι,
1427 5185 1471 5244 20.
