<?xml version="1.0" encoding="UTF-8"?>
<!DOCTYPE html PUBLIC "-//W3C//DTD XHTML 1.0 Transitional//EN"
    "http://www.w3.org/TR/xhtml1/DTD/xhtml1-transitional.dtd">
<html xmlns="http://www.w3.org/1999/xhtml" xml:lang="en" lang="en">
 <head>
  <title>
</title>
<meta http-equiv="Content-Type" content="text/html;charset=utf-8" />
  <meta name='ocr-system' content='tesseract 3.04.00' />
  <meta name='ocr-capabilities' content='ocr_page ocr_carea ocr_par ocr_line ocrx_word'/>
</head>
<body>
  <div class='ocr_page' id='page_1' title='image "./analectasacrasp01pitrgoog_0435.png"; bbox 0 0 4044 6098; ppageno 0'>
   <div class='ocr_carea' id='block_1_1' title="bbox 275 504 1146 576">
    <p class='ocr_par' dir='ltr' id='par_1_1' title="bbox 275 504 1146 576">
     <span class='ocr_line' id='line_1_1' title="bbox 275 504 1146 576; baseline 0.007 -8"><span class='ocrx_word' id='word_1_1' title='bbox 275 504 335 568; x_wconf 78' lang='lat'>378</span> <span class='ocrx_word' id='word_1_2' title='bbox 954 509 1146 576; x_wconf 77' lang='lat' dir='ltr'><strong>calcemus</strong></span> 
     </span>
    </p>
   </div>
   <div class='ocr_carea' id='block_1_2' title="bbox 229 655 1864 5051">
    <p class='ocr_par' dir='ltr' id='par_1_2' title="bbox 269 655 1826 854">
     <span class='ocr_line' id='line_1_2' title="bbox 271 655 1826 753; baseline 0.009 -32"><span class='ocrx_word' id='word_1_3' title='bbox 271 655 442 746; x_wconf 81' lang='grc' dir='ltr'>ἐλάχιστοι·</span> <span class='ocrx_word' id='word_1_4' title='bbox 465 665 516 720; x_wconf 89' lang='grc' dir='ltr'>νῦν</span> <span class='ocrx_word' id='word_1_5' title='bbox 541 657 718 723; x_wconf 75' lang='grc' dir='ltr'>νουθετοῦσι</span> <span class='ocrx_word' id='word_1_6' title='bbox 740 683 779 748; x_wconf 85' lang='grc' dir='ltr'>με</span> <span class='ocrx_word' id='word_1_7' title='bbox 803 665 834 725; x_wconf 83' lang='grc' dir='ltr'>ὲν</span> <span class='ocrx_word' id='word_1_8' title='bbox 859 659 953 750; x_wconf 79' lang='grc' dir='ltr'>μέρει,</span> <span class='ocrx_word' id='word_1_9' title='bbox 978 656 1019 726; x_wconf 85' lang='grc' dir='ltr'>ὧν</span> <span class='ocrx_word' id='word_1_10' title='bbox 1072 682 1147 728; x_wconf 85' lang='lat' dir='ltr'><strong>aune</strong></span> <span class='ocrx_word' id='word_1_11' title='bbox 1168 670 1284 728; x_wconf 83' lang='lat' dir='ltr'><strong>mmseol</strong></span> <span class='ocrx_word' id='word_1_12' title='bbox 1302 683 1346 729; x_wconf 85' lang='lat' dir='ltr'><strong>me</strong></span> <span class='ocrx_word' id='word_1_13' title='bbox 1365 667 1500 748; x_wconf 75' lang='lat' dir='ltr'><strong>inperce,</strong></span> <span class='ocrx_word' id='word_1_14' title='bbox 1518 687 1638 752; x_wconf 82' lang='lat' dir='ltr'><strong>qaorum</strong></span> <span class='ocrx_word' id='word_1_15' title='bbox 1653 670 1826 753; x_wconf 75' lang='lat' dir='ltr'><strong><em>spernebam</em></strong></span> 
     </span>
     <span class='ocr_line' id='line_1_3' title="bbox 269 755 1216 854; baseline 0.007 -27"><span class='ocrx_word' id='word_1_16' title='bbox 269 755 445 840; x_wconf 75' lang='grc' dir='ltr'>έξουδένουν</span> <span class='ocrx_word' id='word_1_17' title='bbox 458 762 529 839; x_wconf 84' lang='grc' dir='ltr'>τοὺς</span> <span class='ocrx_word' id='word_1_18' title='bbox 542 764 678 854; x_wconf 79' lang='grc' dir='ltr'>πατέρας</span> <span class='ocrx_word' id='word_1_19' title='bbox 692 769 802 830; x_wconf 79' lang='grc' dir='ltr'>αὐτῶν.</span> <span class='ocrx_word' id='word_1_20' title='bbox 820 768 885 828; x_wconf 80' lang='lat' dir='ltr'><strong>Vol.</strong></span> <span class='ocrx_word' id='word_1_21' title='bbox 902 765 970 845; x_wconf 78' lang='lat' dir='ltr'><strong>let,</strong></span> <span class='ocrx_word' id='word_1_22' title='bbox 988 769 1017 829; x_wconf 68' lang='lat'>2.</span> <span class='ocrx_word' id='word_1_23' title='bbox 1073 777 1216 852; x_wconf 76' lang='lat' dir='ltr'><strong>puteales.</strong></span> 
     </span>
    </p>

    <p class='ocr_par' dir='ltr' id='par_1_3' title="bbox 269 857 1825 1290">
     <span class='ocr_line' id='line_1_4' title="bbox 315 857 1825 965; baseline 0.003 -28"><span class='ocrx_word' id='word_1_24' title='bbox 315 876 359 937; x_wconf 86' lang='grc' dir='ltr'>οῦ</span> <span class='ocrx_word' id='word_1_25' title='bbox 370 871 530 963; x_wconf 80' lang='grc' dir='ltr'>χρώμενος</span> <span class='ocrx_word' id='word_1_26' title='bbox 542 883 583 959; x_wconf 82' lang='grc' dir='ltr'>τῇ</span> <span class='ocrx_word' id='word_1_27' title='bbox 600 864 809 958; x_wconf 79' lang='grc' dir='ltr'>ἑξουδενώσει,</span> <span class='ocrx_word' id='word_1_28' title='bbox 822 873 905 940; x_wconf 88' lang='grc' dir='ltr'>ἀλλά</span> <span class='ocrx_word' id='word_1_29' title='bbox 916 885 1019 965; x_wconf 82' lang='grc' dir='ltr'>σαφῶς</span> <span class='ocrx_word' id='word_1_30' title='bbox 1113 873 1178 940; x_wconf 89' lang='grc' dir='ltr'>Νοο</span> <span class='ocrx_word' id='word_1_31' title='bbox 1190 875 1269 958; x_wconf 92' lang='lat' dir='ltr'><strong>quod</strong></span> <span class='ocrx_word' id='word_1_32' title='bbox 1279 885 1378 942; x_wconf 88' lang='lat' dir='ltr'><strong>utatur</strong></span> <span class='ocrx_word' id='word_1_33' title='bbox 1388 877 1476 942; x_wconf 85' lang='lat' dir='ltr'><strong>simili</strong></span> <span class='ocrx_word' id='word_1_34' title='bbox 1488 888 1668 962; x_wconf 80' lang='lat' dir='ltr'><strong>contemptu,</strong></span> <span class='ocrx_word' id='word_1_35' title='bbox 1683 878 1735 944; x_wconf 90' lang='lat' dir='ltr'>sod</span> <span class='ocrx_word' id='word_1_36' title='bbox 1746 857 1825 962; x_wconf 59' lang='lat' dir='ltr'><strong>q&#39;ood</strong></span> 
     </span>
     <span class='ocr_line' id='line_1_5' title="bbox 270 971 1824 1076; baseline 0.005 -32"><span class='ocrx_word' id='word_1_37' title='bbox 270 971 358 1056; x_wconf 75' lang='grc' dir='ltr'>εἰδὼς</span> <span class='ocrx_word' id='word_1_38' title='bbox 387 979 515 1059; x_wconf 81' lang='grc' dir='ltr'>αὐτοὺς,</span> <span class='ocrx_word' id='word_1_39' title='bbox 541 982 644 1071; x_wconf 87' lang='grc' dir='ltr'>ὥσπερ</span> <span class='ocrx_word' id='word_1_40' title='bbox 668 985 683 1044; x_wconf 89' lang='grc' dir='ltr'>ὁ</span> <span class='ocrx_word' id='word_1_41' title='bbox 707 985 871 1072; x_wconf 81' lang='grc' dir='ltr'>προφήτης</span> <span class='ocrx_word' id='word_1_42' title='bbox 901 985 1019 1076; x_wconf 83' lang='grc' dir='ltr'>ἔλεγεν·</span> <span class='ocrx_word' id='word_1_43' title='bbox 1075 985 1227 1066; x_wconf 84' lang='lat' dir='ltr'><strong>perspicue</strong></span> <span class='ocrx_word' id='word_1_44' title='bbox 1239 985 1341 1066; x_wconf 85' lang='lat' dir='ltr'><strong>quales</strong></span> <span class='ocrx_word' id='word_1_45' title='bbox 1351 986 1412 1050; x_wconf 88' lang='lat' dir='ltr'><strong>siut</strong></span> <span class='ocrx_word' id='word_1_46' title='bbox 1424 987 1661 1061; x_wconf 83' lang='lat' dir='ltr'><strong>videt,uloicbul</strong></span> <span class='ocrx_word' id='word_1_47' title='bbox 1673 985 1824 1071; x_wconf 79' lang='lat' dir='ltr'><strong>prophela:</strong></span> 
     </span>
     <span class='ocr_line' id='line_1_6' title="bbox 269 1078 1821 1180; baseline 0.004 -28"><span class='ocrx_word' id='word_1_48' title='bbox 269 1078 504 1164; x_wconf 75' lang='grc' dir='ltr'>Ἐξονδενοῦται</span> <span class='ocrx_word' id='word_1_49' title='bbox 521 1087 649 1154; x_wconf 84' lang='grc' dir='ltr'>ἐνώπιον</span> <span class='ocrx_word' id='word_1_50' title='bbox 667 1093 761 1154; x_wconf 70' lang='grc' dir='ltr'>αὑτοῦ</span> <span class='ocrx_word' id='word_1_51' title='bbox 778 1100 837 1166; x_wconf 81' lang='grc' dir='ltr'>πᾶς</span> <span class='ocrx_word' id='word_1_52' title='bbox 853 1091 1021 1180; x_wconf 88' lang='grc' dir='ltr'>πονηρευό-</span> <span class='ocrx_word' id='word_1_53' title='bbox 1074 1089 1277 1155; x_wconf 85' lang='lat' dir='ltr'><strong>Contemnitur</strong></span> <span class='ocrx_word' id='word_1_54' title='bbox 1292 1089 1322 1154; x_wconf 85' lang='lat' dir='ltr'>iu</span> <span class='ocrx_word' id='word_1_55' title='bbox 1337 1103 1400 1174; x_wconf 85' lang='lat' dir='ltr'><strong>eJus</strong></span> <span class='ocrx_word' id='word_1_56' title='bbox 1413 1104 1570 1176; x_wconf 86' lang='lat' dir='ltr'><strong>conspeetu</strong></span> <span class='ocrx_word' id='word_1_57' title='bbox 1581 1093 1758 1178; x_wconf 78' lang='lat' dir='ltr'><strong>quicumque</strong></span> <span class='ocrx_word' id='word_1_58' title='bbox 1771 1093 1821 1158; x_wconf 86' lang='lat' dir='ltr'><strong>de·</strong></span> 
     </span>
     <span class='ocr_line' id='line_1_7' title="bbox 271 1190 1821 1290; baseline 0.001 -29"><span class='ocrx_word' id='word_1_59' title='bbox 271 1217 370 1285; x_wconf 79' lang='grc' dir='ltr'>μενος·</span> <span class='ocrx_word' id='word_1_60' title='bbox 393 1195 465 1272; x_wconf 86' lang='grc' dir='ltr'>τοὺς</span> <span class='ocrx_word' id='word_1_61' title='bbox 489 1195 549 1288; x_wconf 86' lang='grc' dir='ltr'>γάρ</span> <span class='ocrx_word' id='word_1_62' title='bbox 572 1197 730 1273; x_wconf 81' lang='grc' dir='ltr'>τοιούτους</span> <span class='ocrx_word' id='word_1_63' title='bbox 755 1190 841 1263; x_wconf 77' lang='grc' dir='ltr'>οὐδὲν</span> <span class='ocrx_word' id='word_1_64' title='bbox 864 1203 984 1290; x_wconf 81' lang='grc' dir='ltr'>ηγεῒτο.</span> <span class='ocrx_word' id='word_1_65' title='bbox 1074 1205 1227 1278; x_wconf 82' lang='lat' dir='ltr'><strong>pravatus.</strong></span> <span class='ocrx_word' id='word_1_66' title='bbox 1243 1197 1329 1262; x_wconf 83' lang='lat' dir='ltr'><strong>Tales</strong></span> <span class='ocrx_word' id='word_1_67' title='bbox 1344 1198 1423 1261; x_wconf 87' lang='lat' dir='ltr'><strong>enim</strong></span> <span class='ocrx_word' id='word_1_68' title='bbox 1438 1197 1572 1264; x_wconf 90' lang='lat' dir='ltr'><strong>homines</strong></span> <span class='ocrx_word' id='word_1_69' title='bbox 1585 1199 1670 1264; x_wconf 90' lang='lat' dir='ltr'><strong>nihili</strong></span> <span class='ocrx_word' id='word_1_70' title='bbox 1685 1200 1821 1264; x_wconf 84' lang='lat' dir='ltr'><strong>iaciebat.</strong></span> 
     </span>
    </p>

    <p class='ocr_par' dir='ltr' id='par_1_4' title="bbox 271 1299 1823 1717">
     <span class='ocr_line' id='line_1_8' title="bbox 316 1299 1822 1395; baseline 0.002 -29"><span class='ocrx_word' id='word_1_71' title='bbox 316 1299 354 1386; x_wconf 83' lang='grc' dir='ltr'>β’,</span> <span class='ocrx_word' id='word_1_72' title='bbox 378 1300 417 1393; x_wconf 79' lang='grc' dir='ltr'>γ’.</span> <span class='ocrx_word' id='word_1_73' title='bbox 442 1305 504 1366; x_wconf 86' lang='grc' dir='ltr'>Καί</span> <span class='ocrx_word' id='word_1_74' title='bbox 519 1327 557 1393; x_wconf 91' lang='grc' dir='ltr'>γε</span> <span class='ocrx_word' id='word_1_75' title='bbox 576 1304 661 1392; x_wconf 82' lang='grc' dir='ltr'>ἰσχὺς</span> <span class='ocrx_word' id='word_1_76' title='bbox 677 1315 788 1395; x_wconf 81' lang='grc' dir='ltr'>χειρῶν</span> <span class='ocrx_word' id='word_1_77' title='bbox 807 1309 920 1382; x_wconf 78' lang='grc' dir='ltr'>αὐτῶν,</span> <span class='ocrx_word' id='word_1_78' title='bbox 939 1307 1021 1368; x_wconf 65' lang='lat' dir='ltr'><strong>treet</strong></span> <span class='ocrx_word' id='word_1_79' title='bbox 1113 1301 1191 1367; x_wconf 85' lang='lat' dir='ltr'><strong>Ibid.</strong></span> <span class='ocrx_word' id='word_1_80' title='bbox 1214 1322 1245 1368; x_wconf 80' lang='grc' dir='ltr'>ι.</span> <span class='ocrx_word' id='word_1_81' title='bbox 1268 1307 1298 1384; x_wconf 71' lang='lat'>2,</span> <span class='ocrx_word' id='word_1_82' title='bbox 1321 1307 1350 1368; x_wconf 80' lang='lat'>3.</span> <span class='ocrx_word' id='word_1_83' title='bbox 1374 1304 1544 1389; x_wconf 69' lang='lat' dir='ltr'><strong>etquidem</strong></span> <span class='ocrx_word' id='word_1_84' title='bbox 1571 1309 1659 1371; x_wconf 79' lang='lat' dir='ltr'><strong>ot&#39;rltts</strong></span> <span class='ocrx_word' id='word_1_85' title='bbox 1684 1325 1822 1370; x_wconf 85' lang='grc' dir='ltr'>ιιιαιιιιαιιι</span> 
     </span>
     <span class='ocr_line' id='line_1_9' title="bbox 272 1409 1819 1500; baseline 0.003 -26"><span class='ocrx_word' id='word_1_86' title='bbox 272 1433 341 1498; x_wconf 84' lang='grc' dir='ltr'>μοι;</span> <span class='ocrx_word' id='word_1_87' title='bbox 358 1409 404 1475; x_wconf 83' lang='grc' dir='ltr'>ἐπ’</span> <span class='ocrx_word' id='word_1_88' title='bbox 422 1409 533 1486; x_wconf 82' lang='grc' dir='ltr'>αὐτοὺς</span> <span class='ocrx_word' id='word_1_89' title='bbox 550 1410 696 1476; x_wconf 80' lang='grc' dir='ltr'>ἀπώλετο</span> <span class='ocrx_word' id='word_1_90' title='bbox 717 1413 888 1476; x_wconf 88' lang='grc' dir='ltr'>συντέλεια.</span> <span class='ocrx_word' id='word_1_91' title='bbox 905 1413 954 1475; x_wconf 87' lang='grc' dir='ltr'>Ἐν</span> <span class='ocrx_word' id='word_1_92' title='bbox 972 1416 1020 1476; x_wconf 84' lang='grc' dir='ltr'>ἑν-</span> <span class='ocrx_word' id='word_1_93' title='bbox 1074 1429 1180 1490; x_wconf 79' lang='lat' dir='ltr'><strong>eoram,</strong></span> <span class='ocrx_word' id='word_1_94' title='bbox 1204 1413 1273 1494; x_wconf 77' lang='lat' dir='ltr'><strong>quta</strong></span> <span class='ocrx_word' id='word_1_95' title='bbox 1292 1412 1333 1475; x_wconf 77' lang='grc' dir='ltr'>αα</span> <span class='ocrx_word' id='word_1_96' title='bbox 1350 1417 1415 1476; x_wconf 85' lang='lat' dir='ltr'><strong>me?</strong></span> <span class='ocrx_word' id='word_1_97' title='bbox 1438 1414 1533 1498; x_wconf 82' lang='lat' dir='ltr'><strong>Super</strong></span> <span class='ocrx_word' id='word_1_98' title='bbox 1558 1435 1605 1479; x_wconf 85' lang='lat' dir='ltr'><strong>eos</strong></span> <span class='ocrx_word' id='word_1_99' title='bbox 1625 1415 1737 1500; x_wconf 78' lang='lat' dir='ltr'>peribat</span> <span class='ocrx_word' id='word_1_100' title='bbox 1756 1435 1819 1479; x_wconf 85' lang='lat' dir='ltr'><strong>eoa·</strong></span> 
     </span>
     <span class='ocr_line' id='line_1_10' title="bbox 271 1509 1823 1611; baseline 0 -27"><span class='ocrx_word' id='word_1_101' title='bbox 271 1509 340 1600; x_wconf 78' lang='grc' dir='ltr'>δείᾳ</span> <span class='ocrx_word' id='word_1_102' title='bbox 355 1517 409 1582; x_wconf 83' lang='grc' dir='ltr'>καὶ</span> <span class='ocrx_word' id='word_1_103' title='bbox 423 1521 506 1605; x_wconf 77' lang='grc' dir='ltr'>λιμῷ</span> <span class='ocrx_word' id='word_1_104' title='bbox 523 1517 642 1609; x_wconf 86' lang='grc' dir='ltr'>ἄγονος,</span> <span class='ocrx_word' id='word_1_105' title='bbox 661 1524 689 1582; x_wconf 88' lang='lat' dir='ltr'>ol</span> <span class='ocrx_word' id='word_1_106' title='bbox 705 1519 870 1611; x_wconf 80' lang='grc' dir='ltr'>φεύγοντες</span> <span class='ocrx_word' id='word_1_107' title='bbox 892 1510 1019 1610; x_wconf 81' lang='grc' dir='ltr'>ἄνυδρον</span> <span class='ocrx_word' id='word_1_108' title='bbox 1073 1519 1237 1583; x_wconf 80' lang='lat' dir='ltr'><strong>commotio.</strong></span> <span class='ocrx_word' id='word_1_109' title='bbox 1256 1518 1294 1582; x_wconf 88' lang='lat' dir='ltr'><strong>Ia</strong></span> <span class='ocrx_word' id='word_1_110' title='bbox 1307 1527 1427 1602; x_wconf 84' lang='lat' dir='ltr'><strong>epeslote</strong></span> <span class='ocrx_word' id='word_1_111' title='bbox 1444 1528 1470 1583; x_wconf 84' lang='lat' dir='ltr'><strong>et</strong></span> <span class='ocrx_word' id='word_1_112' title='bbox 1482 1523 1561 1603; x_wconf 79' lang='lat' dir='ltr'><strong>some</strong></span> <span class='ocrx_word' id='word_1_113' title='bbox 1574 1523 1687 1586; x_wconf 84' lang='lat' dir='ltr'><strong>elerilt&#39;e:</strong></span> <span class='ocrx_word' id='word_1_114' title='bbox 1704 1526 1755 1604; x_wconf 79' lang='lat' dir='ltr'>pol</span> <span class='ocrx_word' id='word_1_115' title='bbox 1775 1523 1793 1604; x_wconf 75' lang='lat' dir='ltr'><strong><em>s</em></strong></span> <span class='ocrx_word' id='word_1_116' title='bbox 1812 1557 1823 1568; x_wconf 92' lang='lat'><strong>·</strong></span> 
     </span>
     <span class='ocr_line' id='line_1_11' title="bbox 271 1623 1820 1717; baseline 0.003 -28"><span class='ocrx_word' id='word_1_117' title='bbox 271 1623 358 1714; x_wconf 81' lang='grc' dir='ltr'>ἐχθὲς</span> <span class='ocrx_word' id='word_1_118' title='bbox 381 1624 516 1714; x_wconf 81' lang='grc' dir='ltr'>συνοχὴν</span> <span class='ocrx_word' id='word_1_119' title='bbox 540 1625 594 1689; x_wconf 74' lang='grc' dir='ltr'>καὶ</span> <span class='ocrx_word' id='word_1_120' title='bbox 616 1627 844 1717; x_wconf 80' lang='grc' dir='ltr'>ταλαιπωρίαν.</span> <span class='ocrx_word' id='word_1_121' title='bbox 1073 1625 1188 1709; x_wconf 66' lang='grc' dir='ltr'>αἰτήσαι</span> <span class='ocrx_word' id='word_1_122' title='bbox 1201 1629 1370 1710; x_wconf 59' lang='lat' dir='ltr'><strong>coenosam</strong></span> <span class='ocrx_word' id='word_1_123' title='bbox 1378 1631 1820 1714; x_wconf 71' lang='lat' dir='ltr'><strong>heripresscramelmt&#39;serr&#39;om.</strong></span> 
     </span>
    </p>

    <p class='ocr_par' dir='ltr' id='par_1_5' title="bbox 272 1723 1864 3112">
     <span class='ocr_line' id='line_1_12' title="bbox 315 1723 1824 1826; baseline 0.003 -29"><span class='ocrx_word' id='word_1_124' title='bbox 315 1723 589 1823; x_wconf 73' lang='grc' dir='ltr'>Ὀλυμπιοδώρου,</span> <span class='ocrx_word' id='word_1_125' title='bbox 614 1731 796 1826; x_wconf 82' lang='grc' dir='ltr'>Ὠριγένους.</span> <span class='ocrx_word' id='word_1_126' title='bbox 828 1733 915 1798; x_wconf 84' lang='grc' dir='ltr'>Ἀλλ’</span> <span class='ocrx_word' id='word_1_127' title='bbox 950 1725 1021 1798; x_wconf 73' lang='grc' dir='ltr'>οὐδὲ</span> <span class='ocrx_word' id='word_1_128' title='bbox 1113 1737 1322 1816; x_wconf 84' lang='lat' dir='ltr'><strong>Onvurrooom,</strong></span> <span class='ocrx_word' id='word_1_129' title='bbox 1340 1738 1489 1803; x_wconf 85' lang='lat' dir='ltr'><strong>Oaronrus.</strong></span> <span class='ocrx_word' id='word_1_130' title='bbox 1506 1739 1609 1820; x_wconf 80' lang='lat' dir='ltr'><strong>Neque</strong></span> <span class='ocrx_word' id='word_1_131' title='bbox 1629 1739 1666 1804; x_wconf 90' lang='lat' dir='ltr'><strong>ab</strong></span> <span class='ocrx_word' id='word_1_132' title='bbox 1688 1739 1757 1818; x_wconf 83' lang='lat' dir='ltr'><strong>illis,</strong></span> <span class='ocrx_word' id='word_1_133' title='bbox 1780 1739 1824 1802; x_wconf 88' lang='lat' dir='ltr'>in-</span> 
     </span>
     <span class='ocr_line' id='line_1_13' title="bbox 272 1837 1824 1932; baseline 0.006 -32"><span class='ocrx_word' id='word_1_134' title='bbox 272 1837 379 1910; x_wconf 85' lang='grc' dir='ltr'>ήτησά</span> <span class='ocrx_word' id='word_1_135' title='bbox 402 1861 474 1902; x_wconf 90' lang='grc' dir='ltr'>τινα</span> <span class='ocrx_word' id='word_1_136' title='bbox 494 1841 681 1930; x_wconf 81' lang='grc' dir='ltr'>ἐπικουρίαν,</span> <span class='ocrx_word' id='word_1_137' title='bbox 706 1841 793 1931; x_wconf 67' lang='grc' dir='ltr'>φησι,</span> <span class='ocrx_word' id='word_1_138' title='bbox 818 1841 887 1932; x_wconf 87' lang='grc' dir='ltr'>παρ’</span> <span class='ocrx_word' id='word_1_139' title='bbox 906 1845 1019 1916; x_wconf 80' lang='grc' dir='ltr'>αὐτῶν,</span> <span class='ocrx_word' id='word_1_140' title='bbox 1074 1842 1149 1925; x_wconf 84' lang='lat' dir='ltr'><strong>quit,</strong></span> <span class='ocrx_word' id='word_1_141' title='bbox 1167 1841 1256 1907; x_wconf 85' lang='lat' dir='ltr'><strong>ullum</strong></span> <span class='ocrx_word' id='word_1_142' title='bbox 1272 1845 1394 1926; x_wconf 83' lang='lat' dir='ltr'><strong>queasivi</strong></span> <span class='ocrx_word' id='word_1_143' title='bbox 1409 1846 1559 1924; x_wconf 79' lang='lat' dir='ltr'><strong>auxilium,</strong></span> <span class='ocrx_word' id='word_1_144' title='bbox 1577 1845 1654 1911; x_wconf 87' lang='lat' dir='ltr'><strong>uude</strong></span> <span class='ocrx_word' id='word_1_145' title='bbox 1668 1855 1824 1930; x_wconf 77' lang='lat' dir='ltr'><strong>propterea</strong></span> 
     </span>
     <span class='ocr_line' id='line_1_14' title="bbox 272 1937 1822 2038; baseline 0.005 -28"><span class='ocrx_word' id='word_1_146' title='bbox 272 1947 321 2010; x_wconf 73' lang='grc' dir='ltr'>ἵνα</span> <span class='ocrx_word' id='word_1_147' title='bbox 338 1937 390 2010; x_wconf 71' lang='grc' dir='ltr'>διὰ</span> <span class='ocrx_word' id='word_1_148' title='bbox 406 1957 500 2011; x_wconf 85' lang='grc' dir='ltr'>τοῦτο</span> <span class='ocrx_word' id='word_1_149' title='bbox 516 1947 667 2023; x_wconf 76' lang='grc' dir='ltr'>τοιούτοις</span> <span class='ocrx_word' id='word_1_150' title='bbox 680 1949 754 2038; x_wconf 74' lang='grc' dir='ltr'>πρὸς</span> <span class='ocrx_word' id='word_1_151' title='bbox 767 1947 821 2036; x_wconf 81' lang='grc' dir='ltr'>ἐμὲ</span> <span class='ocrx_word' id='word_1_152' title='bbox 837 1949 1020 2038; x_wconf 82' lang='grc' dir='ltr'>χρήσωνται</span> <span class='ocrx_word' id='word_1_153' title='bbox 1075 1951 1183 2016; x_wconf 76' lang='lat' dir='ltr'><strong>talibus</strong></span> <span class='ocrx_word' id='word_1_154' title='bbox 1194 1971 1241 2016; x_wconf 84' lang='lat' dir='ltr'>mc</span> <span class='ocrx_word' id='word_1_155' title='bbox 1251 1952 1352 2017; x_wconf 81' lang='lat' dir='ltr'><strong>verbis</strong></span> <span class='ocrx_word' id='word_1_156' title='bbox 1364 1953 1553 2020; x_wconf 85' lang='lat' dir='ltr'><strong>inseclentur.</strong></span> <span class='ocrx_word' id='word_1_157' title='bbox 1565 1954 1625 2034; x_wconf 86' lang='lat' dir='ltr'>Qui</span> <span class='ocrx_word' id='word_1_158' title='bbox 1638 1973 1708 2020; x_wconf 85' lang='lat' dir='ltr'><strong>vcro</strong></span> <span class='ocrx_word' id='word_1_159' title='bbox 1720 1963 1822 2037; x_wconf 84' lang='lat' dir='ltr'><strong>aperte</strong></span> 
     </span>
     <span class='ocr_line' id='line_1_15' title="bbox 272 2046 1822 2147; baseline 0.007 -31"><span class='ocrx_word' id='word_1_160' title='bbox 272 2053 418 2144; x_wconf 77' lang='grc' dir='ltr'>ῥήμασιν·</span> <span class='ocrx_word' id='word_1_161' title='bbox 432 2057 510 2146; x_wconf 83' lang='grc' dir='ltr'>οἵγε</span> <span class='ocrx_word' id='word_1_162' title='bbox 526 2055 625 2119; x_wconf 84' lang='grc' dir='ltr'>πάλαι</span> <span class='ocrx_word' id='word_1_163' title='bbox 642 2046 731 2129; x_wconf 82' lang='grc' dir='ltr'>δίκην</span> <span class='ocrx_word' id='word_1_164' title='bbox 749 2055 952 2147; x_wconf 86' lang='grc' dir='ltr'>ἑχρεώστουν,</span> <span class='ocrx_word' id='word_1_165' title='bbox 966 2080 1023 2121; x_wconf 81' lang='grc' dir='ltr'>πο·</span> <span class='ocrx_word' id='word_1_166' title='bbox 1075 2077 1191 2143; x_wconf 84' lang='lat' dir='ltr'><strong>poenam</strong></span> <span class='ocrx_word' id='word_1_167' title='bbox 1213 2061 1418 2142; x_wconf 88' lang='lat' dir='ltr'><strong>merebantur,</strong></span> <span class='ocrx_word' id='word_1_168' title='bbox 1442 2073 1545 2146; x_wconf 87' lang='lat' dir='ltr'><strong>utpote</strong></span> <span class='ocrx_word' id='word_1_169' title='bbox 1564 2061 1700 2146; x_wconf 81' lang='lat' dir='ltr'><strong>improbi,</strong></span> <span class='ocrx_word' id='word_1_170' title='bbox 1724 2062 1822 2145; x_wconf 86' lang='lat' dir='ltr'><strong>aliquo</strong></span> 
     </span>
     <span class='ocr_line' id='line_1_16' title="bbox 272 2160 1822 2252; baseline 0.003 -28"><span class='ocrx_word' id='word_1_171' title='bbox 272 2160 1822 2252; x_wconf 46' lang='lat' dir='ltr'>mfflmmmmwwmmww-fflfflmwfflwfflmmwmffl</span> 
     </span>
     <span class='ocr_line' id='line_1_17' title="bbox 272 2269 1823 2361; baseline 0.003 -28"><span class='ocrx_word' id='word_1_172' title='bbox 272 2269 1823 2361; x_wconf 48' lang='lat' dir='ltr'>wmmfflffifflMwfflmwmfflwfflfflmmmmmmmm</span> 
     </span>
     <span class='ocr_line' id='line_1_18' title="bbox 272 2369 1822 2468; baseline 0.005 -27"><span class='ocrx_word' id='word_1_173' title='bbox 272 2369 1822 2468; x_wconf 47' lang='lat' dir='ltr'>&amp;hfflmwwmfflstwwmfflffimmmfflmmmfflmmmffim·</span> 
     </span>
     <span class='ocr_line' id='line_1_19' title="bbox 273 2478 1822 2579; baseline 0.006 -31"><span class='ocrx_word' id='word_1_174' title='bbox 273 2478 1822 2579; x_wconf 48' lang='lat' dir='ltr'>offimffiwmwfflmwmfflpmmmwmwmmfflmm</span> 
     </span>
     <span class='ocr_line' id='line_1_20' title="bbox 272 2581 1864 2687; baseline 0.003 -30"><span class='ocrx_word' id='word_1_175' title='bbox 272 2591 417 2683; x_wconf 84' lang='grc' dir='ltr'>γενέσθαι</span> <span class='ocrx_word' id='word_1_176' title='bbox 433 2603 487 2659; x_wconf 82' lang='grc' dir='ltr'>τοῦ</span> <span class='ocrx_word' id='word_1_177' title='bbox 503 2598 611 2671; x_wconf 84' lang='grc' dir='ltr'>καλοῦ,</span> <span class='ocrx_word' id='word_1_178' title='bbox 630 2594 698 2659; x_wconf 78' lang='grc' dir='ltr'>ἀλλ’</span> <span class='ocrx_word' id='word_1_179' title='bbox 715 2593 838 2682; x_wconf 83' lang='grc' dir='ltr'>ἔμειναν</span> <span class='ocrx_word' id='word_1_180' title='bbox 856 2594 973 2687; x_wconf 81' lang='grc' dir='ltr'>ἄγονοι,</span> <span class='ocrx_word' id='word_1_181' title='bbox 991 2603 1019 2660; x_wconf 80' lang='grc' dir='ltr'>οἱ</span> <span class='ocrx_word' id='word_1_182' title='bbox 1073 2599 1178 2665; x_wconf 82' lang='lat' dir='ltr'><strong>fierent</strong></span> <span class='ocrx_word' id='word_1_183' title='bbox 1196 2601 1293 2681; x_wconf 82' lang='lat' dir='ltr'><strong>operis</strong></span> <span class='ocrx_word' id='word_1_184' title='bbox 1314 2600 1392 2680; x_wconf 80' lang='lat' dir='ltr'><strong>boni,</strong></span> <span class='ocrx_word' id='word_1_185' title='bbox 1408 2601 1459 2666; x_wconf 86' lang='lat' dir='ltr'><strong>sed</strong></span> <span class='ocrx_word' id='word_1_186' title='bbox 1474 2610 1677 2666; x_wconf 79' lang='lat' dir='ltr'><strong>remanserunt</strong></span> <span class='ocrx_word' id='word_1_187' title='bbox 1692 2601 1819 2677; x_wconf 74' lang='lat' dir='ltr'><strong>steriles»,</strong></span> <span class='ocrx_word' id='word_1_188' title='bbox 1854 2581 1864 2596; x_wconf 25' lang='grc' dir='ltr'>ἱ</span> 
     </span>
     <span class='ocr_line' id='line_1_21' title="bbox 273 2698 1822 2794; baseline 0.005 -30"><span class='ocrx_word' id='word_1_189' title='bbox 273 2699 360 2788; x_wconf 83' lang='grc' dir='ltr'>ἐχθές</span> <span class='ocrx_word' id='word_1_190' title='bbox 383 2723 443 2764; x_wconf 86' lang='grc' dir='ltr'>που</span> <span class='ocrx_word' id='word_1_191' title='bbox 459 2698 511 2763; x_wconf 79' lang='grc' dir='ltr'>καὶ</span> <span class='ocrx_word' id='word_1_192' title='bbox 534 2701 593 2791; x_wconf 81' lang='grc' dir='ltr'>πρὸ</span> <span class='ocrx_word' id='word_1_193' title='bbox 617 2701 733 2792; x_wconf 82' lang='grc' dir='ltr'>ὸλίγου,</span> <span class='ocrx_word' id='word_1_194' title='bbox 758 2711 814 2776; x_wconf 85' lang='grc' dir='ltr'>της</span> <span class='ocrx_word' id='word_1_195' title='bbox 834 2701 949 2790; x_wconf 75' lang='grc' dir='ltr'>ἐρήμου</span> <span class='ocrx_word' id='word_1_196' title='bbox 966 2701 1020 2764; x_wconf 84' lang='grc' dir='ltr'>καὶ</span> <span class='ocrx_word' id='word_1_197' title='bbox 1073 2705 1122 2789; x_wconf 88' lang='lat' dir='ltr'>qni</span> <span class='ocrx_word' id='word_1_198' title='bbox 1146 2707 1206 2772; x_wconf 80' lang='lat' dir='ltr'><strong>lieri</strong></span> <span class='ocrx_word' id='word_1_199' title='bbox 1229 2707 1350 2773; x_wconf 89' lang='lat' dir='ltr'><strong>lortasse</strong></span> <span class='ocrx_word' id='word_1_200' title='bbox 1370 2719 1400 2774; x_wconf 90' lang='lat' dir='ltr'><strong>et</strong></span> <span class='ocrx_word' id='word_1_201' title='bbox 1424 2726 1475 2794; x_wconf 89' lang='lat' dir='ltr'><strong>per</strong></span> <span class='ocrx_word' id='word_1_202' title='bbox 1496 2709 1585 2773; x_wconf 87' lang='lat' dir='ltr'><strong>breve</strong></span> <span class='ocrx_word' id='word_1_203' title='bbox 1601 2718 1715 2790; x_wconf 88' lang='lat' dir='ltr'><strong>tempus</strong></span> <span class='ocrx_word' id='word_1_204' title='bbox 1734 2725 1752 2771; x_wconf 86' lang='lat' dir='ltr'><strong>n</strong></span> <span class='ocrx_word' id='word_1_205' title='bbox 1773 2708 1822 2772; x_wconf 90' lang='lat' dir='ltr'><strong>de·</strong></span> 
     </span>
     <span class='ocr_line' id='line_1_22' title="bbox 272 2797 1821 2899; baseline 0.003 -29"><span class='ocrx_word' id='word_1_206' title='bbox 272 2815 335 2870; x_wconf 82' lang='grc' dir='ltr'>τῶν</span> <span class='ocrx_word' id='word_1_207' title='bbox 359 2815 520 2896; x_wconf 75' lang='grc' dir='ltr'>συμφορῶν</span> <span class='ocrx_word' id='word_1_208' title='bbox 545 2805 780 2899; x_wconf 73' lang='grc' dir='ltr'>ἐκπεφευγότες·</span> <span class='ocrx_word' id='word_1_209' title='bbox 800 2807 898 2871; x_wconf 81' lang='grc' dir='ltr'>ἔοικεν</span> <span class='ocrx_word' id='word_1_210' title='bbox 922 2797 1018 2884; x_wconf 84' lang='grc' dir='ltr'>δὲὼς</span> <span class='ocrx_word' id='word_1_211' title='bbox 1073 2810 1217 2874; x_wconf 85' lang='lat' dir='ltr'><strong>solatione</strong></span> <span class='ocrx_word' id='word_1_212' title='bbox 1240 2821 1271 2876; x_wconf 87' lang='lat' dir='ltr'><strong>et</strong></span> <span class='ocrx_word' id='word_1_213' title='bbox 1294 2813 1460 2878; x_wconf 78' lang='lat' dir='ltr'><strong>calamitate</strong></span> <span class='ocrx_word' id='word_1_214' title='bbox 1484 2814 1671 2894; x_wconf 76' lang='lat' dir='ltr'><strong>aufugerunt.</strong></span> <span class='ocrx_word' id='word_1_215' title='bbox 1699 2811 1821 2879; x_wconf 82' lang='lat' dir='ltr'><strong>Videtur</strong></span> 
     </span>
     <span class='ocr_line' id='line_1_23' title="bbox 273 2905 1821 3007; baseline -0.002 -28"><span class='ocrx_word' id='word_1_216' title='bbox 273 2919 410 3007; x_wconf 77' lang='grc' dir='ltr'>ἀγεννεῖς</span> <span class='ocrx_word' id='word_1_217' title='bbox 434 2913 545 2990; x_wconf 76' lang='grc' dir='ltr'>αὐτοὺς</span> <span class='ocrx_word' id='word_1_218' title='bbox 570 2906 762 2991; x_wconf 75' lang='grc' dir='ltr'>διαήάλλειν,</span> <span class='ocrx_word' id='word_1_219' title='bbox 778 2914 832 2978; x_wconf 81' lang='grc' dir='ltr'>καὶ</span> <span class='ocrx_word' id='word_1_220' title='bbox 852 2907 884 2992; x_wconf 76' lang='grc' dir='ltr'>ἐξ</span> <span class='ocrx_word' id='word_1_221' title='bbox 901 2905 1018 2991; x_wconf 75' lang='grc' dir='ltr'>ἀδόξων</span> <span class='ocrx_word' id='word_1_222' title='bbox 1073 2931 1123 2975; x_wconf 87' lang='lat' dir='ltr'><strong>eos</strong></span> <span class='ocrx_word' id='word_1_223' title='bbox 1144 2912 1323 2991; x_wconf 77' lang='lat' dir='ltr'><strong>insimulare,</strong></span> <span class='ocrx_word' id='word_1_224' title='bbox 1338 2913 1379 2979; x_wconf 90' lang='lat' dir='ltr'>uti</span> <span class='ocrx_word' id='word_1_225' title='bbox 1398 2914 1551 2995; x_wconf 62' lang='lat' dir='ltr'><strong>ignobiles</strong></span> <span class='ocrx_word' id='word_1_226' title='bbox 1567 2923 1598 2977; x_wconf 87' lang='lat' dir='ltr'>ol</span> <span class='ocrx_word' id='word_1_227' title='bbox 1616 2911 1755 2978; x_wconf 87' lang='lat' dir='ltr'><strong>oriundos</strong></span> <span class='ocrx_word' id='word_1_228' title='bbox 1770 2913 1821 2976; x_wconf 87' lang='lat' dir='ltr'>oh·</span> 
     </span>
     <span class='ocr_line' id='line_1_24' title="bbox 272 3017 1753 3112; baseline -0.003 -25"><span class='ocrx_word' id='word_1_229' title='bbox 272 3023 365 3099; x_wconf 85' lang='grc' dir='ltr'>ὄντας</span> <span class='ocrx_word' id='word_1_230' title='bbox 388 3024 508 3112; x_wconf 80' lang='grc' dir='ltr'>χωρίων</span> <span class='ocrx_word' id='word_1_231' title='bbox 532 3024 586 3087; x_wconf 83' lang='grc' dir='ltr'>καὶ</span> <span class='ocrx_word' id='word_1_232' title='bbox 608 3023 751 3112; x_wconf 78' lang='grc' dir='ltr'>πατέρων</span> <span class='ocrx_word' id='word_1_233' title='bbox 775 3024 928 3098; x_wconf 82' lang='grc' dir='ltr'>πενήτων.</span> <span class='ocrx_word' id='word_1_234' title='bbox 1071 3017 1167 3084; x_wconf 82' lang='lat' dir='ltr'><strong>scuris</strong></span> <span class='ocrx_word' id='word_1_235' title='bbox 1187 3037 1223 3086; x_wconf 88' lang='lat' dir='ltr'><strong>ex</strong></span> <span class='ocrx_word' id='word_1_236' title='bbox 1243 3018 1316 3084; x_wconf 84' lang='lat' dir='ltr'><strong>locis</strong></span> <span class='ocrx_word' id='word_1_237' title='bbox 1337 3029 1368 3085; x_wconf 85' lang='lat' dir='ltr'><strong>et</strong></span> <span class='ocrx_word' id='word_1_238' title='bbox 1387 3021 1425 3084; x_wconf 79' lang='lat' dir='ltr'><strong>ab</strong></span> <span class='ocrx_word' id='word_1_239' title='bbox 1446 3019 1549 3102; x_wconf 80' lang='lat' dir='ltr'><strong>egenis</strong></span> <span class='ocrx_word' id='word_1_240' title='bbox 1569 3019 1753 3103; x_wconf 71' lang='lat' dir='ltr'><strong>perentibus</strong></span> 
     </span>
    </p>

    <p class='ocr_par' dir='ltr' id='par_1_6' title="bbox 315 3125 1718 3211">
     <span class='ocr_line' id='line_1_25' title="bbox 315 3125 1718 3211; baseline -0.002 -18"><span class='ocrx_word' id='word_1_241' title='bbox 315 3128 382 3194; x_wconf 85' lang='grc' dir='ltr'>Ἐπ’</span> <span class='ocrx_word' id='word_1_242' title='bbox 407 3129 518 3205; x_wconf 81' lang='grc' dir='ltr'>αὐτοὺς</span> <span class='ocrx_word' id='word_1_243' title='bbox 542 3128 688 3194; x_wconf 82' lang='grc' dir='ltr'>ἀπώλετο</span> <span class='ocrx_word' id='word_1_244' title='bbox 713 3128 884 3194; x_wconf 84' lang='grc' dir='ltr'>συντέλεια.</span> <span class='ocrx_word' id='word_1_245' title='bbox 1112 3125 1189 3192; x_wconf 88' lang='lat' dir='ltr'><strong>lhid.</strong></span> <span class='ocrx_word' id='word_1_246' title='bbox 1213 3125 1308 3210; x_wconf 83' lang='lat' dir='ltr'><strong>Super</strong></span> <span class='ocrx_word' id='word_1_247' title='bbox 1328 3147 1375 3192; x_wconf 83' lang='lat' dir='ltr'><strong>eos</strong></span> <span class='ocrx_word' id='word_1_248' title='bbox 1393 3128 1480 3211; x_wconf 72' lang='lat' dir='ltr'><strong>periit</strong></span> <span class='ocrx_word' id='word_1_249' title='bbox 1499 3131 1718 3190; x_wconf 82' lang='lat' dir='ltr'><strong>consommatio.</strong></span> 
     </span>
    </p>

    <p class='ocr_par' dir='ltr' id='par_1_7' title="bbox 257 3228 1817 3409">
     <span class='ocr_line' id='line_1_26' title="bbox 257 3228 1817 3329; baseline -0.003 -27"><span class='ocrx_word' id='word_1_250' title='bbox 257 3228 258 3231; x_wconf 45' lang='lat'>&#39;</span> <span class='ocrx_word' id='word_1_251' title='bbox 315 3237 403 3302; x_wconf 80' lang='grc' dir='ltr'>Ἀντὶ</span> <span class='ocrx_word' id='word_1_252' title='bbox 425 3245 494 3329; x_wconf 68' lang='grc' dir='ltr'>τοῦ,</span> <span class='ocrx_word' id='word_1_253' title='bbox 511 3229 660 3303; x_wconf 76' lang='grc' dir='ltr'>οὐδέποτέ</span> <span class='ocrx_word' id='word_1_254' title='bbox 683 3263 715 3303; x_wconf 87' lang='grc' dir='ltr'>τι</span> <span class='ocrx_word' id='word_1_255' title='bbox 731 3239 869 3329; x_wconf 80' lang='grc' dir='ltr'>χρηστὸν</span> <span class='ocrx_word' id='word_1_256' title='bbox 894 3236 1019 3302; x_wconf 86' lang='grc' dir='ltr'>ουνετέ-</span> <span class='ocrx_word' id='word_1_257' title='bbox 1112 3238 1155 3299; x_wconf 79' lang='lat' dir='ltr'>Ac</span> <span class='ocrx_word' id='word_1_258' title='bbox 1174 3236 1199 3299; x_wconf 90' lang='lat' dir='ltr'>si</span> <span class='ocrx_word' id='word_1_259' title='bbox 1220 3234 1309 3316; x_wconf 87' lang='lat' dir='ltr'><strong>dicat,</strong></span> <span class='ocrx_word' id='word_1_260' title='bbox 1332 3233 1403 3300; x_wconf 88' lang='lat' dir='ltr'><strong>nihil</strong></span> <span class='ocrx_word' id='word_1_261' title='bbox 1433 3252 1561 3318; x_wconf 88' lang='lat' dir='ltr'><strong>unquam</strong></span> <span class='ocrx_word' id='word_1_262' title='bbox 1583 3233 1651 3298; x_wconf 85' lang='lat' dir='ltr'><strong>boni</strong></span> <span class='ocrx_word' id='word_1_263' title='bbox 1679 3233 1817 3298; x_wconf 85' lang='lat' dir='ltr'><strong>absolve-</strong></span> 
     </span>
     <span class='ocr_line' id='line_1_27' title="bbox 271 3349 1150 3409; baseline -0.003 0"><span class='ocrx_word' id='word_1_264' title='bbox 271 3349 378 3409; x_wconf 90' lang='grc' dir='ltr'>λεσαν.</span> <span class='ocrx_word' id='word_1_265' title='bbox 569 3369 572 3374; x_wconf 92' lang='grc'><em>·</em></span> <span class='ocrx_word' id='word_1_266' title='bbox 1072 3351 1150 3407; x_wconf 86' lang='lat' dir='ltr'><strong>runt.</strong></span> 
     </span>
    </p>

    <p class='ocr_par' dir='ltr' id='par_1_8' title="bbox 229 3445 1819 3648">
     <span class='ocr_line' id='line_1_28' title="bbox 229 3445 1819 3544; baseline -0.006 -25"><span class='ocrx_word' id='word_1_267' title='bbox 229 3451 234 3460; x_wconf 83' lang='grc'><strong>’</strong></span> <span class='ocrx_word' id='word_1_268' title='bbox 315 3445 349 3518; x_wconf 81' lang='grc' dir='ltr'>δ’.</span> <span class='ocrx_word' id='word_1_269' title='bbox 366 3459 404 3519; x_wconf 85' lang='grc' dir='ltr'>Οἱ</span> <span class='ocrx_word' id='word_1_270' title='bbox 419 3458 675 3541; x_wconf 81' lang='grc' dir='ltr'>περιαυκλοῢντες</span> <span class='ocrx_word' id='word_1_271' title='bbox 692 3452 791 3542; x_wconf 83' lang='grc' dir='ltr'>ἄλιμα</span> <span class='ocrx_word' id='word_1_272' title='bbox 808 3454 858 3518; x_wconf 75' lang='grc' dir='ltr'>ἐπὶ</span> <span class='ocrx_word' id='word_1_273' title='bbox 874 3458 1017 3544; x_wconf 59' lang='grc' dir='ltr'>ήχοῦντι,</span> <span class='ocrx_word' id='word_1_274' title='bbox 1111 3451 1189 3515; x_wconf 80' lang='lat' dir='ltr'><strong>loia.</strong></span> <span class='ocrx_word' id='word_1_275' title='bbox 1211 3469 1243 3514; x_wconf 84' lang='lat' dir='ltr'>v.</span> <span class='ocrx_word' id='word_1_276' title='bbox 1267 3450 1296 3513; x_wconf 88' lang='lat' dir='ltr'>l.</span> <span class='ocrx_word' id='word_1_277' title='bbox 1321 3450 1379 3528; x_wconf 83' lang='lat' dir='ltr'>Qui</span> <span class='ocrx_word' id='word_1_278' title='bbox 1395 3447 1553 3514; x_wconf 76' lang='lat' dir='ltr'><strong>arcellare</strong></span> <span class='ocrx_word' id='word_1_279' title='bbox 1577 3451 1669 3512; x_wconf 79' lang='lat' dir='ltr'><strong>allata</strong></span> <span class='ocrx_word' id='word_1_280' title='bbox 1695 3447 1726 3511; x_wconf 86' lang='grc' dir='ltr'>ιἰι</span> <span class='ocrx_word' id='word_1_281' title='bbox 1745 3465 1819 3510; x_wconf 80' lang='lat' dir='ltr'><strong>reso·</strong></span> 
     </span>
     <span class='ocr_line' id='line_1_29' title="bbox 270 3553 1614 3648; baseline -0.007 -23"><span class='ocrx_word' id='word_1_282' title='bbox 270 3562 381 3634; x_wconf 79' lang='grc' dir='ltr'>οἴτινες</span> <span class='ocrx_word' id='word_1_283' title='bbox 406 3559 506 3648; x_wconf 79' lang='grc' dir='ltr'>ἄλιμα</span> <span class='ocrx_word' id='word_1_284' title='bbox 528 3556 566 3635; x_wconf 82' lang='grc' dir='ltr'>ἧν</span> <span class='ocrx_word' id='word_1_285' title='bbox 591 3563 693 3625; x_wconf 72' lang='grc' dir='ltr'>αὐτῶν</span> <span class='ocrx_word' id='word_1_286' title='bbox 716 3560 759 3626; x_wconf 71' lang='grc' dir='ltr'>τὰ</span> <span class='ocrx_word' id='word_1_287' title='bbox 782 3573 863 3626; x_wconf 83' lang='grc' dir='ltr'>σῖτα.</span> <span class='ocrx_word' id='word_1_288' title='bbox 956 3633 960 3647; x_wconf 29' lang='lat'><strong>¹</strong></span> <span class='ocrx_word' id='word_1_289' title='bbox 1072 3566 1167 3636; x_wconf 80' lang='lat' dir='ltr'><strong>cattle,</strong></span> <span class='ocrx_word' id='word_1_290' title='bbox 1191 3575 1311 3640; x_wconf 73' lang='lat' dir='ltr'><strong>quoram</strong></span> <span class='ocrx_word' id='word_1_291' title='bbox 1332 3555 1392 3619; x_wconf 75' lang='lat' dir='ltr'>cibi</span> <span class='ocrx_word' id='word_1_292' title='bbox 1412 3560 1497 3620; x_wconf 76' lang='lat' dir='ltr'><strong>eram</strong></span> <span class='ocrx_word' id='word_1_293' title='bbox 1515 3553 1614 3618; x_wconf 79' lang='lat' dir='ltr'><strong>clima.</strong></span> 
     </span>
    </p>

    <p class='ocr_par' dir='ltr' id='par_1_9' title="bbox 268 3663 1824 5051">
     <span class='ocr_line' id='line_1_30' title="bbox 310 3663 1822 3761; baseline -0.006 -29"><span class='ocrx_word' id='word_1_294' title='bbox 310 3667 431 3755; x_wconf 79' lang='grc' dir='ltr'>Ἀλιμα</span> <span class='ocrx_word' id='word_1_295' title='bbox 455 3665 572 3752; x_wconf 86' lang='grc' dir='ltr'>βοτάνη</span> <span class='ocrx_word' id='word_1_296' title='bbox 599 3693 646 3744; x_wconf 87' lang='grc' dir='ltr'>τις</span> <span class='ocrx_word' id='word_1_297' title='bbox 666 3669 760 3746; x_wconf 81' lang='grc' dir='ltr'>ἐστὶν,</span> <span class='ocrx_word' id='word_1_298' title='bbox 777 3671 816 3746; x_wconf 84' lang='grc' dir='ltr'>ὥς</span> <span class='ocrx_word' id='word_1_299' title='bbox 834 3694 918 3761; x_wconf 82' lang='grc' dir='ltr'>φασι,</span> <span class='ocrx_word' id='word_1_300' title='bbox 935 3669 1018 3758; x_wconf 87' lang='grc' dir='ltr'>ταχὺ</span> <span class='ocrx_word' id='word_1_301' title='bbox 1111 3667 1205 3731; x_wconf 80' lang='grc' dir='ltr'>ΑΙίιιιι</span> <span class='ocrx_word' id='word_1_302' title='bbox 1228 3665 1316 3728; x_wconf 85' lang='lat' dir='ltr'><strong>herbe</strong></span> <span class='ocrx_word' id='word_1_303' title='bbox 1344 3663 1478 3746; x_wconf 81' lang='lat' dir='ltr'><strong>quaedam</strong></span> <span class='ocrx_word' id='word_1_304' title='bbox 1500 3671 1560 3740; x_wconf 82' lang='lat' dir='ltr'><strong>est,</strong></span> <span class='ocrx_word' id='word_1_305' title='bbox 1580 3671 1614 3726; x_wconf 85' lang='lat' dir='ltr'>ul</span> <span class='ocrx_word' id='word_1_306' title='bbox 1633 3663 1732 3740; x_wconf 86' lang='lat' dir='ltr'><strong>aiunt,</strong></span> <span class='ocrx_word' id='word_1_307' title='bbox 1754 3677 1822 3742; x_wconf 76' lang='lat' dir='ltr'>quae</span> 
     </span>
     <span class='ocr_line' id='line_1_31' title="bbox 271 3766 1821 3866; baseline -0.005 -26"><span class='ocrx_word' id='word_1_308' title='bbox 271 3779 435 3865; x_wconf 82' lang='grc' dir='ltr'>πληροῦσα</span> <span class='ocrx_word' id='word_1_309' title='bbox 450 3775 505 3840; x_wconf 72' lang='grc' dir='ltr'>τὀν</span> <span class='ocrx_word' id='word_1_310' title='bbox 522 3773 673 3840; x_wconf 77' lang='grc' dir='ltr'>ἐσθίοντα.</span> <span class='ocrx_word' id='word_1_311' title='bbox 688 3815 731 3824; x_wconf 86' lang='grc'>--</span> <span class='ocrx_word' id='word_1_312' title='bbox 743 3775 813 3840; x_wconf 81' lang='grc' dir='ltr'>Ἐπὶ</span> <span class='ocrx_word' id='word_1_313' title='bbox 826 3781 957 3866; x_wconf 80' lang='grc' dir='ltr'>ήχοῦντι</span> <span class='ocrx_word' id='word_1_314' title='bbox 975 3768 1017 3852; x_wconf 77' lang='grc' dir='ltr'>δὲ,</span> <span class='ocrx_word' id='word_1_315' title='bbox 1072 3769 1206 3836; x_wconf 84' lang='lat' dir='ltr'><strong>celeriter</strong></span> <span class='ocrx_word' id='word_1_316' title='bbox 1219 3767 1320 3849; x_wconf 88' lang='lat' dir='ltr'><strong>implet</strong></span> <span class='ocrx_word' id='word_1_317' title='bbox 1338 3767 1548 3832; x_wconf 79' lang='lat' dir='ltr'><strong>comedentem.</strong></span> <span class='ocrx_word' id='word_1_318' title='bbox 1566 3803 1606 3814; x_wconf 87' lang='lat'><em>-</em></span> <span class='ocrx_word' id='word_1_319' title='bbox 1621 3766 1656 3830; x_wconf 85' lang='lat' dir='ltr'><strong>Ia</strong></span> <span class='ocrx_word' id='word_1_320' title='bbox 1673 3772 1821 3831; x_wconf 77' lang='lat' dir='ltr'><strong>resonante</strong></span> 
     </span>
     <span class='ocr_line' id='line_1_32' title="bbox 271 3873 1818 3976; baseline -0.008 -29"><span class='ocrx_word' id='word_1_321' title='bbox 271 3882 434 3948; x_wconf 82' lang='grc' dir='ltr'>τουτέστιν</span> <span class='ocrx_word' id='word_1_322' title='bbox 451 3883 502 3948; x_wconf 75' lang='grc' dir='ltr'>ἐπέ</span> <span class='ocrx_word' id='word_1_323' title='bbox 518 3877 652 3976; x_wconf 81' lang='grc' dir='ltr'>φάραγξι</span> <span class='ocrx_word' id='word_1_324' title='bbox 668 3883 721 3948; x_wconf 82' lang='grc' dir='ltr'>καὶ</span> <span class='ocrx_word' id='word_1_325' title='bbox 733 3876 932 3974; x_wconf 81' lang='grc' dir='ltr'>πετρώδεσιν·</span> <span class='ocrx_word' id='word_1_326' title='bbox 950 3885 1019 3955; x_wconf 74' lang='lat' dir='ltr'><strong>eria-</strong></span> <span class='ocrx_word' id='word_1_327' title='bbox 1072 3895 1154 3958; x_wconf 78' lang='lat' dir='ltr'><strong>vero,</strong></span> <span class='ocrx_word' id='word_1_328' title='bbox 1177 3877 1205 3941; x_wconf 90' lang='lat' dir='ltr'>id</span> <span class='ocrx_word' id='word_1_329' title='bbox 1227 3885 1273 3942; x_wconf 78' lang='lat' dir='ltr'>cst</span> <span class='ocrx_word' id='word_1_330' title='bbox 1296 3877 1324 3940; x_wconf 87' lang='lat' dir='ltr'>iu</span> <span class='ocrx_word' id='word_1_331' title='bbox 1346 3875 1531 3942; x_wconf 84' lang='lat' dir='ltr'><strong>convallibus</strong></span> <span class='ocrx_word' id='word_1_332' title='bbox 1551 3883 1582 3938; x_wconf 86' lang='lat' dir='ltr'>cl</span> <span class='ocrx_word' id='word_1_333' title='bbox 1602 3873 1673 3938; x_wconf 82' lang='lat' dir='ltr'><strong>locis</strong></span> <span class='ocrx_word' id='word_1_334' title='bbox 1694 3873 1818 3938; x_wconf 67' lang='lat' dir='ltr'><strong>saxosis</strong></span> 
     </span>
     <span class='ocr_line' id='line_1_33' title="bbox 270 3981 1818 4084; baseline -0.001 -38"><span class='ocrx_word' id='word_1_335' title='bbox 270 4015 323 4082; x_wconf 71' lang='grc' dir='ltr'>χοι</span> <span class='ocrx_word' id='word_1_336' title='bbox 345 3991 405 4084; x_wconf 73' lang='grc' dir='ltr'>γὰρ</span> <span class='ocrx_word' id='word_1_337' title='bbox 429 3997 458 4057; x_wconf 70' lang='grc' dir='ltr'>οι</span> <span class='ocrx_word' id='word_1_338' title='bbox 479 4003 616 4057; x_wconf 55' lang='grc' dir='ltr'>τοιοῦτον</span> <span class='ocrx_word' id='word_1_339' title='bbox 638 3993 745 4068; x_wconf 75' lang='lat' dir='ltr'><strong>eleos,</strong></span> <span class='ocrx_word' id='word_1_340' title='bbox 769 3992 823 4056; x_wconf 73' lang='lat' dir='ltr'><strong>sel</strong></span> <span class='ocrx_word' id='word_1_341' title='bbox 847 3995 1018 4081; x_wconf 61' lang='lat' dir='ltr'><strong>&amp;reapoooe</strong></span> <span class='ocrx_word' id='word_1_342' title='bbox 1072 3983 1219 4066; x_wconf 86' lang='lat' dir='ltr'><strong>Ejusmodi</strong></span> <span class='ocrx_word' id='word_1_343' title='bbox 1241 3983 1319 4048; x_wconf 88' lang='lat' dir='ltr'><strong>enim</strong></span> <span class='ocrx_word' id='word_1_344' title='bbox 1340 3983 1403 4048; x_wconf 87' lang='lat' dir='ltr'><strong>loca</strong></span> <span class='ocrx_word' id='word_1_345' title='bbox 1425 3993 1494 4065; x_wconf 84' lang='lat' dir='ltr'><strong>apte</strong></span> <span class='ocrx_word' id='word_1_346' title='bbox 1508 3992 1676 4066; x_wconf 80' lang='lat' dir='ltr'><strong>personant,</strong></span> <span class='ocrx_word' id='word_1_347' title='bbox 1699 3981 1818 4065; x_wconf 90' lang='lat' dir='ltr'><strong>loquen-</strong></span> 
     </span>
     <span class='ocr_line' id='line_1_34' title="bbox 269 4088 1818 4193; baseline -0.007 -29"><span class='ocrx_word' id='word_1_348' title='bbox 269 4112 335 4177; x_wconf 84' lang='grc' dir='ltr'>τοῖς</span> <span class='ocrx_word' id='word_1_349' title='bbox 358 4099 588 4193; x_wconf 82' lang='grc' dir='ltr'>φθεγγομένοις.</span> <span class='ocrx_word' id='word_1_350' title='bbox 614 4099 653 4165; x_wconf 84' lang='grc' dir='ltr'><strong>Ἢ</strong></span> <span class='ocrx_word' id='word_1_351' title='bbox 683 4101 737 4165; x_wconf 81' lang='grc' dir='ltr'>καὶ</span> <span class='ocrx_word' id='word_1_352' title='bbox 767 4105 909 4189; x_wconf 81' lang='grc' dir='ltr'>ἠχοῦντα</span> <span class='ocrx_word' id='word_1_353' title='bbox 932 4101 1018 4190; x_wconf 83' lang='grc' dir='ltr'>λέγει</span> <span class='ocrx_word' id='word_1_354' title='bbox 1073 4092 1209 4174; x_wconf 82' lang='lat' dir='ltr'><strong>libusque</strong></span> <span class='ocrx_word' id='word_1_355' title='bbox 1229 4092 1419 4174; x_wconf 81' lang='lat' dir='ltr'><strong>respondent.</strong></span> <span class='ocrx_word' id='word_1_356' title='bbox 1436 4090 1486 4157; x_wconf 86' lang='lat' dir='ltr'><strong>vel</strong></span> <span class='ocrx_word' id='word_1_357' title='bbox 1502 4097 1679 4155; x_wconf 74' lang='grc' dir='ltr'>ταιααααέαιιι</span> <span class='ocrx_word' id='word_1_358' title='bbox 1692 4088 1763 4153; x_wconf 85' lang='lat' dir='ltr'><strong>dicit</strong></span> <span class='ocrx_word' id='word_1_359' title='bbox 1778 4089 1818 4153; x_wconf 91' lang='lat' dir='ltr'>lo·</span> 
     </span>
     <span class='ocr_line' id='line_1_35' title="bbox 268 4197 1817 4297; baseline -0.005 -29"><span class='ocrx_word' id='word_1_360' title='bbox 268 4208 324 4273; x_wconf 75' lang='grc' dir='ltr'>τῦν</span> <span class='ocrx_word' id='word_1_361' title='bbox 349 4199 476 4282; x_wconf 80' lang='grc' dir='ltr'>ἀλσώδη</span> <span class='ocrx_word' id='word_1_362' title='bbox 503 4209 600 4274; x_wconf 79' lang='grc' dir='ltr'>τόπου</span> <span class='ocrx_word' id='word_1_363' title='bbox 624 4213 654 4274; x_wconf 74' lang='grc' dir='ltr'>ἐν</span> <span class='ocrx_word' id='word_1_364' title='bbox 684 4202 767 4297; x_wconf 79' lang='grc' dir='ltr'>ᾧπερ</span> <span class='ocrx_word' id='word_1_365' title='bbox 799 4213 818 4280; x_wconf 74' lang='lat' dir='ltr'><strong>el</strong></span> <span class='ocrx_word' id='word_1_366' title='bbox 851 4205 929 4279; x_wconf 82' lang='grc' dir='ltr'>πνοὴ</span> <span class='ocrx_word' id='word_1_367' title='bbox 955 4215 1017 4270; x_wconf 83' lang='grc' dir='ltr'>τῶν</span> <span class='ocrx_word' id='word_1_368' title='bbox 1073 4217 1352 4280; x_wconf 87' lang='lat' dir='ltr'><strong>cumnemorosum‚</strong></span> <span class='ocrx_word' id='word_1_369' title='bbox 1376 4198 1485 4280; x_wconf 90' lang='lat' dir='ltr'><strong>inquo</strong></span> <span class='ocrx_word' id='word_1_370' title='bbox 1506 4207 1661 4262; x_wconf 88' lang='lat' dir='ltr'><strong>ventorum</strong></span> <span class='ocrx_word' id='word_1_371' title='bbox 1682 4197 1817 4279; x_wconf 85' lang='lat' dir='ltr'><strong>spiracu-</strong></span> 
     </span>
     <span class='ocr_line' id='line_1_36' title="bbox 270 4301 1822 4403; baseline -0.008 -24"><span class='ocrx_word' id='word_1_372' title='bbox 270 4316 400 4403; x_wconf 85' lang='grc' dir='ltr'>ἀνέμων,</span> <span class='ocrx_word' id='word_1_373' title='bbox 425 4326 550 4380; x_wconf 81' lang='grc' dir='ltr'>κινοῦσα</span> <span class='ocrx_word' id='word_1_374' title='bbox 573 4316 632 4389; x_wconf 79' lang='grc' dir='ltr'>τὴν</span> <span class='ocrx_word' id='word_1_375' title='bbox 649 4316 738 4391; x_wconf 83' lang='grc' dir='ltr'>ὕλην,</span> <span class='ocrx_word' id='word_1_376' title='bbox 756 4311 835 4403; x_wconf 76' lang='grc' dir='ltr'>ἦχον</span> <span class='ocrx_word' id='word_1_377' title='bbox 859 4317 1017 4378; x_wconf 86' lang='grc' dir='ltr'>ἀποτελεῖ.</span> <span class='ocrx_word' id='word_1_378' title='bbox 1073 4307 1133 4370; x_wconf 91' lang='lat' dir='ltr'>lum</span> <span class='ocrx_word' id='word_1_379' title='bbox 1154 4305 1272 4390; x_wconf 77' lang='lat' dir='ltr'><strong>sylvam</strong></span> <span class='ocrx_word' id='word_1_380' title='bbox 1293 4305 1430 4388; x_wconf 89' lang='lat' dir='ltr'><strong>quatiens</strong></span> <span class='ocrx_word' id='word_1_381' title='bbox 1451 4321 1602 4368; x_wconf 85' lang='lat' dir='ltr'><strong>susurrum</strong></span> <span class='ocrx_word' id='word_1_382' title='bbox 1622 4303 1723 4368; x_wconf 87' lang='lat' dir='ltr'><strong>efficit.</strong></span> <span class='ocrx_word' id='word_1_383' title='bbox 1743 4301 1822 4366; x_wconf 85' lang='lat' dir='ltr'><strong>llicit</strong></span> 
     </span>
     <span class='ocr_line' id='line_1_37' title="bbox 270 4406 1820 4513; baseline -0.012 -27"><span class='ocrx_word' id='word_1_384' title='bbox 270 4422 372 4494; x_wconf 80' lang='grc' dir='ltr'>Φησὶν</span> <span class='ocrx_word' id='word_1_385' title='bbox 390 4415 442 4486; x_wconf 77' lang='grc' dir='ltr'>οὖν</span> <span class='ocrx_word' id='word_1_386' title='bbox 460 4421 510 4486; x_wconf 88' lang='grc' dir='ltr'>ὅτι</span> <span class='ocrx_word' id='word_1_387' title='bbox 526 4421 742 4513; x_wconf 86' lang='grc' dir='ltr'>περιενόστουν</span> <span class='ocrx_word' id='word_1_388' title='bbox 760 4415 845 4484; x_wconf 78' lang='grc' dir='ltr'>οὗτοι</span> <span class='ocrx_word' id='word_1_389' title='bbox 863 4419 920 4495; x_wconf 81' lang='grc' dir='ltr'>τὰς</span> <span class='ocrx_word' id='word_1_390' title='bbox 943 4419 1018 4495; x_wconf 78' lang='grc' dir='ltr'>ὕλας</span> <span class='ocrx_word' id='word_1_391' title='bbox 1073 4412 1162 4495; x_wconf 81' lang='lat' dir='ltr'><strong>igitur</strong></span> <span class='ocrx_word' id='word_1_392' title='bbox 1183 4412 1213 4477; x_wconf 84' lang='lat' dir='ltr'>id</span> <span class='ocrx_word' id='word_1_393' title='bbox 1233 4429 1328 4494; x_wconf 81' lang='lat' dir='ltr'><strong>genus</strong></span> <span class='ocrx_word' id='word_1_394' title='bbox 1348 4409 1499 4475; x_wconf 81' lang='lat' dir='ltr'><strong>hominum</strong></span> <span class='ocrx_word' id='word_1_395' title='bbox 1520 4407 1600 4472; x_wconf 84' lang='lat' dir='ltr'><strong>lucos</strong></span> <span class='ocrx_word' id='word_1_396' title='bbox 1620 4417 1651 4472; x_wconf 82' lang='lat' dir='ltr'><strong>et</strong></span> <span class='ocrx_word' id='word_1_397' title='bbox 1670 4406 1820 4491; x_wconf 79' lang='lat' dir='ltr'><strong>convalles</strong></span> 
     </span>
     <span class='ocr_line' id='line_1_38' title="bbox 270 4516 1824 4621; baseline -0.01 -28"><span class='ocrx_word' id='word_1_398' title='bbox 270 4516 1824 4621; x_wconf 39' lang='lat' dir='ltr'>fflfflmfflmmssmwmQuwmmfflmmewmm</span> 
     </span>
     <span class='ocr_line' id='line_1_39' title="bbox 270 4625 1822 4728; baseline -0.012 -25"><span class='ocrx_word' id='word_1_399' title='bbox 270 4629 374 4704; x_wconf 77' lang='grc' dir='ltr'>ὕδατα</span> <span class='ocrx_word' id='word_1_400' title='bbox 397 4635 508 4728; x_wconf 81' lang='grc' dir='ltr'>ῥέοντα</span> <span class='ocrx_word' id='word_1_401' title='bbox 530 4641 607 4725; x_wconf 84' lang='grc' dir='ltr'>ήχεϊ</span> <span class='ocrx_word' id='word_1_402' title='bbox 626 4658 664 4698; x_wconf 89' lang='grc' dir='ltr'>τε</span> <span class='ocrx_word' id='word_1_403' title='bbox 687 4635 741 4698; x_wconf 81' lang='grc' dir='ltr'>καὶ</span> <span class='ocrx_word' id='word_1_404' title='bbox 762 4627 938 4726; x_wconf 54' lang='grc' dir='ltr'>κελαρύζει,</span> <span class='ocrx_word' id='word_1_405' title='bbox 959 4636 1018 4700; x_wconf 84' lang='grc' dir='ltr'>ὑπὸ</span> <span class='ocrx_word' id='word_1_406' title='bbox 1073 4627 1225 4710; x_wconf 78' lang='lat' dir='ltr'><strong>strepitum</strong></span> <span class='ocrx_word' id='word_1_407' title='bbox 1245 4625 1348 4704; x_wconf 83' lang='lat' dir='ltr'><strong>edunt,</strong></span> <span class='ocrx_word' id='word_1_408' title='bbox 1363 4625 1579 4703; x_wconf 81' lang='lat' dir='ltr'><strong>obambulasse,</strong></span> <span class='ocrx_word' id='word_1_409' title='bbox 1594 4632 1724 4689; x_wconf 81' lang='lat' dir='ltr'><strong>extremo</strong></span> <span class='ocrx_word' id='word_1_410' title='bbox 1738 4637 1822 4685; x_wconf 77' lang='lat' dir='ltr'><strong>occc-</strong></span> 
     </span>
     <span class='ocr_line' id='line_1_40' title="bbox 270 4724 1821 4836; baseline -0.01 -33"><span class='ocrx_word' id='word_1_411' title='bbox 270 4757 329 4824; x_wconf 65' lang='grc' dir='ltr'>τῆς</span> <span class='ocrx_word' id='word_1_412' title='bbox 353 4745 433 4836; x_wconf 79' lang='grc' dir='ltr'>ἄγειν</span> <span class='ocrx_word' id='word_1_413' title='bbox 457 4735 587 4817; x_wconf 78' lang='grc' dir='ltr'>ἐνδείας,</span> <span class='ocrx_word' id='word_1_414' title='bbox 611 4739 667 4816; x_wconf 88' lang='grc' dir='ltr'>τάς</span> <span class='ocrx_word' id='word_1_415' title='bbox 692 4738 826 4824; x_wconf 82' lang='grc' dir='ltr'>βοτάνας</span> <span class='ocrx_word' id='word_1_416' title='bbox 850 4740 1019 4830; x_wconf 83' lang='grc' dir='ltr'>ἀνερευυώ-</span> <span class='ocrx_word' id='word_1_417' title='bbox 1075 4731 1247 4814; x_wconf 77' lang='lat' dir='ltr'><strong>toninopia,</strong></span> <span class='ocrx_word' id='word_1_418' title='bbox 1269 4740 1303 4795; x_wconf 89' lang='lat' dir='ltr'>ut</span> <span class='ocrx_word' id='word_1_419' title='bbox 1317 4729 1422 4796; x_wconf 88' lang='lat' dir='ltr'><strong>herbas</strong></span> <span class='ocrx_word' id='word_1_420' title='bbox 1440 4729 1667 4810; x_wconf 80' lang='lat' dir='ltr'><strong>investigantes,</strong></span> <span class='ocrx_word' id='word_1_421' title='bbox 1681 4724 1821 4791; x_wconf 84' lang='lat' dir='ltr'><strong>corrasis-</strong></span> 
     </span>
     <span class='ocr_line' id='line_1_41' title="bbox 274 4833 1790 4945; baseline -0.018 -24"><span class='ocrx_word' id='word_1_422' title='bbox 274 4879 371 4945; x_wconf 83' lang='grc' dir='ltr'>μενοι,</span> <span class='ocrx_word' id='word_1_423' title='bbox 388 4850 514 4926; x_wconf 79' lang='grc' dir='ltr'>καὶτὰς</span> <span class='ocrx_word' id='word_1_424' title='bbox 532 4844 690 4940; x_wconf 70' lang='grc' dir='ltr'>ρίζαςτῶν</span> <span class='ocrx_word' id='word_1_425' title='bbox 709 4841 806 4926; x_wconf 79' lang='grc' dir='ltr'>ξύλων</span> <span class='ocrx_word' id='word_1_426' title='bbox 827 4840 1019 4936; x_wconf 72' lang='grc' dir='ltr'>τεριξέοιτες</span> <span class='ocrx_word' id='word_1_427' title='bbox 1073 4855 1129 4920; x_wconf 86' lang='lat' dir='ltr'><strong>que</strong></span> <span class='ocrx_word' id='word_1_428' title='bbox 1149 4836 1285 4901; x_wconf 87' lang='lat' dir='ltr'><strong>arborum</strong></span> <span class='ocrx_word' id='word_1_429' title='bbox 1306 4835 1465 4913; x_wconf 86' lang='lat' dir='ltr'><strong>radicibus,</strong></span> <span class='ocrx_word' id='word_1_430' title='bbox 1486 4837 1594 4900; x_wconf 80' lang='lat' dir='ltr'><strong>famem</strong></span> <span class='ocrx_word' id='word_1_431' title='bbox 1615 4833 1790 4900; x_wconf 88' lang='lat' dir='ltr'><strong>solarentur.</strong></span> 
     </span>
     <span class='ocr_line' id='line_1_42' title="bbox 273 4953 828 5051; baseline -0.011 -27"><span class='ocrx_word' id='word_1_432' title='bbox 273 4965 314 5037; x_wconf 82' lang='grc' dir='ltr'>εἰς</span> <span class='ocrx_word' id='word_1_433' title='bbox 337 4958 455 5051; x_wconf 80' lang='grc' dir='ltr'>τροφήν</span> <span class='ocrx_word' id='word_1_434' title='bbox 484 4961 596 5046; x_wconf 77' lang='grc' dir='ltr'>[λιμοῦ]</span> <span class='ocrx_word' id='word_1_435' title='bbox 622 4953 828 5046; x_wconf 81' lang='grc' dir='ltr'>παραμυθίαν.</span> 
     </span>
    </p>
   </div>
   <div class='ocr_carea' id='block_1_3' title="bbox 272 5188 1819 5363">
    <p class='ocr_par' dir='ltr' id='par_1_10' title="bbox 272 5188 1819 5363">
     <span class='ocr_line' id='line_1_43' title="bbox 307 5188 1819 5272; baseline -0.009 -18"><span class='ocrx_word' id='word_1_436' title='bbox 307 5223 333 5258; x_wconf 84' lang='lat' dir='ltr'>o.</span> <span class='ocrx_word' id='word_1_437' title='bbox 347 5200 374 5272; x_wconf 80' lang='grc'>2,</span> <span class='ocrx_word' id='word_1_438' title='bbox 388 5201 417 5265; x_wconf 74' lang='grc'>31</span> <span class='ocrx_word' id='word_1_439' title='bbox 432 5201 458 5268; x_wconf 82' lang='lat'>4,</span> <span class='ocrx_word' id='word_1_440' title='bbox 473 5197 501 5252; x_wconf 88' lang='lat'>5.</span> <span class='ocrx_word' id='word_1_441' title='bbox 515 5201 581 5254; x_wconf 80' lang='lat' dir='ltr'><strong>Vel.</strong></span> <span class='ocrx_word' id='word_1_442' title='bbox 594 5213 615 5254; x_wconf 87' lang='lat'>11</span> <span class='ocrx_word' id='word_1_443' title='bbox 633 5198 653 5253; x_wconf 82' lang='lat' dir='ltr'>f.</span> <span class='ocrx_word' id='word_1_444' title='bbox 671 5197 730 5254; x_wconf 79' lang='lat'><strong>172.</strong></span> <span class='ocrx_word' id='word_1_445' title='bbox 745 5197 787 5252; x_wconf 81' lang='lat' dir='ltr'>Cf.</span> <span class='ocrx_word' id='word_1_446' title='bbox 800 5201 864 5254; x_wconf 84' lang='lat' dir='ltr'><strong>Jun.</strong></span> <span class='ocrx_word' id='word_1_447' title='bbox 885 5193 1016 5252; x_wconf 76' lang='grc'>452-453.</span> <span class='ocrx_word' id='word_1_448' title='bbox 1074 5195 1264 5266; x_wconf 80' lang='grc' dir='ltr'>ῥέοντιιήχεῗτι</span> <span class='ocrx_word' id='word_1_449' title='bbox 1277 5188 1630 5261; x_wconf 69' lang='grc' dir='ltr'>καίκιλαρύζιι,θιιιιιῦκὶιιιθ</span> <span class='ocrx_word' id='word_1_450' title='bbox 1640 5189 1663 5242; x_wconf 80' lang='lat' dir='ltr'><strong>ei</strong></span> <span class='ocrx_word' id='word_1_451' title='bbox 1674 5188 1819 5244; x_wconf 75' lang='lat' dir='ltr'><strong>Graiorum</strong></span> 
     </span>
     <span class='ocr_line' id='line_1_44' title="bbox 272 5280 1511 5363; baseline -0.013 -15"><span class='ocrx_word' id='word_1_452' title='bbox 272 5294 327 5348; x_wconf 81' lang='lat' dir='ltr'>Vix</span> <span class='ocrx_word' id='word_1_453' title='bbox 346 5292 484 5363; x_wconf 78' lang='lat' dir='ltr'><strong>poeticam</strong></span> <span class='ocrx_word' id='word_1_454' title='bbox 504 5305 558 5343; x_wconf 92' lang='lat' dir='ltr'>non</span> <span class='ocrx_word' id='word_1_455' title='bbox 578 5290 735 5358; x_wconf 73' lang='lat' dir='ltr'><strong>gustaveris</strong></span> <span class='ocrx_word' id='word_1_456' title='bbox 752 5289 919 5362; x_wconf 79' lang='lat' dir='ltr'><strong>pericopen,</strong></span> <span class='ocrx_word' id='word_1_457' title='bbox 938 5289 1019 5342; x_wconf 79' lang='grc' dir='ltr'>ῦόιιτιι</span> <span class='ocrx_word' id='word_1_458' title='bbox 1073 5301 1122 5341; x_wconf 86' lang='lat' dir='ltr'><strong>ore</strong></span> <span class='ocrx_word' id='word_1_459' title='bbox 1142 5283 1259 5339; x_wconf 84' lang='lat' dir='ltr'><strong>rotundo</strong></span> <span class='ocrx_word' id='word_1_460' title='bbox 1278 5280 1511 5354; x_wconf 77' lang='lat' dir='ltr'><strong>pronuntiaveris.</strong></span> 
     </span>
    </p>
   </div>
   <div class='ocr_carea' id='block_1_4' title="bbox 0 0 2026 6098">
    <p class='ocr_par' dir='ltr' id='par_1_11' title="bbox 0 0 2026 6098">
     <span class='ocr_line' id='line_1_45' title="bbox 0 0 2026 6098; baseline 0 0"><span class='ocrx_word' id='word_1_461' title='bbox 0 0 2026 6098; x_wconf 95' lang='lat' dir='ltr'> </span> 
     </span>
    </p>
   </div>
  </div>
 </body>
</html>
