4038 6088
283 477 341 540 lte

326 626 365 690 Τί
391 624 539 708 βούλεται
558 622 605 687 τό·
622 616 796 700 ἐξεναντίας
819 631 882 686 τῶν
907 621 1031 707 θλιβόν-

280 753 343 794 των
365 753 404 818 με
413 755 421 808 ;
433 729 522 817 Ἔχει
537 753 570 791 τι
587 730 757 819 μυστήριον
775 727 963 818 ἀπόρρητον,
980 731 1030 794 ίνα

280 858 327 908 τις
351 836 485 923 εὔχηται
509 828 676 899 θλίβεσθαι.
692 835 824 900 Ἐπινόει
842 859 903 924 μοι,
927 837 1030 924 ὥσπερ

281 940 332 1004 ἐπί
354 949 417 1004 τῶν
442 939 569 1032 ἀγώνων
585 950 648 1004 τῶν
666 941 812 1031 μεγάλων
829 940 940 1016 ἄθλους
964 944 1031 1004 ἐπι-

283 1046 439 1137 κειμένους
470 1047 539 1112 καθ
564 1050 696 1113 ἕκαστον
729 1049 910 1139 ἀγώνισμα,
935 1050 1031 1123 οὕτως

281 1152 350 1219 καθ’
375 1153 512 1227 ἑκάστην
532 1151 645 1242 θλῒψιν·
662 1153 740 1228 ἡνίκ’
759 1153 794 1218 ἀν
813 1148 918 1218 bladon
934 1165 1031 1244 παρῇ,

280 1261 334 1324 καὶ
357 1267 389 1325 αἱ
408 1255 569 1326 θλίθουσαι
586 1245 740 1351 θυνάμεις,
757 1267 790 1325 αἱ
807 1263 1028 1351 ἀντικείμεναι,

280 1369 343 1433 νόει
367 1392 419 1457 μοι
442 1367 678 1457 ἡτοιμασμένην
702 1362 860 1458 τράπεζαν
891 1393 1032 1458 πνευμα-

280 1473 371 1547 τικὴν
396 1475 448 1538 καί
471 1474 599 1562 νοητὴν,
625 1466 676 1539 διὰ
695 1474 816 1547 ταότην
832 1473 892 1548 τὴν
917 1471 1029 1561 θλῒψιν.

281 1579 405 1656 Ὁσάκις
428 1590 502 1672 γοῦν
526 1580 578 1647 tolo
611 1575 730 1667 θλιῶῇς,
761 1580 951 1657 τοσαυτάκις
976 1582 1031 1645 καί

280 1682 422 1776 τράπεζά
445 1711 493 1751 σοι
514 1686 721 1777 παρατίθεται
736 1689 944 1776 πνευματική.
969 1687 1032 1752 Μό-

284 1817 335 1857 νον
359 1794 415 1882 έχε
438 1792 613 1882 ὀρθαλμοὺς
636 1794 707 1870 τοὺς
729 1794 901 1879 βλέποντας
916 1794 1031 1884 τραπέ-

283 1894 339 1978 ζας
363 1923 441 1988 μου,
466 1899 501 1964 ἵν’
527 1904 718 1990 εὐχαριστῶν
741 1899 838 1992 λέγης
862 1899 944 1988 μετά
973 1909 1030 1964 τοῦ

284 2007 473 2073 ἀποστόλου·
498 2011 542 2073 Οὐ
567 2008 659 2097 μόνον
680 2000 724 2085 δέ,
741 2007 824 2072 ἀλλά
839 2008 893 2072 καὶ
908 2005 1033 2096 καυχώ-

285 2139 372 2202 μενοι
395 2119 425 2180 ἑν
442 2126 511 2191 ταῖς
529 2113 674 2203 θλίψεσιν.
691 2116 741 2180 Ἐν
759 2120 867 2206 ἀρχαῖς
883 2108 917 2180 δὲ
940 2116 1033 2204 ἐφάσ-

284 2246 380 2310 κομεν
404 2224 458 2288 τόν
482 2225 517 2287 ὲκ
540 2233 699 2312 προκοπῆς
716 2224 793 2287 ὄντα
812 2233 1030 2296 κατασκηνοῦν

284 2335 325 2405 εἰς
343 2328 445 2394 ,τόπον
461 2330 571 2419 χλόης·
588 2329 653 2396 ἑπέι
669 2325 720 2395 οὖν
737 2335 752 2394 ό
769 2331 953 2420 προκόπτων
973 2330 1031 2394 κάν

284 2438 334 2501 ἐπί
348 2439 388 2502 τό
407 2439 497 2514 τέλος
521 2437 675 2528 ρθάσειεν,
700 2438 803 2504 οὐκέτι
828 2441 932 2528 μείνας
955 2439 1033 2529 πρό-

282 2537 389 2621 dureo,
406 2543 489 2608 ἀλλά
504 2545 629 2636 λογικὸς
648 2536 852 2635 ἀναδειχθεὶς,
872 2542 1030 2637 τράπεζαν

283 2649 349 2739 ἔχει
371 2655 506 2742 λογικῶν
537 2660 676 2740 τρορῶν,
699 2653 948 2741 ηὐτρεπισμένην
972 2653 1031 2718 ὑπὸ

284 2757 425 2847 Κυρίου...
441 2755 628 2830 Ἐπίστησον
645 2749 689 2835 δὲ,
708 2763 734 2822 εἰ
750 2758 805 2821 καὶ
820 2759 890 2822 ὅσον
914 2783 962 2836 τις
984 2763 1033 2824 ἐσ-

282 2863 331 2929 τίν
344 2869 375 2929 ἑν
388 2874 434 2948 τῷ
449 2867 505 2950 βίῳ
517 2866 631 2948 τούτῳ,
645 2857 683 2930 δι’
697 2865 849 2956 ἐσόπτρου
865 2865 918 2931 καί
935 2859 973 2932 δι’
988 2873 1033 2932 ott-

283 2974 433 3064 νίγματος
459 2973 590 3057 βλέπων,
607 2965 764 3062 πρόβατόν
781 2977 864 3037 ἐστιν
881 2975 940 3039 ὑπὸ
962 2999 1032 3040 ποι-

283 3077 351 3166 μένι
365 3077 528 3170 ἀγόμενον·
544 3069 686 3166 μεταθάς
698 3069 733 3141 dd
744 3076 795 3142 ἐπὶ
806 3076 860 3141 τόν
874 3078 1033 3167 μέλλοντα

281 3190 388 3262 αἰῶνα,
411 3184 574 3276 πρόσωπον
599 3183 673 3274 πρός
688 3184 853 3273 πρόσωπον
878 3180 1034 3276 προσθάλ-

281 3296 343 3356 λων
367 3301 408 3375 τῇ
446 3289 595 3374 ἀληθείᾳ,
619 3285 816 3380 πνευματικῇ
841 3286 1033 3382 προσβάλλει

281 3393 432 3488 τραπέζῃ,
451 3397 535 3462 κατά
550 3397 710 3489 τό·Κάγὼ
726 3396 862 3488 θήσομαι
882 3405 953 3489 ὑμῖν
967 3391 1034 3464 θια-

282 3504 394 3582 θήκην,
419 3504 528 3569 ἐσθίειν
545 3506 598 3569 καί
614 3507 715 3570 πίνειν
732 3506 856 3583 ἐπίσης
875 3502 1032 3598 τραπέζης

282 3623 338 3676 τοῦ
361 3613 483 3702 Πατρός
506 3617 536 3677 ἐν
561 3624 601 3699 τῇ
629 3613 770 3697 ἀληθείᾳ.
790 3613 885 3680 Ὅθεν
909 3617 963 3679 καί
984 3616 1032 3679 τό·

282 3719 469 3807 ἡτοίμασας,
493 3720 624 3808 εἴρηται,
649 3720 835 3785 ἀπεντεῢθεν
860 3720 920 3811 γάρ
944 3723 1033 3795 ητοί-

283 3845 381 3910 μασεν
406 3826 421 3885 ὁ
438 3822 515 3898 Θεὸς
533 3821 553 3888 ἀ
568 3829 584 3888 ὁ
601 3824 760 3914 ι’κρθαλμὸς
777 3830 833 3889 οὑκ
858 3818 937 3891 εἶδεν
962 3833 1031 3892 κτλ.

283 3931 344 3993 Καὶ
355 3930 403 3994 τό·
415 3930 543 3995 ἐνώπιον
557 3923 591 4010 δέ
608 3956 677 4022 μου,
694 3925 1033 4025 θηλοῒπεφανερῶσθαί

283 4062 336 4128 μοι
350 4039 405 4103 καί
419 4038 572 4130 ἐγνῶσθαί
585 4065 637 4130 μοι
653 4041 713 4115 τλν
725 4038 894 4132 τράπεζαν,
912 4037 1033 4121 ἐξεναν-

281 4148 349 4223 τίας
371 4158 434 4212 τῶν
459 4143 629 4215 θλιβόντων
654 4175 703 4240 με,
727 4157 852 4216 πολλῶν
874 4150 1030 4243 έχθρεόειν

282 4276 335 4342 μοι
351 4255 556 4343 βουλομένων.
573 4257 635 4321 Καί
651 4249 703 4324 doci
718 4258 839 4323 τοότων
860 4252 1031 4324 θλιβόντων

282 4385 322 4450 με
334 4361 521 4427 ἀνίστασθαί
531 4387 570 4452 με
587 4369 717 4456 ἰσχυρῶς
730 4366 804 4455 πρὸς
821 4367 931 4442 αιἰτοὺς
944 4371 960 4430 ὁ
973 4366 1034 4431 Κό-

284 4494 344 4560 ριος
368 4469 474 4549 θέλων,
491 4473 665 4561 ητοίμασεν
682 4472 811 4538 ένῶπιόν
836 4497 895 4562 μου
918 4475 1033 4564 τράπε-

281 4573 347 4657 ζαν,
365 4583 396 4642 ὲν
420 4575 440 4664 ᾗ
465 4580 618 4643 ἐπίκειται
635 4578 747 4669 στερεά
762 4579 873 4671 τροφὴ,
891 4584 940 4646 ίνα
957 4583 1033 4648 ταό-

281 4708 341 4761 της
357 4684 536 4761 ἀθλητικῶς
552 4684 745 4776 ἐμφορηθείς,
763 4691 946 4762 ἀντιστῆναι
961 4714 1033 4781 γεν-

282 4795 373 4870 ναίως
387 4794 461 4883 πρὸς
475 4793 548 4870 τοὺς
565 4788 728 4872 θλίβοντας
746 4787 876 4869 θυνηθῶ.
895 4797 955 4860 Καί
970 4797 1030 4889 γάρ

282 4901 335 4966 ὅτε
360 4899 484 4993 ἀγαθῶν
508 4904 638 4966 τελείων
662 4902 871 4994 τυγχάνομεν,
891 4904 1030 4993 ἰσχυροὺς

281 5008 336 5071 καί
357 5009 502 5084 πλείονας
525 5009 639 5099 ἔχομεν
663 5009 735 5085 τοὺς
757 5007 1029 5101 ἀντικειμένουςῇ

282 5131 375 5198 φησιν
399 5114 415 5172 ό
440 5111 626 5187 ἀπόστολος·
642 5110 729 5201 Θόρα
751 5111 810 5203 γάρ
826 5134 878 5199 μοι
894 5115 1029 5202 ἀνέῳγεν

283 5209 406 5302 μεγάλη
425 5212 479 5275 καί
501 5218 530 5277 ol
546 5213 753 5300 ἀντικείμενοι
775 5216 896 5278 πολλοί.
920 5253 960 5262 -
984 5208 1029 5278 ot

961 469 1153 537 ORIGENES

1126 618 1206 698 Quid
1222 617 1280 682 sibi
1294 617 1361 682 uult
1375 616 1472 682 istud:
1487 618 1631 682 Aduersus
1644 636 1691 683 eoo
1705 621 1754 702 poi
1772 623 1831 684 tri-

1086 723 1188 789 bulent
1204 727 1272 787 me?
1293 723 1374 788 Inest
1387 723 1487 787 arcani
1507 723 1620 812 aliquid
1635 725 1780 810 mysterii,
1799 734 1833 791 ut

1085 833 1150 916 quis
1162 841 1295 915 precetur
1309 830 1413 912 allligi.
1427 830 1531 912 Cogita
1546 832 1630 911 mihi,
1644 834 1832 914 quemadmo-

1085 939 1155 1004 dum
1175 939 1207 1004 in
1227 939 1343 1020 magnis
1364 938 1573 1003 certaminibus
1593 938 1716 1004 cuilibet
1737 941 1832 1022 palas·

1085 1057 1155 1111 straa
1175 1065 1228 1110 sua
1249 1047 1309 1111 sint
1329 1046 1477 1128 proposita
1493 1045 1621 1127 praemia,
1637 1049 1681 1109 sic
1694 1046 1755 1112 lieri
1771 1047 1832 1112 sin-

1085 1151 1162 1234 gulis
1176 1151 1406 1230 afflictionibus3
1424 1150 1542 1232 quando
1563 1150 1593 1215 id
1605 1153 1683 1234 quod
1698 1152 1830 1232 tribulat,

1085 1259 1170 1324 adest
1190 1278 1257 1324 oum
1277 1259 1473 1342 potestatibus
1493 1258 1672 1324 adversariis
1693 1277 1761 1343 quae
1781 1260 1832 1324 tri·

1086 1368 1199 1447 butant,
1221 1366 1376 1432 considera
1399 1365 1479 1444 mibi,
1492 1367 1553 1449 jam
1574 1385 1625 1449 per
1647 1366 1724 1432 bane
1737 1367 1831 1450 ipsam

1085 1474 1284 1553 afflictionem,
1305 1492 1438 1539 mensam
1459 1473 1578 1557 spiritus
1599 1482 1630 1538 et
1649 1474 1756 1539 mentis
1777 1490 1830 1556 pa·

1084 1580 1155 1644 rari.
1178 1579 1300 1660 Quoties
1322 1579 1413 1660 igitur
1435 1578 1595 1658 tribuleris,
1617 1579 1704 1644 toties
1724 1587 1754 1644 et
1775 1579 1829 1642 tibi

1085 1687 1227 1770 spiritalis
1247 1704 1347 1752 mensa
1369 1695 1497 1768 pumtur.
1522 1687 1579 1752 Fac
1597 1694 1711 1751 tantum
1731 1688 1831 1752 oculos

1086 1793 1208 1875 babeas,
1230 1794 1280 1877 qui
1301 1811 1419 1859 mensas
1440 1810 1519 1858 meas
1539 1793 1695 1874 aspiciant,
1711 1803 1746 1858 ut
1765 1813 1833 1875 gra·

1086 1903 1143 1966 tias
1158 1919 1261 1981 agens,
1273 1900 1354 1965 dions
1369 1918 1435 1965 cum
1450 1901 1607 1982 Apostolo:
1626 1924 1640 1962 ι
1653 1900 1719 1964 Non
1734 1900 1828 1966 solum

1085 2019 1194 2089 autem,
1211 2007 1263 2072 sed
1283 2016 1314 2072 et
1328 2007 1488 2090 gloriamur
1508 2009 1537 2070 iu
1558 2006 1829 2072 tribulationibus.»

1086 2118 1131 2183 lb
1153 2116 1238 2182 initio
1259 2115 1429 2181 dicebamus
1444 2133 1510 2180 eum
1524 2115 1574 2197 qui
1595 2115 1725 2197 prolicit,
1748 2113 1833 2178 babi-

1087 2232 1149 2288 tare
1163 2225 1193 2286 r'n
1208 2222 1267 2286 loco
1282 2239 1419 2305 pascuus.
1437 2221 1494 2286 Sed
1508 2239 1574 2286 cum
1595 2221 1685 2304 isqui
1706 2220 1830 2304 proficit,

1086 2330 1123 2394 ad
1137 2331 1295 2412 perlectum
1311 2329 1400 2393 linem
1413 2328 1540 2407 venerit,
1551 2337 1611 2392 tum
1623 2329 1684 2411 jam
1698 2345 1757 2392 non
1768 2344 1831 2392 am-

1087 2435 1164 2518 plius
1174 2435 1240 2500 oris
1253 2454 1386 2514 manens,
1402 2435 1454 2500 sed
1464 2435 1584 2518 spiritus
1594 2435 1714 2500 omnino
1726 2434 1828 2516 laetus,

1087 2560 1218 2607 mensam
1234 2540 1575 2624 spiritaliumepulorum
1595 2541 1721 2617 obtinet,
1736 2555 1753 2602 a
1766 2539 1830 2604 Do-

1087 2649 1166 2714 mine
1177 2657 1409 2731 praeparatum...
1423 2646 1503 2712 Scito
1514 2657 1611 2712 autem
1622 2646 1714 2711 illud:
1729 2663 1830 2729 quam·

1086 2759 1137 2824 diu
1158 2757 1266 2836 aliquis
1287 2757 1317 2821 in
1338 2755 1394 2820 bec
1414 2754 1475 2820 nita
1496 2764 1551 2829 est,
1566 2773 1619 2837 per
1631 2753 1783 2836 speculum
1800 2761 1831 2820 et

1087 2864 1215 2946 aenigma
1231 2863 1347 2941 videns,
1363 2862 1431 2927 oris
1444 2870 1489 2925 est
1502 2879 1567 2944 quae
1581 2863 1636 2926 sub
1651 2869 1768 2944 pastore
1788 2879 1833 2926 re·

1087 2971 1186 3052 gitur:
1203 2969 1366 3034 translatus
1380 2977 1477 3033 autem
1492 2967 1524 3030 in
1540 2968 1668 3032 luterum
1681 2966 1829 3045 seculum,

1086 3079 1192 3144 taciem
1214 3076 1252 3142 ad
1271 3075 1375 3140 laeiem
1396 3075 1558 3140 admovens
1577 3074 1758 3153 inveritate,
1774 3073 1834 3156 spi·

1087 3187 1165 3252 ritali
1186 3203 1297 3252 mensa
1310 3185 1469 3264 accumbit,
1482 3185 1566 3267 juxta
1578 3183 1669 3248 illud:
1692 3183 1756 3247 ulit
1776 3197 1833 3262 ego

1087 3292 1239 3374 disponam
1260 3290 1347 3356 vobis
1369 3287 1479 3371 loedus,
1502 3299 1535 3355 ut
1557 3289 1653 3356 edatis
1674 3297 1703 3354 et
1723 3287 1832 3353 bibatis

1087 3415 1175 3480 super
1195 3413 1327 3463 mansam
1347 3396 1445 3462 Patris
1465 3397 1496 3460 in
1516 3397 1673 3462 ueritate.»
1697 3395 1782 3461 Unde
1801 3402 1835 3458 et

1089 3503 1168 3569 istud
1178 3505 1287 3569 dictum
1299 3511 1355 3568 est:
1373 3503 1507 3578 Porusti,·
1517 3503 1623 3568 exinde
1636 3501 1715 3567 enim
1728 3500 1833 3565 «Deus

1086 3610 1362 3694 praeparavitque
1383 3610 1483 3674 oeulos
1504 3628 1564 3675 non
1584 3606 1834 3674 villescoblen

1086 3717 1192 3782 etiam:
1216 3717 1248 3780 io
1261 3722 1410 3800 conspecto
1427 3735 1499 3796 meo,
1516 3716 1666 3798 significat
1686 3724 1832 3779 ostensam

1086 3823 1159 3888 mibi
1174 3832 1204 3888 et
1218 3834 1394 3907 compertam
1409 3824 1481 3888 mibi
1494 3839 1624 3887 mensam
1638 3840 1712 3901 esse,
1729 3841 1766 3886 ec
1781 3821 1833 3885 cal·

1086 3950 1165 3995 cerm
1186 3949 1283 3995 eoram
1304 3932 1355 4016 poi
1376 3930 1518 3995 tribulant
1537 3949 1597 4009 ιιιι,
1619 3929 1702 3993 multi
1719 3928 1834 4012 quippe

1086 4047 1168 4118 sunt,
1191 4037 1241 4121 qui
1263 4038 1333 4102 mibi
1363 4037 1461 4102 infesti
1482 4054 1548 4102 esse
1567 4035 1682 4100 volunt.
1705 4033 1743 4098 lit
1767 4051 1834 4097 eum

1086 4156 1203 4230 propter
1224 4165 1274 4212 eos
1294 4145 1345 4228 qui
1366 4145 1503 4228 affligunt
1521 4143 1668 4226 mavelit
1688 4143 1831 4208 Dominus

1086 4253 1186 4319 valide
1206 4270 1254 4317 me
1267 4254 1411 4319 adversus
1425 4271 1476 4318 eos
1490 4253 1655 4333 insurgere,
1671 4251 1789 4335 peracit
1802 4249 1833 4313 io

1085 4367 1234 4443 conspeetu
1253 4379 1314 4424 oceo
1335 4379 1474 4440 mensem,
1493 4360 1524 4425 in
1544 4375 1601 4442 qua
1623 4357 1752 4424 solidum
1773 4373 1831 4438 ap-

1084 4468 1203 4553 ponitur
1216 4466 1346 4551 epulum,
1362 4483 1420 4548 quo
1435 4465 1608 4531 athletarum
1622 4482 1702 4529 more
1715 4473 1830 4546 pastus,

1084 4575 1198 4640 fortiter
1218 4573 1354 4639 resistere
1374 4572 1490 4638 valeam
1506 4571 1642 4636 σόοαιιιι
1656 4587 1702 4635 ecs
1716 4574 1767 4653 put
1781 4569 1832 4634 tri-

1084 4682 1183 4748 bulent
1200 4701 1253 4744 ore.
1276 4681 1395 4747 Etenim
1415 4681 1516 4746 stetim
1529 4689 1562 4744 nt
1576 4679 1718 4744 bonorum
1738 4677 1832 4762 perle-

1084 4797 1198 4853 ctorum
1211 4787 1295 4871 copia
1310 4789 1450 4866 truamur,
1467 4787 1570 4852 robore
1583 4797 1613 4852 et
1627 4803 1747 4851 numero
1761 4803 1828 4867 gra-

1084 4895 1183 4959 viores
1194 4893 1321 4977 patimur
1335 4893 1480 4975 inimicos,
1496 4891 1620 4976 perinde
1634 4891 1724 4957 babet
1736 4894 1831 4974 Apos-

1086 5001 1175 5066 tolus:
1195 5002 1337 5066 u0stium
1357 5002 1434 5066 enim
1450 5001 1522 5066 mibi
1536 5019 1676 5084 magnum
1697 5009 1831 5084 apertum

1084 5116 1146 5186 est,
1168 5117 1199 5173 et
1218 5108 1381 5173 adversarii
1403 5106 1500 5173 multi.
1519 5131 1533 5168 o
1555 5145 1596 5155 -
1616 5107 1706 5191 anrus
1732 5115 1830 5172 autem

1082 5221 1170 5294 caput
1190 5211 1253 5278 oleo
1273 5229 1291 5276 a
1311 5208 1435 5278 Domino
1457 5211 1659 5294 inpinguatur,
1683 5209 1708 5273 is
1728 5210 1826 5275 dicet:
