3978 6086
879 520 1049 587 SANCTUS
1066 518 1242 588 lllENAEUS

1036 792 1084 866 ΙΙ.

314 998 375 1056 Τοῦ
399 990 488 1082 ἁγίου
512 989 674 1079 Εἰρηναίοο
699 987 867 1054 ἐπισκόπου
891 979 1088 1078 Λοογδοίινων
1113 987 1165 1052 eccl
1189 986 1330 1077 μαθητοῦ
1353 998 1409 1054 τοῦ
1434 991 1521 1081 ἁγίου
1546 989 1687 1056 Ἰωάννου
1704 988 1728 1077 ¹)
1752 1000 1809 1056 τοῦ

388 1096 566 1164 ἀποστόλου
590 1095 644 1162 καί
667 1100 904 1188 εὐαγγελιστοῦ,
928 1097 963 1158 ἐκ
985 1104 1040 1158 τοῦ
1055 1094 1081 1182 ²)
1105 1094 1179 1183 πρὸς
1202 1096 1381 1186 Δημήτριον
1406 1087 1547 1162 διάκονον
1563 1094 1585 1176 ⁸)
1609 1097 1732 1173 Βιαίνης

864 1201 935 1292 περί
957 1202 1092 1277 πίστεως
1105 1199 1128 1280 ⁴t
1148 1200 1253 1293 λόγου.

376 1357 411 1424 S.
428 1357 553 1437 irenem,
574 1355 800 1441 tupduocosiom
820 1358 947 1440 episcopi
965 1362 993 1420 et
1010 1354 1144 1438 discipuli
1166 1355 1200 1420 S.
1223 1356 1344 1421 torono
1364 1357 1491 1441 apostoli
1509 1364 1536 1421 et
1555 1357 1752 1442 occupetietoe,

620 1484 656 1528 ec
676 1484 759 1548 opere
781 1462 824 1528 lte
845 1463 927 1539 Fido,
945 1463 985 1526 od
1000 1461 1174 1527 Demetrium
1199 1461 1321 1528 Vc'errooc
1341 1463 1501 1530 diocorum.

332 1652 370 1721 α’.
393 1654 468 1746 Περὶ
489 1655 622 1730 πίστεως
645 1653 747 1745 λόγος,
770 1646 841 1727 oti
866 1651 961 1743 ἀρχή·
978 1659 1039 1725 Ζη-
1135 1652 1165 1714 1.
1189 1650 1269 1734 Opus
1288 1655 1323 1714 dc
1348 1649 1406 1733 fide
1430 1653 1550 1736 incipit:
1569 1651 1711 1732 Querens
1731 1651 1836 1734 Deum

289 1771 352 1827 τῶν
368 1762 423 1828 τὸν
440 1760 530 1848 Θεὸν,
547 1759 641 1825 ἄκουε
655 1770 711 1825 τοῦ
726 1749 823 1824 Aeoli
837 1758 1040 1850 λέγοντος...5)
1095 1757 1164 1824 nudi
1185 1758 1284 1824 David
1303 1759 1487 1825 dicentem...

333 1860 370 1954 β’.
383 1867 531 1958 'Aucupor
555 1865 597 1932 ὢν
627 1871 643 1930 ὁ
667 1867 746 1943 Θεὸς
775 1866 828 1932 καί
850 1856 1037 1957 δημιουργὸς
1136 1867 1166 1928 2.
1188 1864 1350 1932 lmmeneus
1362 1865 1403 1930 sit
1416 1883 1507 1949 quum
1520 1865 1609 1943 Dens,
1623 1873 1654 1931 et
1669 1875 1793 1948 creator,
1809 1877 1838 1932 et

288 1976 342 2044 κοί
364 1973 600 2065 παντοκράτωρ,
625 1974 741 2063 ἀπείρῳ
757 1972 810 2038 eet
830 1962 1035 2063 δηρισυργοιῇ
1089 1970 1282 2053 omnipotens,
1302 1989 1369 2036 cum
1391 1971 1544 2038 voluntate
1558 1972 1700 2039 immense
1712 1981 1743 2039 et
1756 1991 1849 2039 creo·

287 2083 341 2148 eal
362 2091 634 2172 παντοκρατοριιιῇ
660 2078 799 2170 θελήσει,
822 2078 876 2145 καί
899 2079 1038 2170 ἐνεργείᾳ
1092 2077 1165 2142 trice
1175 2086 1205 2143 et
1217 2077 1425 2162 omnipotente,
1438 2093 1474 2143 no
1487 2095 1563 2146 nora
1577 2079 1757 2162 operatione,
1773 2097 1839 2163 pro-

287 2197 395 2275 κοινῇ,
420 2178 645 2278 δημιουργεῑθ)
670 2185 743 2275 πρὸς
773 2183 891 2276 γένεσιν
922 2177 955 2262 ἐξ
981 2187 1037 2249 οὐκ
1091 2183 1836 2253 duoitudortomexnihilototumrerumiaotnrutn

286 2296 383 2362 ὄντων
400 2294 438 2360 τὺ
451 2303 512 2359 πᾶν
524 2292 682 2382 πλήρωμα
696 2299 760 2356 τῶν
775 2299 949 2382 γεννητῶν,
966 2291 1037 2356 ὅσον
1091 2291 1315 2374 plenitudinem,
1334 2301 1478 2377 quotquot
1496 2293 1640 2377 aspecturi
1661 2302 1787 2376 possunt
1806 2303 1838 2359 et

288 2403 422 2493 ἀόρατον
438 2399 493 2466 καί
509 2400 580 2464 ὅσον
592 2396 757 2488 ὁρώμενον,
770 2397 824 2462 καί
840 2397 970 2486 συνέχει,
985 2398 1038 2463 καί
1090 2407 1234 2482 quotquot
1247 2401 1329 2466 cerni
1344 2409 1501 2483 nequeunt,
1515 2419 1551 2466 eo
1564 2399 1680 2482 singula
1696 2401 1837 2483 continet,

289 2499 425 2600 διεξίγει
438 2505 512 2596 πρὸς
523 2504 561 2570 τὸ
574 2507 686 2568 οίιιιῒον
699 2503 818 2568 ἔκαστοι
829 2501 929 2589 τέλος,
942 2495 1039 2593 ἐφ’ᾧ-
1090 2521 1184 2590 etque
1195 2505 1233 2571 ad
1243 2509 1393 2590 proprium
1403 2523 1530 2590 qumque
1539 2524 1625 2571 suum
1635 2505 1722 2572 finem
1734 2508 1840 2591 perdu-

288 2635 346 2705 περ
370 2611 484 2684 ἀνίστη
509 2633 547 2674 τε
575 2607 773 2701 καίιγέγονε,
798 2598 907 2697 putto
930 2605 1037 2698 τρόπῳ
1090 2613 1141 2694 eit,
1157 2621 1275 2697 propter
1288 2611 1515 2695 qoemoxeioou
1528 2624 1559 2679 et
1574 2613 1651 2678 Acte
1665 2614 1837 2693 eontentio

288 2720 363 2812 πρὸς
386 2716 489 2809 ἕτερον
520 2738 557 2780 τε
580 2713 634 2780 καί
660 2713 731 2804 παρ’
756 2714 830 2803 ὅπερ
854 2713 921 2778 ἐστί
950 2711 1038 2802 poue
1090 2715 1176 2784 modo
1191 2716 1432 2783 adoliumliuem
1447 2717 1617 2802 quemlibet,
1632 2727 1739 2801 praeter
1755 2718 1837 2784 illum

290 2823 563 2916 μεταποιούμενον.
573 2813 667 2888 Ἴδιον
682 2821 742 2914 γὰρ
754 2821 778 2902 7)
792 2821 944 2913 ἐνεργείας
956 2824 1037 2885 Θεοῦ
1091 2822 1141 2905 qui
1151 2843 1189 2889 ex
1199 2832 1303 2889 notum
1315 2823 1463 2907 competit,
1477 2823 1709 2890 transmutanda.
1722 2822 1796 2889 Nam
1809 2825 1839 2889 id

288 2936 327 3002 τὸ
352 2933 394 3024 μὴ
429 2931 520 3022 μόνον
544 2930 593 2997 ἐπ’
615 2930 740 3022 ἄπειρον
764 2927 935 3005 αἰσθήσεως
966 2927 1039 2993 ἐπί·
1091 2931 1240 3014 proprium
1254 2939 1301 2996 est
1313 2930 1494 3013 operationis
1507 2931 1575 3010 Dei,
1591 2940 1624 2997 ut
1637 2931 1667 2996 iu
1689 2931 1837 2998 inlinitum

325 3127 358 3182 Π·
379 3128 476 3184 Goece
493 3127 608 3181 euml
624 3127 653 3179 in
667 3125 756 3180 Μ’·
767 3123 822 3179 ⁸5⁴
840 3124 863 3180 f·
879 3121 1039 3190 ¹³421ffl110
1091 3133 1214 3187 trenaeue
1233 3133 1304 3199 erat3
1326 3134 1355 3184 et
1372 3145 1446 3201 qum,
1468 3146 1549 3201 rogo,
1568 3129 1671 3201 potiori
1686 3133 1752 3202 jure
1768 3145 1839 3202 apo-

288 3221 407 3286 tantum,
426 3219 459 3271 ut
482 3215 556 3283 dtai,
578 3213 762 3268 Feumdentio
780 3215 952 3285 interprete,
966 3209 1037 3282 epod
1068 3235 1071 3241 ·
1091 3218 1227 3274 stolonum
1240 3218 1351 3272 nomine
1362 3217 1529 3290 superbivit,
1549 3233 1632 3289 quam
1651 3222 1729 3272 retus
1742 3217 1842 3274 schola

289 3307 342 3364 ΒΒ.
360 3323 390 3378 ρ.
411 3303 475 3374 ³423
503 3304 609 3360 Putrol.
628 3307 652 3358 t·
670 3315 722 3370 tm,
744 3299 824 3372 ῙῖῊ,
850 3302 1039 3372 tinnierit-1¹
1092 3309 1150 3363 sire
1169 3306 1289 3364 ecclesie
1312 3307 1426 3380 Asiane,
1452 3322 1534 3379 qnam
1559 3307 1679 3361 ioannes
1704 3307 1839 3378 condidit,

288 3412 314 3466 p.
332 3393 398 3450 tto.
413 3395 462 3450 Ait
480 3393 672 3464 interpretes
690 3387 779 3446 inisse
797 3391 887 3446 sior«
901 3405 919 3448 a
935 3391 966 3446 D.
978 3392 1038 3445 Na·
1091 3413 1174 3469 quem
1186 3394 1290 3451 Paulus
1307 3395 1444 3464 instituit,
1457 3410 1539 3466 quam
1559 3395 1636 3449 rexit
1653 3393 1839 3468 Polycarpus,

288 3481 338 3540 tali
357 3483 459 3550 Fahrc,
473 3479 595 3553 innigrata
613 3481 728 3552 pietatm
741 3485 769 3534 et
787 3479 953 3534 eruditionis
966 3479 1037 3545 rino,
1091 3485 1189 3539 Irenmi
1208 3469 1353 3555 magister,
1373 3499 1454 3554 quam
1481 3483 1602 3539 trenceum
1621 3487 1677 3538 tam
1696 3481 1842 3554 eleganter

289 3569 445 3625 liberaliter
455 3583 596 3638 οοοοοοιις
607 3569 685 3624 νΒΒ.
697 3565 802 3640 pult,
813 3568 880 3638 quin
891 3566 1039 3622 umenul-
1093 3571 1242 3643 descripsit
1260 3571 1290 3624 in
1308 3585 1393 3625 auree
1411 3569 1598 3626 edFlorinum
1617 3569 1756 3641 epistolat

288 3659 346 3714 lum
360 3659 467 3713 iontem
486 3658 643 3712 codicemre
664 3661 771 3712 certum
790 3657 944 3727 significet.
957 3657 1039 3712 Mau-
1138 3657 1163 3724 2)
1183 3660 1210 3712 ia
1229 3663 1273 3720 τῆς
1292 3659 1364 3715 male
1383 3659 1443 3716 cod.
1461 3661 1488 3712 te
1502 3660 1681 3732 τῶν...λο’γον
1700 3659 1840 3716 Maximus

290 3747 361 3805 riuis
380 3747 491 3819 quidem
510 3761 561 3799 nec
579 3743 724 3800 silentium
752 3743 860 3816 placuit
880 3745 1001 3811 (Dissert
1019 3761 1039 3800 ιι
1091 3749 1121 3800 in
1139 3748 1232 3802 Vetto.
1251 3745 1305 3801 504
1323 3748 1346 3802 i.
1365 3745 1435 3815 471,
1455 3765 1487 3804 ec
1512 3751 1536 3802 si
1555 3746 1651 3820 plures
1676 3747 1841 3804 extitissent

290 3841 344 3890 ert.
356 3833 375 3886 3
388 3851 417 3890 n.
429 3831 466 3888 50
478 3851 505 3905 p.
518 3837 576 3903 or),
590 3849 679 3904 neque
699 3837 791 3887 mmen
809 3833 929 3902 contigit
944 3849 1039 3904 greca
1091 3836 1190 3890 imnei
1211 3840 1347 3890 tractetur
1366 3836 1400 3890 ad
1419 3837 1600 3892 Demetrium.

292 3924 427 3996 reperire,
441 3922 568 3994 quemvis
585 3921 649 3976 sine
660 3921 744 3978 dubio
756 3925 861 3994 proesto
874 3920 933 3975 illis
946 3929 1041 3977 essent
1141 3925 1165 3991 ³)
1185 3929 1304 3978 διάκονον.
1319 3926 1486 3993 Demetrius,
1499 3926 1659 3998 nescioquo
1675 3926 1733 3980 sire
1746 3927 1840 3997 Fabri,

292 4013 320 4066 in
346 4011 440 4067 codiee
467 4009 635 4078 parisiensi,
664 4007 858 4079 miscellaneo,
887 4009 1039 4081 multisque
1091 4015 1339 4070 eireFeuerdeutii
1357 4013 1449 4086 lapsu,
1465 4013 1571 4072 abillis
1589 4015 1717 4070 semelet
1735 4015 1837 4070 iterum

291 4102 374 4154 rebus
401 4098 540 4166 contecto,
561 4097 610 4169 qui
634 4094 730 4152 oculos
757 4098 892 4152 hactenus
914 4101 1038 4153 omnium
1091 4103 1195 4160 dicitur
1213 4105 1359 4174 eracapere,

290 4189 376 4262 fugit.
396 4189 479 4250 Fabri
498 4188 622 4244 codicem
639 4203 701 4242 esee
721 4187 782 4244 ideo
803 4187 941 4259 suspicor,
965 4185 1039 4259 qood
1140 4191 1164 4258 4)
1184 4197 1239 4264 περὶ
1259 4195 1367 4253 πίστιος
1386 4191 1475 4248 ettere
1499 4193 1657 4247 temeritate
1681 4191 1842 4248 Feuardeo-

292 4277 347 4334 duo
365 4278 505 4350 pericope
532 4293 567 4331 ex
590 4276 686 4332 eodem
705 4275 830 4332 Maximo
847 4277 987 4347 receptae,
1004 4291 1040 4328 ex
1092 4282 1149 4336 tius
1167 4285 1254 4336 vertit
1265 4283 1300 4337 de
1311 4286 1387 4354 ι’ρηι,
1398 4282 1476 4353 quasi
1490 4281 1607 4352 legisset
1619 4284 1675 4352 cept
1689 4283 1767 4352 copi<
1783 4282 1843 4336 ine-

289 4367 387 4423 ordine
406 4367 452 4422 hic
472 4365 615 4438 leguntur,
634 4371 666 4421 ut
683 4368 712 4420 in
732 4365 817 4420 editis
834 4367 955 4434 nostris,
975 4367 1038 4436 qui·
1092 4343 1413 4441 pti-sinemurensem,
1430 4368 1478 4424 sed
1497 4369 1530 4423 de
1550 4367 1664 4424 sublimi
1676 4367 1842 4442 Theologie,

288 4456 403 4510 boscum
420 4457 460 4512 ct.
479 4456 581 4526 trogum
602 4455 627 4510 V
645 4455 755 4511 Patrct.
773 4453 830 4509 col.
852 4450 931 4510 leue.
1092 4450 1182 4515 inisse
1200 4462 1290 4515 cretio
1301 4458 1422 4514 ridetur.

337 4544 360 4610 1)
379 4545 506 4601 Ἰωάννου.
518 4545 565 4601 Sic
584 4543 733 4613 Msximus,
747 4544 788 4598 sic
804 4546 882 4598 retus
900 4543 1040 4614 interpres
1141 4545 1165 4610 ⁵)
1184 4547 1297 4617 Septem
1309 4544 1394 4616 hujus
1412 4543 1488 4598 initii
1499 4544 1584 4597 verbe
1601 4541 1693 4599 locum
1711 4543 1842 4616 singule·

289 4637 427 4691 Armenes
439 4635 469 4688 in
481 4633 583 4704 Sptcc't.
597 4649 618 4702 1,
631 4647 660 4704 p.
674 4630 703 4702 ὅς
723 4633 764 4686 εἰσ
782 4634 872 4705 Syrus
891 4631 957 4686 ibid.
977 4649 1004 4703 p.
1022 4629 1040 4685 3
1093 4652 1152 4690 rem
1165 4635 1239 4690 inter
1250 4634 1348 4688 irenei
1365 4635 1566 4703 ἀποσπασμάτιο
1579 4636 1731 4701 merentur,
1741 4633 1842 4704 quibus

288 4729 317 4779 et
335 4721 404 4794 433,
422 4728 452 4779 et
463 4724 492 4777 in
506 4723 609 4796 fragm.
629 4739 667 4778 xv
688 4723 838 4795 (Harreylz
852 4723 898 4780 Ειο
910 4723 1039 4791 lemaro,
1092 4721 1228 4779 fortassee
1239 4719 1470 4794 preeluoentibus,
1489 4720 1622 4776 emissum
1640 4735 1710 4792 opus
1729 4719 1769 4773 sit
1785 4717 1842 4772 ali·

291 4817 342 4885 qui
363 4817 514 4883 promimus
538 4809 600 4882 ficit
629 4813 778 4882 Apostolis,
802 4826 836 4865 ac
860 4810 992 4865 disertius
1010 4809 1039 4865 in
1093 4813 1156 4867 cubi
1175 4809 1382 4883 reperiendum.

294 4905 398 4974 irngm.
419 4918 507 4956 xxvii:
537 4903 583 4958 Ero
610 4901 737 4968 irenaeo,
766 4905 891 4972 episcopo
916 4901 1040 4972 Lupdu-
1142 4899 1166 4964 θ)
1186 4901 1369 4972 δημιουργικῶς
1389 4897 1448 4954 cod.
1461 4914 1579 4971 proquo
1597 4895 1727 4952 adverbio
1745 4895 1841 4967 requi·

293 4993 389 5060 oenet,
408 4990 558 5061 coaequati
577 4989 728 5061 Polycarps'
739 4991 937 5060 Apostolorum
954 4990 1041 5045 diect-
1093 4990 1166 5043 uitur
1186 4986 1272 5042 dictio
1298 4990 1405 5055 activa,
1431 5004 1465 5041 ne
1488 4985 1606 5058 pendeat
1629 4987 1688 5038 tota
1712 4982 1843 5055 periodus

292 5079 365 5151 puli,
385 5083 437 5136 etc.
456 5079 512 5134 Nec
533 5077 612 5134 rideo
637 5095 698 5146 our,
718 5077 833 5150 perinde
858 5093 891 5132 ac
910 5077 1039 5146 omniuo,
1094 5093 1180 5149 usque
1198 5076 1232 5131 cd
1252 5076 1469 5148 ριταποιούρινον.

294 5173 439 5242 tantopere
451 5169 573 5224 Maurici
587 5169 733 5238 mirentur,
743 5167 879 5223 Irenaeum
891 5164 945 5222 dici
956 5167 1040 5222 loen·
1143 5165 1166 5232 7)
1187 5165 1246 5217 tocco
1265 5167 1323 5237 γάρ.
1344 5166 1447 5235 Aperte
1465 5178 1536 5218 nors
1551 5161 1638 5216 serice
1651 5161 1694 5230 oo,
1707 5166 1844 5232 aptusque

293 5260 337 5314 nie
356 5265 385 5314 et
402 5257 601 5329 Apostolorum
628 5239 776 5312 asseclam.
798 5254 976 5328 Apostolicus
999 5257 1040 5311 vir
1078 5254 1127 5308 ad
1146 5252 1280 5308 ulteriore
1299 5252 1445 5307 transitus.
