3978 6086
333 530 392 593 tra
907 527 1085 594 *SANCTUS
1106 527 1292 594 ananelus

371 678 407 745 ln
429 677 486 746 boe
506 679 719 765 epigrammate
739 677 921 745 restituendo
940 678 1034 763 prima
1054 676 1191 746 habenda
1212 678 1258 744 lex
1277 687 1336 760 est,
1358 687 1391 746 nt
1410 695 1498 762 quam
1517 680 1652 764 proxime
1669 682 1708 748 ad
1728 685 1801 750 deta
1821 701 1880 748 sn-

332 785 467 869 periora,
489 784 627 869 quamuis
647 784 841 868 interpolata,
863 786 1055 854 accedamus:
1077 785 1157 852 unde
1176 786 1264 852 mima
1285 786 1349 852 lieri
1376 788 1506 872 oportuit
1530 805 1598 873 quaa
1617 789 1687 854 olim
1708 791 1756 857 uir
1775 790 1881 856 doetus

332 891 483 957 elaborate
502 890 635 974 sculpsit,
649 890 699 972 qni
715 901 821 974 prater
834 893 918 976 plura
932 910 968 960 ar
984 893 1107 959 arbitrio
1121 891 1253 970 inducta,
1268 893 1399 977 quinqm
1416 911 1522 960 versus
1541 895 1677 977 resecuit,
1692 896 1885 980 negleximus

332 1015 452 1082 pmrsus
471 999 546 1065 deta
566 1008 597 1064 et
616 997 731 1064 oadiees
751 1017 823 1064 mss.
839 1000 945 1065 Totum
958 999 1079 1084 quidem
1093 1017 1168 1086 opus
1180 1000 1285 1066 iterum
1299 998 1397 1066 inendi
1410 1000 1552 1084 reddidit,
1568 1001 1621 1068 sed
1641 1004 1673 1067 in
1688 1020 1754 1069 raro
1767 1002 1878 1083 libello,

332 1121 419 1188 quem
438 1104 547 1170 trustra
569 1103 601 1169 in
620 1101 677 1169 hoo
698 1104 826 1170 tnmnltu
846 1121 966 1194 romano
985 1105 1159 1190 perquisivi.
1175 1106 1197 1188 ¹]
1219 1106 1319 1173 Altera
1339 1105 1456 1187 ler'est,
1472 1125 1510 1176 na
1530 1107 1653 1173 nimium
1673 1107 1749 1173 ratio
1761 1109 1884 1175 metriea

324 1211 476 1296 patiam,
492 1211 684 1296 quantumvis
698 1200 790 1278 multa
804 1212 899 1295 poetis
909 1222 940 1277 et
953 1212 1160 1296 quadratariis,
1176 1212 1301 1280 maxime
1316 1213 1347 1280 in
1361 1211 1442 1279 hisae
1455 1211 1549 1280 titulis
1563 1212 1748 1294 tumulorum,
1764 1214 1885 1297 permit-

334 1324 443 1382 tantur.
459 1317 604 1383 Caeterum
616 1333 719 1400 aquus
734 1316 886 1401 mnusque
901 1317 991 1384 lector
1004 1326 1091 1384 eaule
1105 1315 1156 1382 illa
1166 1318 1324 1402 expendat,
1336 1318 1617 1402 quaepigrammati
1629 1319 1731 1385 subdit
1740 1319 1884 1386 candidus

330 1422 448 1490 dheroii
462 1423 660 1509 biographus:
683 1424 732 1491 nd
756 1426 810 1517 μὲν
835 1417 869 1492 δὲ
891 1436 946 1492 τοῦ
970 1423 1206 1517 ἐπιγράμματος
1229 1416 1290 1490 dal
1312 1449 1376 1503 πως
1399 1426 1450 1492 ἐπὶ
1471 1419 1583 1505 λέξεως
1606 1420 1699 1517 εἶχεν,
1722 1428 1772 1492 ὅτι
1796 1425 1838 1516 μὴ
1865 1432 1883 1491 ὁ

330 1531 438 1623 χρόνος
462 1535 571 1621 alpaide
593 1529 666 1598 κατ’
684 1531 790 1624 ὀλίγον
805 1541 865 1608 τῆς
881 1523 1047 1621 baptistae,
1062 1529 1116 1596 real
1131 1530 1360 1623 ἡμαρτημένως
1375 1531 1458 1621 ἔχαιν
1473 1529 1533 1606 τὴν
1548 1531 1671 1624 γραφὴν
1687 1532 1882 1624 παρεσκεύα-

331 1662 393 1704 σεν.
421 1635 605 1719 ιΙιιιοιίρῑίο
625 1636 744 1721 quidem
763 1635 826 1702 illie
844 1635 889 1701 sio
910 1635 968 1700 lere
988 1653 1021 1700 se
1040 1635 1138 1718 quoad
1160 1636 1318 1704 dictionem
1339 1636 1484 1719 habebnt,
1506 1637 1563 1702 arsi
1582 1637 1658 1720 qued
1676 1644 1783 1718 tarpeis
1800 1655 1883 1724 pua-

333 1743 423 1808 tunm
442 1744 604 1828 anapaesta·
623 1744 760 1824 ιὶιιιοοίι,
781 1748 809 1808 et
825 1743 964 1828 seriptum
983 1743 1116 1808 sitiamus
1136 1741 1298 1810 reddidit.»

370 1867 402 1915 ν.
433 1849 463 1914 1.
494 1843 575 1918 Τόδε
606 1845 667 1933 ζῶν
695 1849 869 1916 Halloirius.
893 1844 970 1919 τόδε
1001 1851 1086 1942 σῆμ’.
1110 1849 1231 1918 Becker.
1259 1887 1298 1900 -
1325 1852 1432 1919 llsluit
1456 1851 1612 1918 Dnbnerns
1635 1844 1710 1918 τόδε
1740 1852 1882 1946 γράμμα,

330 1955 412 2042 quod
433 1957 567 2023 nonnulli
589 1957 691 2024 durius
710 1958 875 2042 reppulisse
894 1956 1043 2024 ridentur.
1060 1956 1117 2023 Sed
1132 1957 1216 2042 parri
1239 1958 1336 2024 relart.
1362 1957 1397 2024 lu
1412 1957 1506 2024 variis
1520 1958 1691 2024 nominibus
1704 1975 1772 2042 quaa
1785 1959 1883 2024 Julius

330 2063 434 2132 Pollux
450 2082 502 2148 pro
516 2065 613 2158 πάρος
626 2065 758 2145 adducit,
774 2065 901 2150 primum
914 2074 959 2131 est
973 2077 1091 2156 μνῆμα.
1114 2062 1277 2130 biterrim:
1293 2064 1388 2158 Ἐρεῖς
1411 2058 1440 2134 δ’
1456 2061 1508 2133 οὖν
1531 2068 1637 2158 τάφος,
1662 2079 1779 2158 μνῆμα,
1803 2091 1883 2158 μνη-

332 2183 436 2263 μεῖον,
461 2174 668 2265 μνημόσυνον,
691 2175 787 2266 ἠρίον,
810 2173 919 2250 θῆκαν.
939 2171 1018 2237 Dato
1037 2179 1136 2237 anam
1155 2171 1344 2252 consiliose
1371 2173 1456 2238 ιὲοιιιι
1482 2181 1568 2239 uates
1589 2174 1751 2258 profitetur,
1773 2183 1803 2241 et
1828 2174 1883 2239 in-

333 2278 422 2366 clytae
442 2279 539 2346 aivam
559 2281 654 2360 urbis,
677 2289 740 2346 tum
761 2289 795 2346 nt
812 2279 867 2347 sibi
882 2279 963 2362 leges
975 2278 1109 2346 vindieat
1121 2296 1189 2364 qua
1202 2279 1305 2344 lunera
1319 2278 1487 2359 tuebantur,
1507 2297 1607 2365 neque
1626 2280 1686 2346 alia
1705 2280 1766 2348 lere
1786 2280 1881 2347 tutela

330 2385 509 2452 Christianis
531 2397 601 2453 tune
622 2387 761 2471 temporis
780 2393 860 2465 erat;
877 2393 940 2450 tum
953 2394 987 2449 ut
999 2384 1096 2465 Pauli,
1110 2403 1197 2470 quem
1211 2385 1375 2466 emulatur,
1391 2385 1556 2469 exemplum
1569 2405 1604 2453 eo
1623 2387 1723 2471 aptius
1742 2397 1876 2467 reuocet,

330 2492 409 2578 quod
422 2492 492 2560 olim
506 2491 664 2578 Apostolus
676 2491 796 2574 vireret
808 2491 841 2557 in
854 2491 1016 2576 Hierapoli,
1030 2493 1152 2576 eiusque
1164 2493 1287 2560 fortasse
1300 2511 1367 2560 nrm
1379 2495 1562 2580 llpapbraet
1573 2494 1709 2582 Philippo
1722 2495 1877 2562 eeclesiam

332 2601 475 2691 condidit.
496 2601 570 2666 Eam
591 2601 745 2668 enimuero
759 2600 789 2666 in
804 2599 936 2683 epistolis
955 2608 1114 2665 memorat:
1134 2623 1148 2660 ι
1162 2598 1347 2665 salutatvos
1360 2599 1565 2685 Epaphras...,
1582 2600 1783 2668 testimonium
1799 2603 1879 2668 enim

334 2705 379 2772 illi
399 2705 541 2792 perhibeo
554 2707 633 2792 quod
647 2707 736 2773 babet
747 2705 872 2772 multum
886 2705 1052 2772 laborem...
1068 2723 1122 2790 pro
1134 2704 1172 2770 iis
1184 2704 1235 2788 qui
1249 2705 1476 2772 suntLaodieia
1495 2705 1704 2792 albanopoli.
1720 2707 1743 2790 ²)
1759 2731 1773 2768 ι
1788 2708 1880 2774 aber·

331 2814 397 2881 eins
417 2824 526 2896 autem,
549 2823 601 2881 ant
620 2813 697 2881 airis
716 2813 867 2880 Romanus
886 2821 972 2878 rame
992 2820 1049 2892 est,
1071 2821 1103 2878 ut
1123 2811 1243 2893 Partim,
1265 2822 1317 2878 ant
1336 2811 1488 2879 ciuitatem
1508 2821 1613 2879 nactus
1633 2823 1678 2880 est
1693 2815 1722 2879 in
1738 2813 1880 2898 praelato

332 2939 386 2989 sao
407 2921 512 2989 itinera
526 2922 669 2988 Romano.
686 2921 777 2987 Immo
791 2938 851 2987 non
864 2919 947 2986 deest
958 2919 1008 2986 sir
1020 2918 1136 2999 doetus,
1152 2919 1199 2984 eui
1213 2918 1318 2984 diiecto
1326 2921 1428 3006 cipitur
1439 2919 1577 2986 uideatur
1589 2920 1653 3004 ipsa
1674 2920 1746 2986 urbs
1765 2919 1877 3001 lloma;

330 3045 428 3112 neque
443 3027 521 3094 idem
535 3027 658 3108 omittit,
673 3026 753 3112 quod
766 3026 945 3111 quibusdam
958 3023 1080 3108 plaeuit,
1096 3023 1181 3090 binus
1195 3023 1261 3090 illus
1274 3043 1389 3094 ιοιοιιο
1402 3025 1528 3105 aare,
1543 3045 1616 3111 quas
1629 3025 1739 3093 salutat
1751 3026 1880 3094 loannes

331 3135 363 3200 in
383 3133 471 3220 epist.
494 3132 534 3217 ll,
556 3151 621 3199 essa
641 3132 794 3211 mereim,
815 3149 942 3216 maurum
960 3139 1041 3196 serta
1060 3130 1193 3198 Romanu
1212 3131 1269 3196 luit
1288 3133 1418 3198 omnium
1437 3133 1565 3200 maxime
1585 3133 1696 3216 Basa,
1719 3142 1821 3218 utpote
1839 3135 1879 3200 ab

328 3240 446 3325 ignatio
468 3241 610 3326 insoripla
630 3239 822 3335 ἠγαπημένη
847 3239 902 3304 sal
922 3237 1154 3330 πεφωτισμένον,
1177 3231 1324 3319 distillans,
1347 3233 1534 3332 ἀξιοπροπὴς
1556 3265 1585 3306 ιι.
1608 3265 1638 3306 τ.
1661 3244 1684 3305 ἐ.

319 3363 323 3374 ’
369 3369 401 3417 r.
425 3353 454 3416 t.
477 3357 517 3430 ὡς
541 3350 577 3418 ἂν
602 3351 665 3442 ἔχω
688 3347 766 3415 llall.
782 3366 837 3413 nee
846 3345 937 3425 male,
950 3345 1001 3411 abi
1022 3339 1083 3426 ζῶν
1105 3343 1137 3409 in
1157 3361 1190 3408 v.
1207 3345 1223 3408 1
1241 3344 1440 3412 amnentur.
1456 3345 1570 3412 Placuit
1583 3345 1708 3431 primum
1722 3346 1794 3412 mibi
1808 3367 1879 3433 pen-

329 3467 486 3524 anstrum
506 3454 566 3539 ζῶν
590 3459 628 3525 ἵν’
651 3459 715 3549 ἔχω
736 3465 834 3549 καιρῷ
857 3453 1002 3548 σώματος
1025 3451 1098 3520 ἔνθα
1120 3451 1210 3520 θέσιν.
1232 3449 1335 3536 Neque
1354 3452 1484 3521 insolens
1503 3462 1552 3519 est
1571 3463 1623 3520 ant
1642 3453 1803 3537 inelegans,
1825 3455 1878 3520 hos

331 3563 431 3630 titulos
451 3573 512 3629 tam
533 3565 565 3630 in
586 3565 646 3632 fine
665 3583 754 3649 quom
773 3564 806 3629 in
825 3562 967 3628 coronide
986 3567 1170 3646 pentametro
1190 3559 1311 3639 imlrni,
1330 3561 1543 3644 egregiamque
1563 3560 1635 3626 mibi
1654 3561 1818 3645 exemplum
1840 3563 1877 3628 ti-

331 3670 412 3737 tulus
431 3671 554 3738 Paetorii
569 3673 756 3762 prestiterat.
771 3671 831 3737 Sed
845 3671 870 3736 si
886 3671 924 3736 ab
939 3669 1025 3734 initio
1043 3667 1137 3734 uteris
1149 3665 1288 3746 donno,
1311 3675 1344 3734 tu
1360 3666 1468 3734 eodem
1489 3665 1575 3732 modo
1596 3667 1705 3751 pergis,
1726 3676 1778 3733 aut
1796 3686 1877 3735 rena

329 3787 358 3844 te
373 3777 476 3844 lateris
490 3777 624 3845 delicere.
640 3778 731 3845 Malui
746 3778 777 3844 in
790 3767 1178 3863 primorempriniorem,
1191 3773 1411 3857 quodomnium
1422 3774 1557 3840 radicum
1568 3785 1613 3842 est
1625 3794 1661 3841 aa
1674 3775 1734 3842 lere
1747 3777 1879 3842 omnium

329 3883 516 3950 tumulomm.
528 3882 622 3949 Immo
633 3893 755 3949 serrant
764 3882 845 3951 θέσιν
859 3881 981 3967 apsidam
990 3882 1034 3948 rei
1047 3881 1177 3950 metrias
1187 3879 1283 3964 periti,
1299 3879 1456 3948 dummodo
1467 3881 1548 3963 prior
1561 3881 1675 3964 syllaba
1689 3882 1877 3965 producatur.

368 4009 401 4057 r.
424 3991 455 4057 ³.
476 3989 553 4082 Ἐἰμὶ
574 3997 675 4058 eontra
695 3991 781 4056 eodd.
797 3989 960 4076 promptius
974 3990 1072 4056 eunoti
1086 4005 1202 4056 mamam
1218 3996 1397 4071 receperant,
1419 3996 1526 4070 prmum
1546 3987 1732 4069 bellaniam,
1754 4006 1880 4072 quocum

329 4116 409 4165 nune
421 4097 557 4182 libenter,
573 4115 743 4183 malequam
755 4097 955 4166 duriusculeo
978 4097 1020 4165 ds
1035 4095 1118 4179 lepo;
1133 4095 1214 4180 quod
1233 4111 1344 4164 norum
1368 4112 1428 4160 non
1442 4093 1558 4160 iurabit
1570 4095 1743 4176 orationem,
1765 4115 1801 4161 ae
1818 4114 1881 4162 mo·

330 4203 443 4271 destius
462 4204 583 4270 adducit
596 4203 747 4272 alumnum
761 4221 858 4272 eoram
871 4221 979 4288 magno
998 4205 1130 4284 Pastore,
1145 4203 1251 4286 ampds
1264 4203 1365 4271 verbis
1384 4203 1521 4282 salutato,
1534 4202 1618 4285 jnrta
1639 4200 1797 4270 solemnem
1817 4223 1881 4270 ma-

326 4311 426 4395 iorum
446 4319 611 4377 nostrorum
631 4311 887 4394 consuetudinem,
909 4321 978 4397 post
997 4313 1158 4379 loannem:
1181 4312 1263 4406 Ἐγώ
1287 4318 1351 4404 εἰμι
1365 4317 1382 4378 l
1398 4312 1519 4405 Ποιμὴν
1545 4317 1561 4378 ὁ
1585 4313 1689 4392 καλός.

370 4436 402 4484 r.
427 4417 456 4482 l.
478 4417 584 4484 Statim
605 4435 641 4482 er
655 4416 741 4482 codd.
757 4417 881 4484 restituo
895 4422 1006 4512 οὔρεσι,
1021 4419 1100 4504 quod
1118 4419 1217 4486 minus
1230 4428 1300 4504 apte
1312 4420 1542 4487 emendaverunt
1551 4439 1664 4502 omnes,
1677 4420 1745 4486 inde
1757 4422 1796 4488 ab
1810 4421 1880 4487 ilal-

329 4524 430 4606 loirio‚
452 4525 574 4591 lortasae
594 4525 632 4590 ob
653 4543 779 4612 manens
792 4519 909 4605 πεδίοις
929 4551 980 4606 ss;
1001 4525 1054 4594 sed
1073 4524 1161 4592 aliter
1180 4523 1239 4590 alia
1260 4541 1345 4607 porro
1367 4524 1462 4590 ionica
1481 4524 1656 4592 suadebant.

367 4649 401 4698 ν.
419 4632 448 4698 ll.
464 4631 567 4698 Amico
580 4631 665 4698 alteri
678 4632 745 4702 riro
764 4632 899 4702 nonnihil
913 4633 1068 4702 ambitiosa
1082 4632 1200 4699 ridetur
1213 4631 1297 4716 apim
1311 4630 1477 4699 emendatio
1490 4631 1576 4700 κατὰ
1599 4631 1691 4700 ποθ’
1714 4632 1879 4726 optasses,

327 4757 382 4806 nee
401 4739 569 4826 displieeret
588 4742 686 4808 eidem
707 4741 841 4810 oodieum
855 4742 941 4808 lectio
954 4741 1079 4825 simplex
1092 4750 1124 4807 et
1142 4741 1256 4808 mutare
1277 4739 1384 4806 πάντα
1406 4739 1614 4832 καθορῶντας,
1638 4737 1689 4803 ubi
1710 4739 1778 4804 rult
1798 4739 1880 4805 racis

329 4846 434 4912 πάντα
455 4845 589 4914 nltimam
608 4846 754 4932 syllabam
774 4847 896 4932 produoi
915 4849 953 4914 ob
972 4863 1127 4914 emsuram.
1143 4847 1202 4914 Sed
1222 4847 1321 4931 palam
1334 4855 1382 4914 est
1393 4855 1492 4912 mam
1512 4845 1668 4911 inllarisse
1680 4845 1802 4927 listulas,
1821 4865 1881 4929 pa-

329 4962 439 5020 storem
459 4961 493 5019 ut
513 4955 652 5039 nembrot,
667 4973 756 5040 quem
770 4957 892 5023 tortasse
904 4957 1006 5024 ltomae
1022 4955 1111 5036 vidit,
1126 4965 1158 5022 et
1177 4954 1295 5022 audisti
1315 4953 1399 5038 spino
1419 4971 1499 5022 more
1524 4952 1563 5018 ab
1583 4952 1691 5018 Herma
1715 4961 1878 5018 mutatum.

370 5164 393 5229 ¹)
414 5167 541 5236 (lernaei,
557 5169 701 5242 Melanpm
714 5172 909 5243 d’apapraptie
927 5177 1075 5229 ancienne.
1133 5167 1262 5225 retulisse
1281 5168 1364 5223 Fard.
1383 5169 1491 5223 Bselrer
1510 5167 1531 5223 1.
1550 5167 1571 5224 l.
1592 5186 1621 5239 p.
1641 5165 1677 5222 36
1695 5184 1757 5222 enm
1782 5166 1880 5239 iisdem
1979 5155 1980 5158 ¹

338 5253 434 5323 Puris,
453 5249 530 5308 1856.
550 5256 618 5320 Quas
636 5257 776 5314 mondus
799 5259 908 5314 ridetur·
930 5258 988 5317 fars
1006 5259 1080 5315 nuda
1133 5257 1252 5314 lacunis·
1264 5287 1300 5300 -
1313 5256 1337 5322 ²)
1358 5255 1464 5314 Goloss.
1485 5272 1525 5325 ιν,
1547 5255 1588 5327 ta,
1612 5255 1655 5313 13.
