4038 6088
254 453 312 518 aaa
766 454 1076 522 msmuomouom
1097 457 1280 524 nucaauu
1406 420 1410 428 ’

253 612 284 670 et
304 603 470 671 chrismatis
489 614 715 672 sacramentum.
732 607 770 674 tlt
781 608 819 673 nd
833 608 981 674 stabulum
996 611 1144 693 perduxit,
1159 611 1216 677 hoo
1229 619 1275 679 est
1287 611 1325 677 ad
1339 610 1511 677 Ecclesiam.
1527 609 1686 678 stabularii
1702 621 1798 679 numm

253 719 324 775 sunt
337 711 478 796 episcopi.
495 711 581 791 Quod
594 724 693 779 autem
708 714 798 780 dixit:
815 714 969 780 Revertens
984 716 1103 780 reddum
1117 717 1179 796 tibi,
1193 717 1295 801 itaque
1308 715 1339 782 in
1354 717 1518 784 adrentum
1532 735 1616 784 suum
1635 717 1798 784 mercedem

252 817 455 884 sacerdotibus
476 819 625 884 daturum.

291 923 390 990 LXVI.
414 925 521 991 latera
543 928 595 992 hit
614 926 719 994 lhesus
735 931 776 1008 1);
800 927 1032 1012 homoquidam
1063 928 1165 992 habuit
1190 928 1261 993 daos
1280 928 1370 1010 filios:
1394 927 1432 1009 [l.
1456 927 1532 1010 tot]
1555 931 1583 990 et
1609 927 1656 992 ait
1675 929 1800 1011 jaaior:

252 1032 353 1113 Pater,
374 1035 413 1100 da
433 1037 507 1100 mihi
526 1037 684 1119 portionem
703 1037 879 1102 sohslaah'ae
899 1037 1044 1102 maenadi
1063 1036 1160 1101 divisit
1180 1035 1240 1100 illis
1257 1035 1341 1099 bona.
1359 1032 1400 1096 Et
1417 1040 1484 1118 post
1501 1052 1611 1116 paneas
1632 1032 1703 1116 dies,
1726 1055 1798 1099 rou-

250 1141 377 1222 prepatis
397 1142 544 1218 omnibus,
559 1145 664 1225 junior
684 1142 761 1224 filias
779 1144 925 1226 profectos
946 1149 988 1207 est
1005 1144 1034 1207 in
1053 1143 1200 1226 repiouam
1221 1141 1425 1224 loupiaqaam,
1447 1147 1475 1204 et
1492 1141 1535 1205 ibi
1553 1138 1710 1226 dissipauit
1726 1143 1799 1206 sab-

250 1249 390 1310 ataote'am
409 1266 504 1328 mam,
527 1249 643 1314 uiuendo
665 1247 819 1326 lusoriose,
840 1257 868 1312 et
889 1256 1007 1312 cetera.

291 1351 380 1436 desp.
403 1354 492 1420 Filios
509 1354 582 1420 dioit
603 1356 688 1435 duos,
711 1355 851 1422 Gentium
871 1366 901 1422 et
921 1355 1088 1420 ludaeorum
1110 1355 1221 1420 induoit
1242 1353 1422 1438 parabolam.
1449 1354 1508 1420 Sed
1528 1353 1604 1420 alins
1626 1359 1650 1436 ⁸)
1672 1355 1794 1423 interior

252 1460 419 1528 intellectus
438 1471 494 1530 est.
516 1462 593 1529 Nam
614 1463 674 1529 duo
702 1461 754 1526 lilii
775 1463 869 1528 balam
896 1473 926 1529 et
952 1463 1087 1530 Christus
1108 1464 1338 1548 intelleguntur3
1362 1473 1474 1546 partem
1495 1472 1595 1528 autem
1615 1466 1797 1548 patrimonii,

253 1567 413 1634 Paradisus
433 1577 492 1650 est,
514 1589 602 1652 quem
622 1568 717 1634 Adam
738 1579 899 1654 acceperat,
913 1590 1001 1656 quam
1022 1592 1074 1656 pet
1096 1571 1241 1637 luxuriam
1255 1570 1383 1655 perdidit
1406 1573 1457 1653 [et]
1481 1590 1534 1655 per
1554 1571 1794 1639 inobedientiam.

251 1673 362 1759 lnquit:
376 1675 460 1740 Abiit
468 1680 499 1741 ia
511 1676 699 1760 loupiapuam
708 1679 859 1761 repioaeot,
870 1679 900 1744 id
911 1691 967 1759 est,
981 1680 1011 1745 in
1022 1681 1130 1746 saeculo
1146 1679 1312 1764 pmjeatus3
1328 1684 1355 1742 et
1367 1696 1430 1741 eum
1442 1679 1541 1762 porcis
1552 1679 1644 1743 eibum
1657 1681 1796 1762 sumebat,

252 1781 357 1864 utique
377 1800 444 1847 oum
466 1781 624 1848 Gentibus.
648 1782 734 1862 Quod
755 1791 852 1849 numm
873 1786 1053 1867 reeordatus,
1075 1787 1113 1851 ad
1129 1795 1241 1871 patrem
1255 1785 1423 1866 revertitur,
1446 1786 1502 1851 boo
1521 1787 1660 1871 estquod
1674 1788 1796 1869 Gentes,

253 1909 321 1975 quaa
340 1892 435 1957 Adam
457 1892 582 1975 liguram
604 1892 761 1968 habehant,
776 1906 980 1978 cognoverunt
999 1906 1149 1963 auctorem
1162 1915 1259 1961 suum.
1275 1895 1357 1961 Stoln
1377 1903 1479 1960 autem
1500 1913 1588 1978 quarn
1604 1895 1725 1962 indutus
1745 1905 1800 1976 est,

254 1997 347 2062 vitam
369 1996 481 2063 seilicet
501 2016 590 2082 quam
611 1998 752 2064 Diabolus
771 1999 800 2064 ei
821 2000 981 2082 ademerat,
1004 2020 1056 2085 per
1078 2001 1227 2067 Christum
1241 1999 1357 2065 reddita
1372 2011 1428 2065 est.
1445 2000 1627 2080 Biennium,
1648 2002 1755 2085 inquit,
1771 2003 1801 2064 iu

254 2123 344 2170 manu
364 2109 438 2189 ejus,
461 2106 518 2173 hoa
537 2117 583 2173 est
603 2107 691 2173 fidem
712 2127 802 2193 quam
822 2109 1001 2190 perdiderat.
1023 2109 1221 2175 Calciameuta
1242 2125 1315 2175 vero
1329 2107 1460 2190 vestigia
1475 2107 1590 2174 munita
1604 2107 1798 2188 demonstrat,

254 2229 322 2294 quae
342 2210 465 2293 laqueos
485 2212 603 2278 Diaboli
625 2231 684 2279 nnn
704 2215 839 2294 timeant,
854 2217 930 2279 siout
943 2213 1101 2297 Apostolus
1114 2214 1173 2280 ait:
1192 2213 1318 2280 Caiaiati
1328 2214 1413 2296 pedes
1426 2215 1456 2277 in
1468 2214 1695 2300 praeparatione
1709 2233 1801 2279 eoas-

254 2317 323 2399 peiir'
339 2322 375 2398 ³).
403 2317 528 2382 Vitoium
549 2319 681 2396 occisum,
703 2318 813 2383 Christi
835 2320 933 2403 passio
952 2331 1008 2402 est,
1031 2321 1081 2404 qui
1102 2339 1155 2404 pro
1175 2322 1279 2397 Adam,
1301 2323 1356 2388 hon
1375 2331 1421 2388 est
1440 2322 1597 2403 Gentibus,
1619 2339 1723 2406 passus
1744 2332 1798 2403 est,

255 2424 302 2488 oui
322 2423 412 2491 Pater
432 2424 519 2491 dicit:
544 2424 588 2492 Tu
607 2445 718 2510 semper
737 2445 843 2491 meeum
863 2444 903 2506 es,
926 2431 954 2488 et
972 2427 1069 2490 amaia
1088 2445 1152 2492 mea
1172 2432 1223 2492 tao
1242 2435 1319 2492 saut.

813 2619 887 2666 lNCP.
910 2619 1059 2668 SECUNDUU
1078 2621 1241 2668 tonuerunt.

294 2730 409 2817 nxttl.
433 2747 542 2814 latere.
565 2747 718 2831 Quomodo
747 2747 884 2816 Salvator
912 2750 1100 2834 adsumptum
1126 2750 1276 2818 hominem
1301 2749 1387 2816 duxit
1413 2751 1446 2815 io
1473 2750 1561 2834 caelo,
1583 2759 1636 2818 ant
1655 2753 1799 2835 quomodo

258 2859 290 2938 [l.
315 2859 383 2942 1⁰8]
406 2857 510 2923 oaelom
532 2856 712 2939 promittitur
731 2857 854 2939 sanctis,
876 2877 942 2922 num
963 2857 1052 2922 dicit:
1075 2857 1166 2926 Nema
1187 2857 1313 2922 aseendit
1329 2860 1359 2921 in
1378 2857 1498 2938 coelom,
1514 2858 1573 2922 aisi
1593 2858 1642 2941 qui
1661 2859 1801 2924 &eremit

256 2966 290 3032 de
310 2967 386 3031 eaelo
400 2972 436 3046 ⁴),
457 2975 509 3031 ant
528 2965 673 3050 quomodo
695 2967 728 3031 in
747 2966 819 3031 celo
839 2975 915 3047 erat,
937 2985 1004 3031 oum
1024 2965 1121 3031 adhue
1142 2975 1222 3033 esset
1241 2967 1272 3028 in
1296 2963 1398 3028 terrai

296 3073 387 3160 Resp.
410 3074 579 3142 &eundum
599 3092 717 3140 earnem
739 3074 770 3138 in
792 3081 867 3138 terra
888 3080 962 3154 erat,
984 3072 1144 3139 seeundum
1158 3069 1304 3136 Deitatem
1326 3068 1363 3134 de
1383 3067 1455 3132 carlo
1474 3086 1534 3132 non
1554 3067 1665 3134 deerat.
1680 3067 1751 3134 ldeo
1773 3078 1803 3134 et

255 3181 321 3267 ipse
341 3183 475 3250 nsoendit
488 3185 510 3266 1)
534 3182 585 3266 qui
601 3181 762 3260 deseendit,
783 3181 851 3266 quia
873 3181 942 3245 linet
961 3179 1159 3263 adsumpserit
1180 3177 1339 3255 hominem,
1355 3183 1456 3239 minen
1474 3172 1561 3240 bomo
1580 3183 1611 3241 et
1631 3175 1724 3255 Deus,
1746 3175 1803 3241 hoo

256 3296 302 3353 est
322 3286 457 3352 Christus
477 3305 537 3353 una
558 3305 681 3371 persona
701 3297 758 3369 est,
781 3297 812 3353 et
832 3287 933 3371 utique
952 3306 1019 3353 oum
1040 3287 1091 3353 ille
1110 3287 1150 3352 sit
1163 3297 1261 3370 eaput,
1279 3286 1372 3371 sanati
1387 3295 1485 3352 autem
1499 3286 1633 3350 mambra
1652 3287 1723 3370 sint,
1745 3304 1804 3352 ne-

256 3411 340 3460 eesse
360 3404 408 3459 est
428 3403 462 3458 ut
480 3402 642 3477 sequamur
656 3393 795 3472 membra,
808 3411 868 3476 quo
881 3402 972 3477 eaput
986 3393 1145 3475 praecessit,
1160 3403 1192 3457 ut
1206 3395 1247 3458 sit
1261 3393 1291 3456 'tn
1306 3392 1378 3457 calo
1393 3391 1502 3457 Christi
1518 3411 1625 3476 eorpus
1639 3391 1800 3476 plenitudo.

297 3497 426 3568 LXVlll.
453 3499 557 3564 lutere.
579 3500 713 3579 Qualiter
733 3500 918 3567 sentiendum
938 3510 984 3566 est
1004 3500 1041 3566 de
1061 3501 1125 3566 loeo
1147 3500 1196 3564 illo
1217 3500 1249 3565 in
1269 3519 1327 3584 quo
1349 3503 1386 3567 de
1405 3500 1495 3568 lhesn
1509 3502 1626 3569 Christo
1648 3499 1802 3568 Salvatore

257 3615 357 3672 nostro
378 3607 532 3673 scribitur:
555 3607 648 3674 Nemo
668 3608 798 3671 musitio
819 3628 881 3672 eam
901 3628 1016 3690 manus,
1040 3611 1108 3694 puio
1128 3609 1252 3674 nomam
1272 3619 1386 3675 manat
1405 3611 1478 3676 hora
1497 3613 1560 3695 ejus
1573 3610 1621 3691 ⁸)‘l

296 3714 387 3799 desp.
410 3715 488 3780 flora
509 3713 574 3779 haee
593 3734 651 3780 non
670 3718 834 3783 secundum
853 3717 1076 3784 mathematicos
1097 3716 1292 3801 intellegenda
1314 3727 1372 3797 est,
1394 3717 1447 3783 sed
1468 3719 1567 3803 potius
1581 3718 1653 3784 hora
1673 3715 1723 3781 illa
1744 3733 1802 3801 qua

256 3825 322 3910 ipse
342 3824 534 3906 crucifigitur,
556 3823 624 3909 quia
647 3825 710 3908 ipse
730 3825 792 3908 pati
812 3825 914 3908 vellet.
937 3826 975 3890 Et
996 3825 1060 3891 ideo
1080 3826 1209 3891 nondum
1230 3833 1353 3892 venerat
1379 3825 1450 3888 hora
1478 3825 1561 3908 eius,
1583 3823 1653 3908 quia
1671 3822 1803 3897 nondum

257 3933 397 3999 universa
418 3932 591 4019 perleoerat,
613 3934 684 4018 quia
705 3933 834 4003 nondum
855 3943 958 3998 mnata
984 3933 1141 4016 proposita
1161 3931 1341 4015 operationis
1371 3929 1557 4014 impleverat,
1579 3941 1697 4015 propter
1725 3927 1803 4014 quod

255 4037 390 4107 homines
411 4031 577 4124 termmque
597 4041 787 4106 visitaverat.

295 4142 438 4212 LXllllll.
461 4145 615 4224 Quomodo
636 4145 838 4229 aoeipiendum
858 4155 905 4212 est
925 4147 998 4212 illud
1025 4148 1103 4230 quod
1123 4147 1246 4213 dieitur:
1270 4146 1419 4211 Ahalam
1438 4153 1632 4230 paternoster
1651 4145 1801 4226 emicavit,

255 4259 287 4315 ut
305 4251 409 4315 uideret
429 4252 507 4316 dieat
526 4271 637 4316 mum:
658 4260 687 4316 et
704 4251 790 4328 vidit,
811 4256 838 4315 el
854 4253 973 4331 paudite
993 4260 1035 4316 est
1048 4253 1096 4332 ⁷)‘l

295 4360 384 4445 Ilarp.
400 4359 554 4444 Prophetae
571 4360 710 4427 videntes
722 4357 957 4445 appellabantur,
970 4359 1049 4441 quod
1064 4357 1159 4423 sanati
1173 4357 1301 4441 Spiritus
1315 4376 1448 4439 munere,
1459 4377 1494 4425 ea
1509 4377 1574 4442 quae
1584 4359 1700 4426 caeteris
1717 4367 1804 4426 erant

255 4469 367 4550 clausa,
383 4470 468 4555 quasi
482 4470 589 4536 conscii
604 4471 778 4548 futurorum,
792 4469 944 4550 ridebant,
961 4469 1038 4535 inter
1052 4487 1125 4554 quos
1146 4477 1176 4534 et
1203 4468 1353 4534 Abraham
1374 4468 1523 4535 Christum
1537 4469 1614 4537 uidit
1635 4469 1665 4533 in
1685 4467 1801 4552 spiritu.

292 4676 389 4736 LXVI.
404 4681 426 4742 ¹)
437 4677 504 4732 Lus.
516 4692 561 4743 xv,
574 4673 710 4732 tt-3l.-
720 4678 884 4747 omnebuej.
893 4678 1001 4750 filins...
1093 4675 1201 4734 vatt.
1218 4677 1241 4749 ⁴)
1250 4677 1330 4732 Juan.
1343 4692 1384 4743 ru,
1398 4673 1439 4731 13.
1452 4674 1521 4731 Edd.
1533 4677 1645 4748 parlim.
1655 4675 1804 4730 -diseirt-

258 4768 447 4838 touttnpuam.
458 4794 492 4806 -
507 4771 529 4830 εΙ)
540 4767 612 4821 alios
623 4766 915 4836 ..perdedit...inpuid
926 4767 1002 4820 bis...
1057 4767 1132 4823 dit...
1152 4771 1252 4822 essia...
1272 4797 1307 4807 -
1321 4771 1344 4837 ὕ)
1362 4766 1487 4822 aser'adit
1504 4770 1555 4837 qui
1573 4767 1742 4823 discindit...
1764 4766 1802 4820 tt-

255 4859 411 4930 fierrram...
429 4874 503 4927 perae
522 4858 614 4926 lapsos
633 4859 697 4928 post
714 4872 788 4910 corr.
809 4856 882 4911 lases
902 4857 1001 4924 (sici...
1057 4862 1126 4912 ait...
1146 4867 1292 4928 sequatur.
1314 4888 1348 4899 -
1368 4857 1436 4912 Edd.
1456 4861 1581 4927 corporis
1598 4857 1757 4926 plenitudo.

256 4977 292 4988 -
305 4953 328 5012 8)
348 4946 450 5018 Ephes.
469 4962 507 5013 vt,
524 4944 566 5000 15.
581 4945 707 5017 Quinque
725 4948 833 4999 tentum
852 4946 882 4999 in
900 4944 1003 5000 Lucam
1093 4945 1216 5000 bxvttl.
1231 4949 1255 5010 ⁶)
1274 4946 1354 5000 Joan.
1373 4962 1421 5017 vm,
1439 4943 1485 5000 30.
1501 4977 1534 4986 —
1553 4945 1800 5001 methimneus...

256 5035 342 5090 codex
355 5036 526 5108 quaestiones
538 5034 632 5103 habet,
642 5033 822 5106 quarumduo
834 5033 901 5088 editi
913 5039 1002 5088 erant:
1055 5037 1211 5107 perficeret,
1231 5039 1300 5104 quia
1319 5035 1459 5089 nodum...
1482 5037 1658 5088 eisetouerat.

256 5130 394 5197 praeterea
409 5125 561 5197 vulgantur
578 5124 643 5181 aliae
656 5141 716 5192 aex,
728 5141 791 5196 quae
805 5125 929 5200 ejusdem
947 5125 1004 5183 Eu·
1094 5123 1188 5181 thx.
1206 5131 1228 5188 7)
1248 5125 1327 5178 donn.
1348 5139 1409 5190 vrrr,
1428 5123 1474 5180 58.
1497 5151 1530 5162 -
1547 5123 1759 5192 acceptandum.

256 5216 344 5272 eherii
363 5220 461 5292 partus
479 5216 621 5274 videntur.
