4038 6088
804 501 932 569 CODEX
952 502 1041 568 SAEC.
1067 503 1103 570 vt
1670 508 1727 572 tot

222 651 308 719 Unde
324 671 376 736 per
389 669 436 715 me
450 650 520 714 lieet
532 649 681 715 exoriatur
698 652 814 717 tandem
831 651 914 733 juxta
936 652 1111 717 Rhodanum
1132 668 1210 718 nora
1230 652 1441 736 seripturarum
1462 655 1555 736 regio,
1571 673 1607 721 ac
1619 655 1644 719 si
1658 673 1730 720 eva-

183 759 253 824 nida
270 758 410 824 scruteris
422 757 555 839 vestigia
569 776 663 840 usque
677 756 716 822 ad
730 757 834 823 lrenaei
849 759 1050 842 interpretem,
1063 757 1243 824 Tertulliano
1258 759 1464 843 antiquiorem,
1480 778 1548 825 ecce
1562 759 1614 824 tibi
1630 759 1729 825 schola

183 867 252 948 erit,
271 887 323 952 per
345 869 464 950 longam
484 867 542 931 aeri
564 865 703 949 spatium,
725 867 770 932 oui
791 886 846 934 nee
867 887 973 950 magua
995 868 1124 948 nomina,
1148 886 1202 933 nec
1222 887 1288 934 rara
1306 869 1509 934 desiderantur
1527 877 1727 933 monumenta.

223 976 373 1060 Optimum
388 993 461 1058 ergo
475 976 553 1040 iactu
574 976 624 1052 sit,
643 975 726 1041 hreni
750 975 957 1061 qualicumque
978 977 1139 1055 schemate,
1160 977 1301 1043 rationem
1323 978 1426 1042 horum
1450 977 1589 1042 librorum
1602 976 1731 1059 Lugdu-

184 1083 331 1165 nensium,
354 1084 466 1168 duplici
492 1083 675 1164 potissimum
695 1103 731 1149 er
752 1083 857 1166 capite,
878 1085 1044 1163 decernere,
1069 1094 1130 1148 tum
1151 1102 1256 1166 nempe
1280 1103 1315 1148 ex
1339 1084 1551 1150 consuetudine
1575 1083 1732 1161 scribendi,

183 1201 244 1260 tum
258 1211 295 1258 ex
309 1194 449 1258 sermonis
466 1191 575 1257 indole.
591 1192 717 1258 Causam
731 1210 804 1257 vero
818 1210 904 1259 nemo
920 1192 1080 1272 lacesserit,
1095 1193 1131 1272 si,
1147 1192 1217 1270 dpm
1230 1209 1266 1258 ea
1280 1192 1406 1258 maxime
1426 1193 1561 1274 colligam
1575 1211 1642 1275 qaae
1655 1211 1732 1257 com·

184 1298 361 1364 munitatem
381 1317 416 1364 ex
438 1297 602 1380 frequentia
623 1307 800 1377 monstrent,
822 1317 856 1364 ea
878 1319 937 1364 aon
959 1300 1118 1383 negligam,
1138 1319 1205 1384 quac
1225 1319 1284 1385 quo
1305 1302 1401 1383 magis
1421 1309 1491 1365 sunt
1516 1299 1680 1382 singularia
1702 1309 1733 1364 et

185 1406 402 1489 inexspectata,
412 1407 534 1471 clariora
547 1406 622 1471 liunt
632 1406 762 1488 ejusdem
774 1407 829 1473 loci
842 1407 949 1472 indicia
961 1417 991 1474 et
1001 1409 1085 1492 quasi
1099 1413 1328 1503 στηλογραφία.
1340 1409 1455 1474 Careas
1469 1419 1565 1474 tamen
1580 1410 1682 1487 velim,
1696 1426 1733 1473 ne

184 1527 220 1577 ea
241 1531 308 1596 qum
329 1513 510 1596 protulerim,
532 1512 612 1578 nullo
633 1513 704 1578 nixa
727 1523 859 1580 veterum
881 1517 1014 1599 exemplo
1034 1517 1174 1597 aestimes,
1196 1526 1248 1581 aut
1269 1517 1369 1599 probis
1391 1517 1543 1583 codicibus
1570 1516 1733 1599 incognita,

187 1619 241 1686 sed
255 1637 321 1685 mea
336 1629 438 1686 notare
452 1639 510 1686 non
526 1619 631 1705 piguit,
650 1621 766 1684 etiamsi
789 1640 884 1704 neque
905 1643 1021 1707 semper
1042 1625 1115 1688 adeo
1136 1638 1202 1687 rara
1218 1621 1287 1700 sint,
1302 1641 1399 1705 neque
1414 1618 1498 1702 ἅπαξ
1521 1623 1690 1715 λεγόμενα.

225 1724 288 1791 Nec
307 1727 368 1809 jarn
389 1744 437 1791 me
457 1722 555 1791 actam
569 1744 659 1808 agere
672 1728 779 1812 aliquis
800 1729 906 1806 deleat,
928 1731 952 1794 si
973 1729 1165 1814 postliminio,
1187 1728 1245 1794 huc
1266 1730 1404 1795 reducam
1425 1729 1463 1793 ab
1484 1730 1569 1794 initio
1593 1729 1661 1794 tomi
1683 1729 1735 1793 in-

185 1833 264 1913 cepti
291 1829 559 1895 Claromontanum.
589 1832 690 1897 Nudos
715 1835 793 1899 enim
819 1854 956 1901 numeros
982 1846 1014 1902 et
1040 1837 1165 1919 paginas
1189 1847 1304 1904 tantum
1326 1837 1404 1902 illius
1434 1837 1606 1921 plerumque
1632 1847 1735 1902 notare

187 1948 332 2019 satagam.
354 1937 500 2003 Praeterea
528 1938 559 2004 id
578 1939 703 2006 candide
723 1944 833 2008 fatear:
856 1964 946 2027 quum
970 1945 1058 2029 buius
1080 1944 1190 2010 codicis
1211 1946 1389 2026 superiorem
1411 1945 1495 2025 exegi
1519 1946 1731 2022 recensionem,

185 2066 240 2112 nec
260 2045 494 2112 Pentateuchum
515 2047 740 2128 Lugdunensem
762 2059 923 2127 tenueram,
944 2069 1040 2133 neque
1053 2049 1188 2115 Eucherii
1203 2051 1333 2116 codicem
1348 2051 1435 2116 habui
1450 2052 1505 2115 sub
1524 2052 1626 2128 oculis,
1640 2069 1735 2134 neque

185 2157 259 2222 satis
281 2156 396 2221 adverti
418 2166 469 2221 aut
489 2157 591 2221 notam
619 2159 817 2223 minutissima
838 2158 1056 2225 claromontani
1085 2158 1277 2233 lineamenta,
1299 2157 1473 2240 quibuscum
1504 2159 1621 2222 iamitiae
1646 2177 1733 2240 quara

185 2263 297 2339 dicunt,
309 2262 496 2345 lugdunensi
508 2282 576 2328 eum
589 2267 735 2330 accenseri
748 2273 890 2348 oporteat.
906 2264 1051 2347 Equidem
1066 2263 1198 2347 suspicor
1213 2261 1460 2342 Strateburgcase
1473 2262 1552 2345 quod
1567 2263 1623 2327 luit
1637 2281 1735 2328 erem-

186 2370 260 2452 plar,
280 2369 436 2436 oriundum
457 2389 522 2436 esse
542 2389 580 2435 er
608 2371 701 2438 altero
722 2371 857 2444 bletcnsi,
878 2368 957 2452 quod
979 2379 1098 2437 notatur
1127 2369 1156 2432 in
1178 2366 1312 2448 catalogo
1332 2376 1433 2432 vetere
1453 2367 1636 2434 hrnulhano.
1658 2368 1737 2433 llinc

186 2477 323 2559 estquod
338 2475 456 2561 saepius,
472 2476 542 2541 dum
557 2477 587 2541 iu
601 2477 724 2561 pinguia
736 2478 873 2560 quasdam
888 2477 990 2542 Claris
1011 2476 1117 2542 aliendi
1141 2476 1257 2550 menda,
1277 2475 1315 2539 de
1335 2475 1504 2554 germanico
1524 2494 1574 2539 ore
1589 2485 1619 2540 et
1635 2494 1736 2560 pugno

186 2583 386 2650 stomachatus
400 2603 476 2648 sum.
493 2583 551 2648 Sed
567 2584 807 2652 claromontanus
822 2585 896 2668 ipse,
911 2586 1009 2652 sacnti
1026 2586 1140 2650 circiter
1154 2584 1189 2661 x,
1205 2583 1397 2665 proficiscitur
1414 2583 1536 2648 indubia
1556 2600 1574 2646 a
1598 2584 1692 2664 prisco
1706 2593 1737 2647 et

186 2692 326 2759 dissoluto
340 2691 499 2774 archetypo
514 2691 634 2770 unciali,
656 2693 733 2775 quod
756 2693 892 2777 primitus
912 2710 929 2757 a
951 2694 1096 2772 Lugduuo
1118 2692 1194 2756 haud
1215 2690 1342 2755 malrum
1356 2690 1513 2756 exsulavit.
1529 2690 1604 2769 Qua
1618 2691 1736 2772 quidem

186 2799 284 2863 omnia
299 2800 369 2864 dum
384 2798 609 2876 considerarem,
629 2799 804 2883 diligentius
825 2799 938 2882 inspexi
954 2817 1020 2881 quae
1036 2798 1219 2879 neglexeram
1242 2798 1270 2861 in
1288 2797 1499 2861 barberiniano
1518 2796 1630 2875 codice,
1647 2814 1736 2860 nova·

187 2927 246 2990 quc
260 2907 374 2971 excussi
389 2906 541 2983 scholiola,
554 2908 663 2988 quibus
683 2926 758 2989 opus
778 2927 876 2973 meum
897 2925 956 2973 non
977 2907 1156 2989 recoquitur,
1177 2906 1227 2970 sed
1249 2905 1408 2987 apponitur
1429 2903 1609 2969 commodius
1630 2915 1660 2967 et
1676 2905 1738 2967 lau-

189 3015 248 3078 tius
262 3013 441 3078 reieroitum.
458 3013 553 3092 Quam
569 3033 639 3080 uero
653 3014 742 3094 nuda,
760 3031 845 3096 quam
859 3013 959 3095 jejuna
981 3009 1092 3075 scholia
1114 3011 1263 3090 congessi!
1286 3009 1360 3087 Quae
1376 3018 1473 3073 tamen
1488 3027 1578 3091 quam
1594 3008 1678 3071 laeile
1693 3007 1737 3070 ul-

187 3131 230 3187 tra
245 3140 331 3186 omne
347 3121 494 3186 fastidium
508 3133 539 3186 et
552 3123 700 3186 cumulum
715 3131 891 3200 crescerent,
912 3121 950 3184 de
970 3119 1112 3196 singulari
1134 3118 1280 3201 scriptura
1296 3136 1353 3180 nen
1368 3127 1414 3180 est
1427 3117 1628 3198 cogitandum,
1645 3135 1736 3198 quum

186 3229 289 3296 eadem
311 3227 341 3292 in
364 3231 462 3293 varios
484 3228 650 3293 redundent
670 3228 798 3308 codices,
814 3247 909 3312 neque
922 3226 1073 3292 abundare
1094 3226 1241 3306 desinant,
1264 3226 1353 3291 etiam
1374 3243 1464 3309 quum
1486 3226 1675 3288 incontinua
1696 3224 1737 3288 li-

187 3335 241 3400 bro
261 3343 394 3399 mutatur
415 3334 575 3400 identidem
596 3334 752 3399 scribentis
773 3353 887 3402 manus.
1479 3357 1483 3364 ³

228 3441 372 3523 hgedum,
394 3440 425 3505 ia
445 3443 603 3524 conspicuo
622 3450 653 3506 et
672 3441 848 3506 circumciso
867 3442 996 3524 speculo,
1013 3441 1069 3506 suh
1084 3440 1178 3506 oculis
1191 3459 1335 3526 ponamus
1348 3441 1512 3526 praecipuas
1527 3439 1647 3525 hujusce
1661 3443 1739 3507 scri-

189 3559 285 3632 ptura
304 3549 468 3615 stricturas.

214 3736 239 3794 l.
259 3740 280 3794 Α
285 3777 293 3806 ,
312 3737 334 3792 E
353 3747 564 3793 commutantur
584 3773 765 3794 .......
776 3735 1165 3796 Eucheriicodex.Eatreme.
1180 3737 1294 3807 Jcseplt,
1308 3754 1474 3810 consperge,
1483 3740 1674 3808 perimetrum
1684 3742 1738 3793 etc.

780 3824 950 3881 Pentateuch
953 3864 1005 3880 .....
1020 3826 1206 3896 consparsio,
1231 3844 1455 3897 conspersuree,
1480 3827 1654 3898 detrectare,
1675 3843 1739 3882 sce-

1063 3917 1148 3984 biem,
1166 3933 1313 3986 passerem
1331 3923 1385 3972 etc.

780 4005 986 4076 Omiebrigien.
997 4041 1005 4058 .
1021 4005 1183 4071 Talentum,
1187 4008 1304 4076 jejuno,
1314 4022 1455 4075 passeres,
1468 4007 1738 4074 carcere,jenuem,

1065 4096 1290 4164 custodiebatur,
1310 4097 1466 4161 adsistens,
1484 4097 1646 4154 resistebat.

782 4149 1008 4240 erumnosas..
1024 4182 1068 4252 rs,
1082 4183 1123 4238 rr.
1137 4213 1170 4226 -
1188 4183 1229 4249 rr,
1242 4183 1288 4239 ar.
1301 4184 1391 4249 -es,
1404 4182 1450 4238 ar.
1463 4213 1497 4226 -
1511 4181 1571 4251 rra,
1584 4180 1631 4248 ra,
1647 4180 1693 4238 rs.
1705 4210 1740 4223 -

1067 4271 1127 4341 116,
1137 4271 1183 4328 80.
1194 4272 1233 4331 cf.
1248 4291 1345 4327 noram
1362 4273 1548 4328 recensionem
1562 4272 1596 4327 ed
1609 4271 1739 4326 Eucherii

1064 4360 1179 4415 calcem.

211 4528 240 4584 2.
262 4532 308 4599 AE,
327 4529 350 4583 E
369 4539 580 4584 commutentur
582 4561 767 4582 .......
778 4525 932 4582 Eucherius
940 4563 1005 4581 ......
1017 4526 1154 4596 AEloqur'i,
1164 4542 1292 4596 praecor,
1301 4531 1429 4597 praemit,
1441 4527 1589 4600 uiuificeet.
1604 4553 1638 4566 -·
1651 4525 1742 4595 Enip-

1066 4625 1184 4682 metum,
1205 4619 1360 4686 questionis
1380 4619 1433 4669 etc.

783 4704 1009 4760 pentateuci...
1022 4704 1182 4768 Precssior,
1201 4707 1305 4772 praetii
1324 4710 1377 4759 etc.

784 4794 1195 4866 cantabrigieu..Pheriseeec
1219 4811 1309 4861 ceree,
1333 4796 1466 4848 inimicae
1492 4791 1593 4860 (roe),
1614 4787 1742 4854 caecidit,

194 4988 275 5043 multi
295 4990 425 5043 momenti
445 4989 614 5060 majorisque
633 4989 694 5053 otti,
714 5005 776 5060 quae
798 4989 940 5060 pertinent
995 4990 1207 5046 Lectieuerium
1226 4988 1255 5042 S·
1277 4985 1362 5055 Gelli,
1382 4984 1499 5041 blissale
1513 4985 1674 5040 Meuianum
1688 4986 1742 5036 etc.

193 5077 227 5132 ad
241 5083 336 5132 vetera
348 5078 484 5146 Mrssalia,
495 5078 588 5149 qualia
601 5085 667 5132 suut
681 5077 830 5134 Gothicum
839 5078 867 5130 in
877 5075 938 5131 cod.
994 5078 1048 5134 Sed
1061 5087 1163 5149 quanto
1177 5076 1259 5149 plura
1273 5085 1402 5147 exspecto
1414 5077 1448 5129 sb
1461 5076 1579 5130 cruditis
1592 5074 1744 5127 editoribus

195 5166 265 5237 Reg.
277 5165 340 5232 317,
352 5167 534 5224 Gallicanum
543 5167 761 5225 octusinPslat.
772 5165 835 5234 493,
846 5167 940 5221 Fren-
995 5168 1041 5239 qui
1071 5183 1142 5220 nunc
1173 5165 1383 5238 Lugdunensem
1411 5164 1627 5222 Pentateuchum
1655 5159 1744 5233 praelo

194 5273 292 5311 corum
305 5260 333 5311 in
346 5258 416 5328 lisg.
428 5256 493 5327 25⁷,
507 5260 769 5314 Sacramentarium
789 5258 939 5323 Bodicnsc,
994 5257 1182 5310 committunt.

356 5349 400 5392 art.
411 5350 443 5396 11.
457 5349 493 5392 aa.
