4044 6098
286 502 345 571 stt

287 656 393 749 diurn,
414 655 557 723 νοεῖσθαι·
575 656 659 722 κατὰ
675 657 712 722 τδ
729 661 758 723 ἐν
775 655 918 747 ψαλμοῖς·
934 657 1035 738 Λίθον,

282 765 320 832 ὃν
344 757 590 854 ἀπεδοκίμασαν,
605 763 738 856 ἐγενήθη
758 770 799 842 εἰς
815 765 955 855 κεφαλὴν
975 789 1036 857 γω-

285 873 359 948 νίας.
372 864 507 957 Εὺδοκίᾳ
517 872 577 963 γάρ
590 883 646 938 τοῦ
659 873 780 962 Πατρδς
794 871 890 937 ἐλθὼν
903 873 953 937 ἐπὶ
966 883 1034 964 γῆς,

197 1001 204 1016 ·
286 977 419 1070 συνῆψεν
435 985 466 1045 ἑν
482 985 585 1063 ἑαυτῷ
600 980 672 1057 τοὺς
689 972 743 1045 δύο
759 980 864 1059 λαοὺς,
881 991 943 1046 τῶν
960 980 1036 1046 Ἰου-

286 1080 380 1154 δαίων
404 1113 442 1154 τε
465 1088 519 1153 καὶ
542 1087 653 1166 ἐθνῶν,
678 1090 781 1180 ὥσπερ
805 1089 915 1177 ἀμέλει
943 1089 1035 1152 καὶὸ

284 1206 426 1287 γωνιαῖος
449 1193 535 1271 λίθος
552 1194 743 1286 ἀμφοτέρους
759 1187 866 1260 συνδεῖ
886 1193 957 1271 τοὺς
973 1197 1037 1260 τεί-

284 1327 370 1393 χους.

330 1408 378 1476 ια’.
395 1406 476 1477 Εἶπα
492 1403 526 1477 δὲ
549 1415 640 1497 αὐτῇ·
664 1411 762 1503 Μέχρι
777 1410 891 1488 τούτου
913 1411 1034 1500 ἐλείισῃ,

285 1511 423 1608 καίόιίχ
446 1511 620 1608 ὑπερθήσῃ.
648 1517 712 1582 Vat.
737 1517 805 1596 803,
829 1519 858 1581 2.

316 1625 364 1696 ,Ὁ
388 1616 423 1689 δὲ
447 1623 626 1713 Σύμμαχος·
638 1621 719 1699 Ἕως
743 1615 804 1688 ὧδε
827 1623 975 1713 τετάχθω
998 1623 1035 1688 τὸ

284 1733 410 1823 ἔπαρμα
422 1741 484 1795 τῶν
498 1731 646 1819 κυμάτων
660 1754 725 1795 σου.
739 1731 829 1796 Οὕτω
843 1731 897 1820 μὲν
909 1729 970 1822 γάρ
983 1734 1037 1796 ἀσ-

284 1844 389 1930 φαλῶς
402 1838 532 1928 κατέχει
545 1835 644 1912 αὐτὴν
657 1837 771 1903 ὡσανεὶ
782 1837 941 1927 κλείθροις·
954 1839 1035 1903 οὕτω

284 1939 319 2012 δὲ
343 1947 492 2023 εὐκόλως,
517 1945 630 2011 ὡσανεί
653 1946 703 2010 ἐπί
733 1939 831 2024 τάξει.
856 1941 937 2011 Είπα
965 1944 1035 2038 γάρ,

285 2056 371 2145 φησί,
386 2054 441 2119 καί
464 2058 519 2119 οὐκ
542 2053 626 2118 ἔστιν
651 2057 817 2131 ἀντειπεῖν,
836 2056 922 2132 ὅταν,
939 2046 1037 2143 μηδε-

286 2163 357 2252 μίας
380 2161 520 2252 ἀνάγκης
536 2159 684 2238 ὠθοίσης,
703 2172 797 2226 τοῦτο
813 2163 951 2253 γίνηται·
969 2161 1035 2250 ἅμα

284 2271 388 2334 καίτοι
403 2273 525 2345 πολλῆς
548 2279 607 2344 τῆς
632 2269 700 2353 βίας
717 2269 843 2344 καὶτῆς
861 2267 966 2359 ῥώμης
984 2274 1037 2333 αὑ-

283 2375 344 2451 τὴν
361 2371 583 2466 μαστιζοθσης·
598 2367 650 2440 διά
666 2374 726 2467 γάρ
742 2386 836 2440 τοῦτο
849 2380 904 2440 οὐκ
917 2381 1035 2468 ἀφῆκεν

284 2482 383 2556 αὐτὴν
408 2477 486 2548 εἶναι
508 2483 710 2573 γαληνιαίαν,
735 2473 805 2547 οὐδὲ
828 2483 942 2572 ἥμερον
954 2540 963 2573 ‚
988 2485 1036 2548 ἵνα

284 2589 426 2680 κηρύττῃ
452 2599 508 2653 τοῦ
532 2594 612 2654 Θεοῦ
635 2587 695 2662 τὴν
722 2587 819 2677 ἰσχὺν,
838 2599 896 2664 τῆς
920 2587 1036 2678 φύσεως

286 2707 332 2781 τῷ
349 2695 573 2788 προστάγματι
590 2694 781 2785 μαχομένης,
798 2695 921 2760 καὶτοῦ
944 2719 1038 2786 προσ-

285 2806 451 2899 τάγματος
474 2814 637 2894 πανταχοῦ
653 2813 808 2880 νικῶντος.
826 2809 862 2868 Et
877 2803 937 2896 γάρ
960 2805 1038 2893 ἥμε-

290 2935 351 3002 ρονΙ
364 2908 402 2982 νίν
426 2912 464 2976 τὸ
488 2902 579 3000 ὕδωρ,
599 2921 641 2996 τῇ
660 2909 747 3000 φύσει
762 2919 818 2975 τοῦ
841 2902 953 2986 ὕδατος
976 2910 1036 2980 τὴν

287 3013 431 3097 εὐταξίαν
455 3019 491 3084 ἂν
515 3019 700 3111 ἐλογίσαντο
715 3020 837 3083 πολλοί·
854 3029 904 3083 νῦν
921 3009 955 3084 δὲ
976 3043 1036 3084 τα-

288 3125 475 3216 ραττομένη,
494 3124 741 3214 μαστιγουμίνη,
758 3122 916 3212 ὠθουμένη
936 3117 1035 3201 ἔνδον,

285 3231 403 3297 καὶτὰ
425 3233 494 3321 ὅρια
521 3225 693 3322 ὑπερθῆναι
717 3231 758 3320 μὴ
786 3222 960 3322 δυναμένη,
985 3223 1037 3297 διά

285 3352 343 3416 τῆς
358 3350 501 3429 ταραχῆς
524 3339 675 3429 κηρύττει
690 3350 746 3404 τοῦ
762 3345 842 3405 Θεοῦ
857 3339 917 3414 τὴν
939 3339 1035 3430 ἰσχίιν.

330 3449 392 3537 μα’.
417 3449 471 3522 Τίς
488 3439 523 3511 δὲ
538 3449 695 3536 ἡτοίμασε
711 3447 820 3535 κόρακι
839 3447 932 3539 βοράν
942 3477 949 3527 ;
975 3447 1034 3512 ttat.

285 3552 410 3631 804,1.

329 3658 464 3750 Λέγεται
495 3657 555 3750 γάρ
587 3657 630 3747 μὴ
661 3660 816 3750 ἐκτρέφειν
840 3661 883 3725 τά
912 3663 1037 3756 ἔκγονα·

286 3765 357 3832 ἀλλ’
375 3765 467 3830 αὐτοὶ
483 3765 537 3855 μὲν
555 3766 692 3852 εἰκότως,
709 3767 767 3834 ἅτε
783 3768 916 3861 μεγάλοι
939 3772 1035 3851 ὄντες,

284 3868 444 3965 πορίζουσι
460 3877 586 3965 τροφήν.
604 3875 653 3942 Τά
677 3868 710 3942 δὲ
725 3877 851 3969 ἔκγοναΙ
863 3881 911 3955 τίς
934 3879 1038 3970 ἐκτρέ-

286 4001 352 4071 φει;
377 3987 435 4072 οὺχ
459 3986 475 4046 d
498 3993 554 4047 τοῦ
577 3989 657 4049 Θεοῦ
680 3983 790 4077 λόγος;
813 3985 896 4052 καθά
922 3987 977 4052 καί
999 3988 1059 4072 τί)Ι

287 4089 470 4181 εὐαγγέλιόν
495 4113 599 4180 φησιν·
615 4090 663 4156 Τά
679 4091 807 4158 πετεινά
829 4104 886 4158 τοῦ
910 4098 1037 4184 οὺρανοῦ

285 4199 320 4261 οὺ
345 4197 537 4287 σπείρουσιν,
561 4190 631 4264 οῦδὲ
655 4198 789 4292 θίρουσι,
814 4202 868 4265 καί
891 4207 906 4265 d
930 4201 1036 4291 πατὴρ

284 4307 370 4393 ὑμῶν
395 4308 411 4367 ὁ
435 4305 572 4394 οὐράνιος
594 4306 699 4398 τρέφει
723 4307 813 4372 αὐτά.

329 4417 404 4503 Xap.
428 4418 492 4490 ΛΘ,
516 4407 572 4492 κζ’.
596 4413 667 4480 Ἐπί
689 4407 723 4480 δὲ
746 4425 790 4499 σῷ
814 4414 1036 4507 προστάγματι

323 4573 349 4610 ο.
372 4553 414 4609 ll.
436 4553 789 4614 Vat.11f.2ld.Cf.Jun.
811 4557 831 4610 i.
852 4554 916 4622 544,
937 4555 1037 4629 Olym-

284 4642 393 4716 piodori
412 4643 534 4698 nomine.
553 4644 607 4700 Sed
632 4645 783 4715 Origenem
801 4646 835 4698 ab
854 4646 935 4700 initio
955 4647 1037 4717 Sym·

228 4751 229 4754 ¹
285 4731 398 4786 machus
418 4736 537 4787 revocat.
558 4733 654 4805 Neque
666 4733 768 4788 desunt
779 4733 924 4804 elegantes
945 4735 1036 4788 varie-

284 4825 356 4875 tates
380 4825 409 4875 et
432 4822 649 4877 emendationes.
670 4853 702 4862 -
723 4823 842 4884 ῖπιτάξας
865 4823 931 4878 Jun.
951 4821 1034 4878 male:

285 4906 363 4964 ιίπιν.
374 4909 435 4964 nod.
449 4909 513 4963 Jun.
528 4911 693 4966 emendavit.
705 4940 737 4951 ·-
749 4910 816 4966 Post
829 4913 951 4964 ίιντειτιῒν
963 4911 1035 4964 idem

283 5001 392 5070 pergit:
405 5004 449 5052 καί
460 5003 533 5052 τοῦτο
546 5002 649 5073 γίνεται,
661 5000 687 5052 οὗ
702 5001 773 5070 μόνον
785 5003 911 5072 μηδιμίας
924 5004 1036 5074 ίινοίγκης

285 5088 363 5144 αὐτ-δν
383 5088 500 5158 ὦθοίισης,
520 5093 588 5144 ἀλλὰ
605 5091 730 5143 καίτοι...
749 5090 815 5146 alia
832 5108 895 5163 quoe
920 5091 1036 5162 Origeni

284 5177 385 5233 dantur
403 5180 434 5232 in
452 5179 531 5236 oodd.
551 5181 656 5236 nostrin
674 5179 790 5248 recolat,
810 5181 856 5235 oui
875 5179 991 5234 libuerit
1006 5179 1036 5231 in

285 5285 312 5323 ν.
344 5266 391 5338 Ι2,
410 5269 464 5338 22,
482 5268 534 5340 23,
554 5269 606 5340 26,
625 5270 672 5339 37,
692 5269 744 5335 38ς
764 5287 826 5343 quas
846 5267 1038 5342 anepigraphen

965 499 1158 570 ostentus

1089 656 1227 742 lium,qui
1240 666 1497 742 propternosoaro
1509 658 1601 727 iaetus
1612 670 1667 728 est:
1679 663 1839 728 secundom

1089 764 1164 831 illud
1177 765 1206 830 in
1217 766 1354 850 psalmis:
1372 767 1542 850 «Lapidem
1557 788 1644 852 quern
1655 771 1840 854 reprobave-

1089 883 1169 954 runt,
1187 877 1211 937 is
1225 874 1318 939 iactus
1329 883 1375 940 est
1390 875 1421 938 in
1434 887 1523 959 caput
1536 877 1676 959 anguli.»
1692 878 1751 958 Qui
1761 879 1838 944 enim

1089 981 1244 1048 voluntate
1273 981 1369 1047 Patris
1394 983 1423 1046 in
1444 993 1552 1049 terram
1572 987 1668 1066 venit,
1692 987 1722 1051 in
1746 987 1842 1072 seipso

1088 1089 1239 1171 coniunxit
1258 1089 1331 1155 duos
1352 1090 1480 1173 populos
1500 1091 1669 1158 tudaeorum
1696 1102 1728 1158 at
1754 1094 1840 1159 Gen-

1089 1197 1173 1275 tium,
1195 1197 1439 1280 quemadmodum
1466 1198 1603 1262 nimirum
1628 1210 1659 1264 et
1681 1200 1836 1283 angularis

1090 1303 1165 1386 lapis
1189 1314 1347 1386 utrumque
1368 1305 1509 1386 parietem
1530 1305 1688 1371 connectit.

1128 1407 1205 1472 ibid.
1228 1427 1259 1473 ν.
1277 1410 1325 1472 11.
1342 1409 1384 1472 Et
1403 1409 1468 1473 dini
1489 1411 1531 1474 ei:
1552 1409 1619 1474 Hac
1633 1429 1720 1494 usqne
1737 1414 1837 1493 σακία,

1089 1522 1117 1579 ot
1134 1535 1191 1580 oon
1209 1515 1265 1579 itia
1284 1515 1373 1580 oltra.

1129 1623 1169 1686 At
1188 1621 1394 1705 Symmachus:
1416 1621 1482 1687 Hoc
1500 1642 1589 1707 osque
1608 1629 1754 1688 atomotur
1774 1623 1839 1688 elo-

1088 1731 1127 1794 tio
1147 1729 1284 1813 (immam
1305 1737 1426 1796 morum.
1442 1730 1523 1796 Adeo
1543 1735 1621 1796 enim
1641 1747 1744 1797 secure
1764 1749 1839 1795 oon-

1090 1837 1168 1901 tinet
1188 1855 1278 1916 mare,
1295 1854 1330 1901 ao
1350 1839 1374 1900 si
1395 1835 1530 1901 claustris
1550 1835 1695 1916 cohibeat,
1719 1849 1840 1919 tamque

1089 1944 1167 2009 facili
1188 1945 1319 2027 nogotio,
1340 1963 1376 2010 ao
1390 1945 1415 2008 si
1429 1945 1491 2010 solo
1507 1963 1578 2010 usus
1591 1944 1740 2010 mandato.
1757 1941 1839 2020 Dixi,

1089 2050 1837 2134 inquitenim,neoiascontradicero,quippequum

1089 2160 1119 2224 id
1141 2161 1204 2241 liat,
1220 2160 1300 2224 nulla
1314 2161 1372 2226 alia
1386 2161 1560 2228 necessitate
1574 2159 1753 2243 impellente,
1768 2162 1838 2242 quin

1089 2265 1178 2331 immo
1197 2267 1289 2332 etiam
1310 2287 1400 2351 quum
1420 2267 1469 2333 vis
1493 2284 1601 2348 magna
1621 2275 1651 2332 et
1672 2266 1840 2331 immanitas

1090 2373 1234 2441 fluctuum
1255 2394 1336 2442 mare
1356 2377 1498 2459 flagellat.
1518 2376 1633 2441 ideireo
1652 2376 1748 2443 uoluit
1768 2376 1840 2441 illud

1089 2484 1280 2566 tranquillum
1300 2493 1330 2549 et
1350 2494 1485 2568 pacatum
1505 2502 1580 2562 esse,
1594 2492 1627 2548 ut
1643 2483 1714 2548 dum
1733 2487 1839 2548 natura

1088 2591 1153 2674 ejus
1164 2610 1229 2656 oum
1244 2593 1384 2658 mandato
1398 2601 1520 2674 pugnat,
1534 2599 1565 2656 et
1578 2591 1716 2655 mandato
1730 2589 1840 2674 ubique

1089 2700 1280 2782 praevalente,
1302 2700 1356 2766 Dei
1379 2699 1467 2765 robur
1488 2700 1687 2783 proclamaret.
1710 2700 1741 2762 Si
1761 2699 1840 2764 enim

1090 2825 1165 2891 aqna
1181 2807 1292 2899 marina
1307 2818 1412 2891 pacata
1428 2806 1543 2886 inisset,
1557 2816 1673 2872 naturae
1684 2807 1763 2870 huno
1776 2807 1839 2886 pul-

1088 2915 1191 2979 chrum
1202 2914 1333 2980 ordinem
1345 2914 1457 2996 vulgus
1467 2912 1668 2997 ascripsisset:
1681 2931 1760 2978 nuno
1769 2929 1839 2978 vero

1090 3039 1181 3102 quum
1202 3022 1329 3100 turbata,
1346 3041 1437 3104 quum
1453 3019 1629 3086 verberibus
1642 3037 1728 3098 οωεα,
1749 3039 1838 3102 quum

1090 3128 1170 3192 intus
1191 3129 1355 3211 compulsa,
1371 3127 1479 3194 limites
1500 3145 1570 3193 suos
1592 3124 1759 3208 transgredi
1780 3142 1838 3189 non

1089 3237 1201 3319 ualeat,
1224 3238 1352 3302 tumultu
1374 3256 1427 3303 suo
1448 3237 1501 3302 Dei
1524 3237 1605 3302 vires
1626 3233 1793 3301 annuntiat.

1129 3452 1195 3518 ibid
1216 3472 1248 3520 v.
1271 3454 1320 3518 ll.
1346 3453 1418 3532 Quo
1438 3459 1531 3518 ouon
1548 3450 1740 3535 praeparant
1757 3467 1839 3514 corvo

1089 3567 1204 3626 socom?

1129 3669 1243 3734 Dicitur
1262 3669 1340 3734 euim
1357 3686 1464 3734 corvus
1477 3667 1571 3751 pullos
1585 3683 1652 3732 suos
1666 3682 1726 3730 non
1741 3665 1837 3744 alere;

1090 3779 1170 3844 oorvi
1193 3786 1302 3854 autem,
1319 3777 1363 3840 uti
1384 3785 1620 3861 putantquod
1641 3781 1711 3840 sont
1731 3773 1839 3852 adulti,

1089 3883 1187 3948 oibum
1201 3882 1258 3947 sibi
1274 3892 1390 3967 parant.
1407 3882 1465 3948 Sed
1480 3881 1602 3966 prolem,
1618 3881 1685 3965 quis
1705 3877 1840 3945 enutriti

1090 3990 1194 4056 Nonne
1212 3990 1267 4054 Dei
1287 3990 1439 4056 Verbum?
1461 3990 1504 4055 uti
1526 3989 1615 4055 etiam
1641 3987 1838 4066 Evangelium

1090 4096 1209 4163 asserit:
1228 4097 1394 4166 «volatilia
1413 4097 1478 4162 coeli
1498 4115 1595 4181 neque
1615 4105 1840 4178 semotusque

1089 4214 1216 4287 metunt,
1232 4206 1283 4273 sed
1298 4205 1385 4272 Pater
1398 4214 1498 4272 vester
1511 4207 1639 4272 caelestis
1653 4204 1746 4270 nutrit
1763 4221 1838 4270 aa.»

1130 4409 1204 4492 Gap.
1224 4409 1352 4488 XXXIX,
1376 4411 1425 4472 27.
1452 4409 1512 4472 Τνο
1534 4429 1568 4472 ιιι
1586 4414 1738 4492 praesepto
1758 4407 1839 4473 enot-

1090 4553 1162 4624 apud
1181 4553 1294 4607 lunium
1306 4572 1334 4625 p.
1352 4551 1416 4619 545,
1435 4551 1499 4620 548,
1517 4550 1580 4619 549,
1601 4550 1666 4620 553,
1686 4549 1750 4616 554,
1774 4550 1837 4622 pls·

1089 4657 1207 4711 rumque
1231 4641 1343 4694 omnino
1367 4641 1480 4711 sapiunt
1506 4641 1675 4712 origenem
1698 4655 1731 4694 no
1755 4639 1839 4695 dubio

1089 4729 1187 4801 procul
1205 4746 1331 4785 summus
1342 4731 1482 4801 interpres
1495 4746 1550 4784 non
1563 4727 1644 4783 siluit
1655 4728 1689 4781 de
1708 4729 1753 4782 his
1764 4744 1839 4799 prae-

1089 4820 1271 4876 stantissirnis
1283 4822 1422 4892 capitibus
1431 4837 1537 4878 xxxvru
1547 4826 1575 4874 et
1583 4833 1680 4888 xxxix,
1692 4835 1754 4894 qua
1765 4818 1837 4890 apud

1090 4912 1234 4966 Manrinon
1253 4917 1282 4966 et
1299 4909 1476 4966 Gallandium
1495 4915 1523 4966 in
1543 4911 1620 4982 gravi
1641 4909 1741 4964 laeana
1753 4925 1838 4982 pror-

1089 5018 1138 5055 sus
1157 5001 1358 5056 desiderantur.
1380 5000 1423 5055 Cf.
1446 5000 1534 5054 Field.
1555 5017 1585 5068 ιι,
1605 4997 1652 5052 70.

1126 5109 1153 5146 ο.
1164 5089 1209 5145 41.
1225 5092 1289 5147 Vnt.
1299 5105 1320 5146 11
1332 5089 1354 5143 f.
1365 5088 1430 5145 221.
1444 5091 1663 5161 Παραφραστικός
1679 5085 1838 5159 Olympied.

1090 5180 1162 5252 apud
1181 5181 1245 5236 Jun.
1265 5197 1293 5250 p.
1311 5178 1374 5234 555.
1394 5209 1429 5222 -
1449 5179 1493 5236 Gi.
1514 5179 1616 5233 Matth.
1636 5193 1675 5245 vt,
1695 5175 1739 5229 28.

1129 5267 1195 5337 Cup.
1216 5267 1354 5336 XXXIX,
1373 5265 1419 5322 27.
1441 5269 1506 5324 Vnt.
1525 5283 1545 5322 ιι
1565 5266 1585 5322 t.
1606 5264 1669 5318 225.
1691 5266 1732 5318 Ab
1757 5262 1839 5316 initio
