4038 6088
302 474 359 538 tta
903 469 1038 536 sallom
1058 470 1239 537 anchaldi

300 625 398 707 signia
418 623 521 690 lrenaei
541 622 683 691 llaticana
704 621 893 705 exemplaria,
915 641 981 706 quae
1000 623 1135 706 superius
1154 622 1252 706 adigi.
1269 621 1372 706 Neque
1391 623 1482 691 etiam
1502 633 1585 691 entra
1606 641 1741 709 campum
1760 635 1846 692 erant

300 730 444 799 ventilata
465 729 566 797 Clanis
587 729 813 794 claromontano
835 727 912 807 lolia,
932 744 951 792 a
971 730 1080 813 quihus
1100 729 1149 795 hic
1169 739 1265 796 mmus
1284 729 1437 797 exordium
1458 730 1549 796 hahet
1564 737 1599 812 ¹).

339 837 442 904 Statim
460 845 559 902 autem
581 855 616 901 ac
635 836 753 919 sylvam
775 834 935 901 uncialium
955 835 1088 901 densam·
1103 845 1134 901 et
1154 836 1314 902 conlectam
1335 835 1479 917 lustravi,
1500 837 1609 921 quibus
1631 838 1761 904 lormulae
1779 839 1847 904 Eu-

299 944 445 1012 cherianae
463 945 561 1011 sacmi
577 942 620 1012 Vl
633 942 790 1026 stipantur,
811 953 952 1027 quantam
973 943 1090 1010 laudem
1107 945 1169 1029 jam
1190 944 1266 1011 ultro
1286 945 1419 1012 concessi
1440 944 1566 1012 lormoso
1585 944 1698 1012 librarii
1720 946 1844 1025 calamo,

299 1055 370 1138 quin
385 1065 414 1122 et
429 1063 556 1121 venusto
570 1053 691 1136 pictoris
704 1053 852 1137 penicillo,
877 1063 987 1120 tantam
1009 1054 1081 1121 mihi
1104 1057 1199 1122 movit
1212 1055 1436 1124 admirationem
1450 1055 1615 1139 promiscua
1630 1055 1719 1122 totius
1736 1056 1846 1122 codicis

298 1161 458 1242 harbaries,
481 1179 548 1246 qua
567 1169 739 1246 perpetuam
759 1160 908 1228 scribendi
930 1171 961 1228 et
981 1161 1193 1247 pronuntiandi
1214 1162 1314 1244 arguit
1335 1160 1523 1245 imperitiam.

338 1265 416 1332 Nori
436 1285 619 1332 communem
640 1284 706 1332 esse
732 1265 810 1330 hanc
836 1275 971 1332 veterum
992 1267 1205 1349 scripturarum
1225 1266 1393 1344 colluviem,
1414 1265 1585 1349 pleramque
1610 1268 1801 1350 repetandam
1826 1286 1844 1334 a

297 1376 435 1440 continua
455 1384 485 1441 et
504 1375 679 1457 conglobata
701 1374 841 1440 similium
862 1375 1027 1441 litterarum
1049 1385 1181 1455 caterua,
1203 1393 1269 1458 qua
1290 1373 1428 1457 perennis
1447 1383 1496 1440 est
1516 1374 1708 1458 prurientium
1735 1376 1842 1460 sphal-

298 1493 407 1548 matum
428 1484 522 1565 origo.

338 1590 400 1656 Nec
414 1610 461 1656 me
475 1592 561 1674 fugit,
577 1592 657 1676 quod
670 1591 721 1656 alii
739 1593 859 1658 tortasoe
874 1593 948 1659 satis
962 1612 1020 1660 non
1034 1593 1239 1672 adverterunt,
1262 1611 1401 1675 magnum
1421 1611 1487 1660 esse
1505 1594 1663 1659 discrimen
1678 1594 1843 1661 habendum

298 1700 374 1765 iuter
393 1699 508 1764 codices
529 1717 595 1765 aero
614 1698 751 1772 Camlino
772 1708 832 1765 tum
853 1699 1030 1782 superiores,
1052 1709 1113 1764 tum
1134 1699 1322 1777 recentiores,
1343 1698 1575 1783 immensamque
1593 1699 1710 1766 laudem
1731 1699 1842 1779 deberi,

298 1808 436 1887 quamuis
451 1804 622 1887 parcissime
637 1805 782 1884 solvatur,
804 1805 939 1888 anglicis
960 1815 991 1871 et
1011 1805 1137 1872 Gallicis
1157 1804 1319 1883 monacbis,
1334 1804 1394 1889 qui,
1409 1805 1535 1870 alcuino
1554 1805 1638 1884 duce,
1652 1822 1760 1871 noram
1773 1805 1844 1869 scri·

297 1923 391 1998 ptura
410 1914 512 1978 taciem
534 1914 723 1996 induxerunt,
746 1915 907 1980 uncialium
927 1915 1059 1981 cumulos
1079 1916 1245 1994 solverunt,
1267 1913 1395 1997 capitale
1415 1924 1622 1982 contraxerunt
1641 1913 1840 1999 alphabetum,

298 2030 415 2106 tamque
428 2021 521 2086 labori
537 2021 715 2088 notariorum
730 2038 818 2104 quam
832 2021 1068 2088 membranarum
1089 2022 1229 2104 impensis
1251 2030 1455 2105 pepercerunt,
1472 2031 1504 2088 ut
1516 2020 1618 2087 subtili
1639 2031 1670 2087 et
1690 2023 1844 2105 perspicuo

297 2127 467 2195 charactere
482 2131 579 2216 potiti,
597 2139 700 2210 tarsos,
715 2131 899 2211 emendatos,
914 2131 1042 2215 liquidos
1057 2133 1155 2212 libros,
1168 2135 1249 2216 iusta
1264 2133 1340 2198 mole
1354 2141 1532 2213 compactos,
1545 2130 1576 2196 in
1589 2131 1667 2198 omni
1679 2131 1843 2198 litterarum

297 2254 404 2320 genere
419 2236 678 2302 communicarent.

336 2343 382 2408 ab
405 2343 459 2408 hoc
479 2361 558 2408 novo
581 2343 717 2408 librorum
740 2342 855 2409 theatro
875 2342 982 2408 mirum
1003 2355 1147 2427 quantum
1167 2343 1308 2410 recedant
1335 2340 1551 2426 sesquipedalia
1572 2342 1731 2408 uncialium
1752 2342 1844 2410 solu-

297 2450 393 2530 mina,
420 2469 486 2534 quae
510 2451 598 2515 etiam
619 2449 834 2534 Hieronymum
855 2449 1059 2528 deterrebant;
1082 2449 1134 2516 sad
1155 2451 1292 2533 quamvis
1314 2449 1345 2513 in
1365 2447 1421 2512 hac
1442 2446 1535 2533 prima
1559 2447 1721 2514 litterarum
1741 2459 1840 2526 atate,

296 2559 378 2625 rudis
397 2557 600 2640 indigestaque
613 2554 703 2622 moles
717 2555 827 2639 ubique
841 2568 953 2640 pareat,
971 2557 1122 2646 idiotismi,
1139 2563 1179 2635 ὡς
1203 2563 1309 2645 εἰπεῖν,
1335 2555 1456 2622 atritis
1477 2573 1544 2640 qua
1565 2556 1777 2638 Lugdunenses
1789 2575 1843 2622 co-

296 2665 376 2731 dices
389 2664 540 2744 affectant,
557 2672 617 2728 tam
637 2680 727 2741 nova,
748 2672 809 2728 tam
831 2663 980 2742 immania,
1005 2674 1064 2729 lam
1086 2665 1249 2747 singularia
1270 2673 1351 2743 sunt,
1366 2683 1458 2749 eaque
1473 2665 1650 2744 constantia,
1668 2665 1716 2731 vel
1739 2667 1768 2729 in
1782 2683 1841 2731 va-

296 2772 392 2838 cordis
412 2772 524 2838 librarii
546 2771 743 2839 inconstantia
765 2781 796 2837 et
818 2772 992 2853 temeritate,
1014 2789 1066 2857 por
1087 2791 1188 2839 omnes
1210 2773 1274 2838 illos
1296 2771 1412 2838 codices
1432 2780 1597 2855 permeant,
1618 2781 1650 2836 ut
1671 2773 1762 2838 solem
1783 2793 1841 2840 non

296 2883 407 2963 rideat,
422 2884 471 2968 qui
487 2879 537 2945 hic
550 2900 609 2945 non
620 2891 762 2964 agnoscet
773 2890 883 2946 certam
894 2881 1203 2964 circumscriptamque
1214 2878 1355 2946 librorum
1369 2885 1401 2944 ct
1411 2878 1591 2944 notariorum
1607 2880 1789 2961 provinciam
1804 2883 1839 2959 ¹).

295 3084 346 3138 has
364 3084 509 3136 vetustatis
528 3081 667 3150 reliquias
680 3097 792 3158 summe
806 3099 863 3152 qua
876 3085 969 3153 potuit
986 3082 1042 3153 fide
1096 3079 1160 3135 ιι.9.
1170 3076 1257 3132 -5.⁰
1268 3079 1483 3136 Lectionnrium
1490 3081 1708 3137 Lunoaiansein
1718 3077 1843 3135 bibl.Pa·

294 3173 492 3236 ndsmbracit,
512 3175 662 3240 capreasit,
682 3171 787 3238 edidit,
806 3172 868 3226 cod.
893 3175 1042 3228 historiam
1096 3166 1147 3220 ris.
1162 3182 1251 3238 nuper
1263 3166 1391 3239 allatum,
1405 3168 1438 3222 de
1455 3186 1509 3241 quo
1522 3169 1597 3224 Mab.
1611 3168 1669 3224 Lis.
1683 3169 1777 3240 pellic.
1793 3167 1842 3222 lib.

290 3260 1040 3334 praeficit,notasqueadjecitThom.KiplingS.T.P.
1096 3273 1127 3326 11,
1139 3257 1167 3313 9.
1187 3285 1223 3296 -
1241 3255 1285 3314 6.⁰
1304 3259 1481 3329 Ecpnsitioa.
1496 3259 1600 3314 Missae
1613 3259 1643 3312 S.
1659 3258 1796 3314 Germani
1814 3259 1841 3312 in

293 3349 359 3406 coll.
379 3353 412 3405 D·
431 3350 530 3404 dosnn.
551 3364 609 3406 soc.
631 3348 792 3420 Cantabrig.
812 3366 829 3403 a
853 3348 943 3420 praelo
962 3348 1040 3403 acad.
1097 3348 1164 3404 bibl.
1174 3349 1278 3404 Semin.
1291 3349 1484 3420 augustodun.
1494 3347 1840 3405 cemmendandam

294 3454 448 3496 mocoscrrr.
460 3468 494 3479 -
511 3443 532 3502 ¹)
553 3437 678 3492 Plurima
696 3439 770 3492 anim
789 3454 914 3493 meorum
928 3437 1041 3510 Lugdu·

293 3528 419 3582 nennium
438 3527 565 3596 ἰδιώματα
590 3525 692 3598 aliquis
710 3543 765 3581 non
784 3525 875 3582 deerit
891 3527 938 3598 qui
959 3543 1041 3598 repa-

294 3618 365 3684 rist,
384 3614 427 3671 vel
447 3617 475 3668 in
493 3615 675 3686 palimpsesto
694 3615 780 3672 Tullii
795 3615 948 3686 Republica
965 3619 995 3670 at
1013 3615 1040 3669 in

293 3705 439 3772 Vaticano,
453 3706 537 3758 immo
550 3703 680 3758 Bobiansi
694 3704 857 3776 archetypo:
872 3704 921 3758 sed
935 3721 969 3758 ne
982 3708 1040 3760 tum

294 3787 413 3865 primum
429 3792 578 3864 inquiram,
598 3796 691 3848 utrum
703 3792 849 3848 Bobiansis
862 3792 1040 3861 bibliotheca,

293 3881 445 3938 aLuxosio
457 3881 584 3949 oriunda,
598 3879 681 3951 longe
693 3898 709 3936 s
722 3880 857 3952 Lugduno
872 3882 992 3951 recedat,
1006 3899 1040 3937 su

293 3970 425 4027 Rhodano
437 3969 564 4041 proxime
576 3968 698 4040 accedat,
712 3969 745 4023 de
758 3986 813 4025 uno
826 3969 947 4026 alterove
960 3973 1040 4043 spice

293 4078 348 4117 non
361 4060 535 4128 contendam,
549 4060 596 4115 aed
608 4077 643 4115 ax
656 4062 786 4116 universa
798 4079 890 4118 rarum
906 4061 976 4116 facie
995 4067 1040 4117 tu-

291 4159 351 4209 tusn
363 4157 429 4225 pato
442 4152 639 4223 indubiumque
650 4152 805 4207 criterium.
817 4153 863 4208 hle
874 4157 966 4207 nmen
976 4150 1041 4224 plu-

291 4245 392 4299 rimum
402 4241 489 4297 taedet
500 4241 534 4294 sd
546 4257 657 4297 manum
671 4259 724 4297 uon
735 4242 834 4297 habere
845 4243 957 4312 insigne
970 4258 1041 4314 opus

291 4332 329 4389 cl.
350 4332 462 4389 Rdnsch
476 4333 549 4388 Itala
567 4333 631 4388 aad
648 4333 778 4404 Vulpeta,
792 4332 939 4403 Marburgi
961 4329 1039 4402 1868,

294 4418 372 4476 1875.
385 4451 421 4462 -
436 4429 458 4482 ὴ
475 4399 582 4475 Praetu
600 4437 649 4475 sax
666 4421 746 4474 codd.
757 4425 817 4492 jam
831 4425 950 4476 notatos:
965 4421 1040 4476 Pan-

1095 3438 1177 3495 -7.⁰
1185 3440 1399 3495 Lectionarium
1406 3437 1624 3494 Scelestadiestsa
1633 3435 1797 3492 saeculifara
1804 3449 1842 3502 vr,

1095 3528 1168 3599 quod
1178 3528 1246 3584 olim
1255 3529 1363 3583 versam
1373 3528 1402 3582 in
1413 3532 1588 3598 transcursu,
1598 3527 1716 3582 nimium
1725 3529 1843 3598 urgente

1095 3617 1230 3688 temporis
1250 3618 1392 3690 angustis.
1412 3617 1526 3673 Utinam
1544 3614 1646 3671 alicubi
1665 3619 1776 3670 exstent
1798 3631 1844 3668 aa·

1095 3707 1209 3777 quentia
1218 3711 1411 3762 monumenta:
1429 3704 1468 3762 l.⁰
1481 3708 1595 3764 Rituate
1608 3707 1636 3760 S.
1653 3705 1782 3760 Prendo
1794 3703 1845 3774 By·

1095 3795 1210 3861 centini,
1224 3796 1263 3850 cl'.
1274 3796 1348 3852 Hist.
1364 3799 1416 3854 litt.
1431 3798 1466 3854 ds
1479 3799 1507 3852 lu
1519 3797 1633 3851 Franco
1645 3798 1666 3850 t.
1680 3809 1723 3862 ιιι,
1735 3812 1764 3866 p.
1778 3791 1842 3848 532.

1094 3881 1139 3938 2.⁰
1159 3885 1333 3942 Psaltarium
1351 3905 1415 3942 cam
1435 3889 1557 3958 hymnis,
1571 3885 1604 3938 de
1622 3898 1677 3954 quo
1695 3878 1843 3952 Theophil.

1096 3974 1232 4049 Raynaud
1246 3977 1318 4049 apud
1335 3975 1463 4032 Bollsnd.
1477 3975 1512 4029 ad
1530 3977 1559 4030 S.
1574 3973 1646 4028 lren.
1662 3997 1675 4020 a
1687 3971 1737 4027 aar
1749 3971 1797 4042 qui
1810 3969 1843 4023 ad

1095 4065 1124 4121 S.
1138 4065 1273 4120 Irenaeum
1286 4068 1382 4136 ejusve
1391 4064 1564 4118 decessorem
1578 4062 1726 4118 Pothinum
1740 4059 1846 4114 retent

1094 4153 1300 4208 institutionem
1310 4153 1397 4207 divini
1408 4152 1500 4220 offleii,
1509 4151 1565 4206 ritu
1575 4152 1742 4206 Asianorum
1751 4163 1842 4218 gratae

1094 4241 1252 4298 celebrandi
1266 4241 1412 4314 Lugduni,
1425 4241 1498 4313 quod
1510 4241 1692 4296 confirmetur
1704 4255 1738 4293 ex
1750 4253 1842 4309 graece

1095 4336 1208 4387 exarato
1227 4333 1322 4387 codice
1341 4335 1511 4402 pervetusto,
1525 4331 1554 4384 in
1566 4331 1681 4398 cortice,
1701 4330 1842 4383 sassinate

1094 4422 1124 4474 in
1136 4419 1264 4492 Lugdun.
1277 4417 1403 4474 ecelesias
1417 4417 1572 4488 tabulari03
1586 4434 1619 4472 eo
1638 4415 1776 4489 siquidem
1795 4431 1844 4469 co·

291 4508 449 4563 tntanchum
460 4507 683 4579 Lugdunensem,
695 4507 883 4579 fragmentum
893 4509 1041 4566 hshburn·
1094 4511 1155 4565 dice
1166 4509 1268 4581 psalmi
1281 4514 1310 4563 et
1322 4509 1418 4582 hymni
1433 4510 1649 4580 universumque
1661 4507 1785 4561 divinum
1797 4501 1843 4558 os-

290 4599 441 4670 hsmiense‚
455 4599 685 4669 Cantabrigiansa
703 4597 889 4670 Evangelium
902 4615 965 4656 cum
984 4601 1038 4655 Ac·
1095 4598 1189 4652 ficium
1206 4599 1393 4653 continetur.»
1414 4597 1455 4654 3.⁰
1473 4598 1549 4654 Ordo
1562 4599 1591 4654 S.
1606 4596 1736 4651 Mamerti
1754 4595 1843 4647 Vien-

291 4688 376 4757 tibus,
386 4687 554 4744 Eucherium
566 4693 702 4755 nostrum,
715 4687 883 4743 Psslterium
895 4693 976 4762 cujus
986 4705 1041 4744 uns
1093 4689 1190 4743 nensis
1208 4689 1296 4759 episc.
1316 4690 1357 4744 De
1375 4691 1420 4744 luis
1439 4705 1512 4759 quae
1537 4687 1576 4742 nd
1599 4685 1722 4758 officium
1740 4688 1842 4739 missae

290 4779 395 4849 pagina
401 4782 504 4848 exstat,
513 4777 633 4832 fortasse
643 4780 671 4831 et
678 4775 931 4847 claromontanum,
940 4779 1039 4833 addere
1091 4783 1237 4848 pertinent
1248 4787 1274 4833 ct
1285 4779 1319 4832 da
1331 4782 1505 4848 conpositione
1524 4777 1661 4847 ep'sadem·
1674 4773 1719 4829 cf.
1733 4773 1841 4828 Lebrun

290 4871 344 4935 est,
361 4866 415 4920 nisi
435 4864 535 4920 fallor:
560 4861 601 4921 l.⁰
621 4865 709 4920 Paris.
725 4863 956 4936 graeco-latinum
974 4861 1039 4933 375,
1094 4874 1117 4921 t.
1136 4881 1178 4934 ιιι,
1189 4884 1218 4938 p.
1238 4865 1302 4920 tls.
1317 4867 1411 4938 Usque
1430 4866 1464 4919 sd
1484 4866 1638 4921 novissima
1651 4870 1777 4934 tempora
1789 4877 1841 4916 ax·

289 4971 382 5026 quem,
402 4959 473 5010 teste
491 4953 636 5022 Scholaio,
656 4954 685 5008 in
705 4953 798 5012 Gallia
818 4956 956 5026 scriptum
975 4969 1039 5010 esse
1093 4955 1168 5010 stitit
1187 4955 1216 5007 in
1234 4953 1412 5009 bibliothecis
1430 4953 1606 5010 Turennensi
1625 4955 1654 5006 et
1672 4947 1842 5012 Gusiaensi,

290 5043 458 5115 subscriptio
471 5043 562 5099 docet.
573 5073 607 5086 -
621 5041 664 5098 2.⁰
674 5043 847 5101 Psatterium
859 5045 888 5101 S.
903 5044 1041 5100 (termam
1093 5043 1141 5098 sed
1154 5049 1217 5098 snte
1231 5042 1330 5098 ultima
1340 5044 1422 5099 unius
1434 5043 1571 5112 incendia,
1581 5040 1699 5096 alterius
1711 5036 1843 5107 direptio-

239 5195 243 5202 ·
290 5130 390 5185 incod,
403 5129 861 5188 Paris.-3.⁰Sacramsntarium
873 5133 1040 5189 Gelloaessas
1094 5133 1352 5204 nesetlslnocinia,
1367 5131 1558 5203 utnullajam
1571 5132 1609 5186 sit
1622 5147 1687 5202 spes
1705 5129 1843 5184 vetustum

288 5217 357 5274 ibid.
369 5218 457 5276 -4,0
471 5220 642 5276 Psnltarium
660 5221 803 5276 Gallicas.
817 5223 846 5275 in
859 5224 951 5277 Velie.
967 5221 1038 5293 Reg.
1093 5222 1163 5278 muti
1173 5222 1258 5293 pretii
1269 5221 1401 5276 Ordinem
1411 5221 1602 5292 recuperandi.
1616 5250 1650 5263 -
1663 5220 1747 5276 Mitto
1756 5211 1845 5270 mults
