3978 6086
302 515 360 580 208
892 518 1060 585 SANCTUS
1080 518 1260 584 IRENAEUS

302 669 438 754 συνθίτῳ
452 675 572 760 Χριστῷ
585 669 661 746 ὄντι,
675 669 754 736 Θεὸν
768 670 821 734 καὶ
833 671 941 764 Κθριον
954 674 1047 738 αὑτὸν
1102 681 1207 755 spectu
1227 671 1266 738 ad
1285 671 1433 738 Christum
1453 672 1644 755 compositum
1658 676 1737 752 rere)
1754 674 1849 739 Deum

302 775 453 852 συνθέτως
477 775 628 865 ὠνόμασε·
646 775 727 842 καθὰ
742 777 797 841 καί
813 783 854 855 εἰς
869 779 912 844 τὰ
935 773 1046 870 &septbr
1103 776 1184 842 illum
1195 789 1225 842 et
1235 778 1394 844 Dominum
1406 779 1566 862 composite
1580 781 1756 845 nominarit.
1768 780 1849 860 Quo

300 882 354 952 rat
377 880 529 948 ἀνόθευτα
552 882 606 946 καί
628 886 744 973 ἀρχαῖα
767 893 830 948 τῶν
852 885 1046 979 ἀντιγράφων
1102 883 1274 948 modoetia
1293 885 1414 950 sinceris
1429 886 1761 952 aenonaduiterutiset
1776 887 1854 952 anti·

300 988 518 1078 ἐρευνήσαντες
533 987 614 1076 μετὰ
626 993 745 1066 πολλῆς
757 985 1049 1082 τῆςόσιριθείκςγςὺ-
1102 987 1171 1070 quis
1191 988 1406 1070 exemplaribus
1426 990 1650 1070 diligentissime
1669 992 1791 1058 scrutati
1806 992 1852 1058 in·

303 1094 450 1184 ρήκαμεν·
464 1100 505 1172 είς
518 1093 560 1161 τὰ
572 1096 632 1161 ὑπὸ
645 1093 666 1181 ¹)
683 1097 876 1187 Κλήμεντος,
890 1097 943 1163 καὶ
955 1103 1048 1188 Είρη-
1103 1093 1255 1160 venimus:
1278 1095 1326 1174 iis,
1347 1096 1479 1179 inquam,
1493 1116 1618 1181 quornm
1637 1116 1741 1164 versus
1756 1099 1850 1165 notati

300 1201 397 1281 ναίου,
421 1201 474 1266 καὶ
497 1203 635 1279 Φίλωνος
651 1213 706 1268 τοῦ
723 1203 900 1294 ριλοοθρου,
924 1204 1048 1270 reniret
1102 1208 1173 1266 sunt
1192 1217 1209 1264 a
1230 1199 1381 1267 Clemente
1400 1212 1431 1266 et
1444 1203 1556 1268 lrenaeo
1569 1213 1601 1268 et
1613 1203 1737 1270 Philone
1756 1202 1851 1288 philo-

302 1305 344 1372 τὰ
355 1299 477 1385 ἑξαπλᾶ
485 1307 722 1396 συστησαμένου
735 1309 911 1399 στιχθέντα.
923 1312 977 1376 Διὸ
988 1309 1048 1383 τὸν
1102 1307 1194 1390 sopho
1207 1315 1239 1372 el
1251 1307 1289 1371 ab
1302 1326 1337 1373 co
1348 1307 1398 1393 qni
1409 1309 1540 1393 Hexapia
1551 1310 1724 1394 composuit.
1738 1311 1852 1392 Quem·

303 1413 358 1503 μὲν
382 1407 552 1504 ἑξαήμερον
575 1415 676 1478 κτίσιν
701 1419 815 1492 ἁπλοῦς
834 1417 912 1494 Θεὸς
928 1415 970 1482 ὢν
994 1409 1050 1491 θη·
1103 1413 1204 1479 obrem
1223 1433 1275 1480 sex
1295 1414 1415 1498 quidem
1434 1415 1548 1483 dierum
1568 1427 1731 1484 creaturam
1755 1417 1847 1498 Deus,

303 1529 451 1610 μιυυργετ·
466 1517 526 1591 τὸν
551 1509 585 1583 dt
608 1518 690 1607 μετὰ
705 1515 807 1585 ταῦτα
823 1521 932 1596 καινὴν
948 1523 1048 1588 κτίσιν
1103 1539 1195 1604 quum
1220 1521 1344 1606 simplex
1373 1532 1442 1603 est,
1470 1524 1586 1590 condit:
1615 1543 1724 1592 noram
1751 1533 1850 1592 antem

303 1622 446 1700 σύνθετος
458 1623 593 1716 γεγονὼς
609 1625 716 1715 Κύριος
731 1627 785 1690 καί
799 1629 886 1704 Θεὸς,
904 1629 1049 1695 τουτέστι
1103 1646 1171 1711 qnae
1187 1640 1289 1713 postea
1311 1629 1376 1709 luit,
1391 1640 1552 1697 ereaturam
1567 1633 1677 1716 (utqui
1692 1633 1789 1697 iactus
1807 1641 1854 1698 est

298 1731 382 1806 Θεὸς
397 1730 452 1794 καί
467 1730 633 1822 ἄνθρωπος,
650 1735 778 1825 Χριστὸς
798 1735 1049 1813 ’1ησοῢςἊιιου-
1104 1737 1294 1820 compositus)
1311 1737 1380 1802 lacit
1398 1737 1542 1804 Dominus
1559 1747 1590 1805 et
1610 1741 1700 1820 Deua,
1717 1739 1772 1804 boc
1791 1751 1850 1820 est,

305 1860 358 1902 σον
382 1847 533 1928 νουνεχῶς
558 1841 714 1932 μυστήρια
744 1848 824 1907 Θεοῦ
848 1837 972 1923 ζῶντος,
996 1843 1051 1906 καί
1091 1841 1182 1907 -Deus
1202 1851 1232 1908 et
1246 1842 1342 1922 horno,
1357 1843 1492 1910 Christus
1515 1845 1612 1911 lesus.
1635 1847 1710 1912 dudi
1739 1856 1853 1912 attento

303 1942 472 2034 θαύμασον·
487 1947 581 2018 ἡνίκα
596 1945 656 2039 γὰρ
672 1942 800 2026 ἐξῆλθεν
816 1942 919 2040 Ἀδὰμ
935 1954 970 2015 ἐκ
993 1962 1049 2016 τοῦ
1103 1949 1201 2016 animo
1215 1951 1354 2033 mysteria
1369 1949 1424 2017 bei
1439 1951 1579 2031 virentis,
1593 1963 1623 2019 et
1637 1953 1792 2020 admirare.
1810 1989 1850 2002 —

303 2042 506 2142 Παροὸείσου,
532 2051 639 2131 εὺθίως
662 2061 682 2129 ἡ
708 2053 776 2120 θεία
795 2055 898 2148 γραφὴ
924 2060 959 2122 σὺ
981 2081 1051 2122 συν-
1104 2054 1230 2137 Quando
1240 2057 1318 2120 enim
1329 2056 1500 2122 exiitddam
1512 2076 1547 2123 er
1558 2059 1708 2137 Paradiso,
1718 2060 1852 2144 pmtinus

303 2154 384 2242 θίτῳ
400 2158 532 2248 ὀνόματι
546 2159 778 2253 προσηγόρευσε
799 2162 855 2226 τὸν
880 2153 1048 2240 δεσπόταν,
1103 2161 1253 2246 Scriptura
1273 2163 1375 2230 diviua
1396 2181 1455 2230 uon
1476 2166 1638 2250 composito
1662 2165 1779 2231 nomine
1800 2185 1851 2250 op·

303 2263 373 2326 ἀλλ’
399 2268 498 2349 ἁπλῷ·
523 2256 703 2354 θεοινυμίνη
718 2267 746 2355 ²)
763 2265 824 2358 γὰρ
839 2272 915 2356 ἡμῖν
935 2273 955 2341 ἡ
981 2264 1050 2330 θεό-
1104 2267 1227 2349 ροίίενὶί
1253 2267 1424 2348 Dominum,
1444 2269 1495 2335 sed
1512 2269 1649 2353 simplici.
1667 2270 1760 2337 Nobis
1772 2271 1850 2335 enim

303 2392 456 2447 πνευστος
474 2373 593 2460 ἱστορία
605 2374 661 2438 τὸν
671 2383 729 2451 τῆς
743 2375 822 2450 Εὔας
837 2371 941 2450 τόκον,
957 2371 1049 2460 φησίν
1104 2391 1227 2440 narrans
1246 2374 1393 2442 divinitus
1420 2377 1565 2460 inspirata
1588 2377 1714 2443 historia
1736 2389 1851 2462 parturn

305 2473 413 2551 εὺθέως
444 2475 528 2565 μετὰ
557 2477 617 2552 τὴν
649 2482 684 2544 ἐκ
712 2470 906 2572 Παραθείσου
934 2466 1049 2555 ἔξοδον·
1102 2479 1186 2558 Era,
1208 2479 1280 2544 dicit
1300 2483 1401 2546 statim
1422 2492 1489 2564 post
1508 2481 1659 2547 exitume
1687 2482 1846 2548 paradiso:

297 2578 402 2671 Ἔγνω
426 2570 460 2644 δὲ
483 2570 585 2671 Ἀδὰμ
607 2584 688 2647 Εὕαν
711 2581 770 2657 τὸν
793 2593 927 2676 γυναῖκα
944 2585 1048 2658 αὑτοῦ,
1106 2611 1120 2648 ι
1133 2586 1392 2671 Cognovitautem
1402 2589 1495 2656 ddum
1506 2608 1626 2656 omrem
1636 2607 1730 2669 suam,
1741 2599 1771 2655 et
1784 2608 1851 2656 cum

304 2685 358 2750 καί
380 2681 578 2754 συλλαὸοῦσα
601 2690 690 2756 ἔτεκε
705 2691 760 2758 τὸν
775 2692 862 2755 Καίν·
879 2689 940 2754 Καί
955 2683 1052 2754 εἶπεν·
1102 2695 1294 2779 concepisset,
1308 2696 1422 2781 peperit
1435 2697 1519 2779 Cain,
1532 2707 1562 2763 et
1575 2698 1661 2764 uiuit:
1671 2697 1794 2763 Ponendi
1803 2699 1852 2763 bc·

303 2801 507 2890 Ἐκτησάμην
521 2792 573 2867 διὰ
585 2812 640 2867 τοῦ
654 2805 743 2868 Θεοῦ.
755 2803 783 2887 ⁸)
796 2808 832 2866 Εἰ
849 2794 883 2869 dt
898 2803 952 2868 καί
968 2802 1051 2892 μετὰ
1103 2804 1207 2868 πίνουσι
1225 2823 1279 2888 per
1299 2805 1432 2868 nans.»
1454 2803 1541 2884 Quod
1562 2805 1588 2868 si
1607 2804 1697 2870 etiam
1719 2815 1785 2888 post
1801 2824 1852 2871 er·

304 2911 364 2986 τὴυ
380 2913 415 2974 ἐκ
427 2919 483 2974 τοῦ
500 2901 691 3001 nepotalem
708 2902 856 2988 ὲξώθησιν
873 2915 904 2976 ἐν
923 2923 963 2998 τῇ
982 2910 1050 2998 θείᾳ
1103 2908 1266 2992 pulsionem
1280 2928 1315 2975 ex
1327 2909 1466 2976 Paradiso
1478 2909 1621 2976 Dominus
1637 2909 1805 2976 nominatur
1819 2911 1850 2974 in

304 3030 407 3112 γραφῇ
430 3014 616 3110 ὀνομάζεται
631 3019 739 3110 Κύριος
755 3020 833 3096 Θεὸς
849 3024 865 3084 ὸ
882 3011 1047 3100 δεσπότης,
1102 3015 1206 3084 divina
1226 3015 1377 3100 Scriptura
1398 3016 1477 3084 [laus
1496 3016 1671 3096 dominator,
1696 3034 1733 3082 ne
1757 3018 1850 3085 mire-

305 3125 347 3216 μὴ
379 3125 550 3216 θαυμάσῃς·
578 3126 667 3192 ἔσται
689 3127 749 3220 γὰρ
780 3129 884 3218 καιρὸς
915 3130 969 3194 ὅτε
996 3128 1050 3192 καί
1104 3123 1162 3188 ris:
1193 3125 1249 3190 erit
1269 3126 1346 3190 enim
1367 3135 1479 3208 tempus
1499 3126 1618 3208 quondo
1639 3126 1675 3189 iis
1691 3126 1778 3191 etiam
1799 3127 1850 3209 qui

303 3243 366 3298 τῶν
383 3234 471 3310 ἐκτὸς
495 3245 552 3310 τῆς
568 3237 735 3313 ἐκκλησίας
751 3236 902 3328 κυριεύσει
926 3228 978 3302 διὰ
993 3247 1048 3302 τοῦ
1103 3240 1172 3296 sunt
1191 3241 1274 3298 entra
1288 3231 1459 3310 Ecclesiam,
1478 3232 1677 3298 dominabitur
1695 3251 1747 3318 per
1760 3252 1851 3300 eran·

305 3341 497 3433 εὐαγγελίου·
521 3341 583 3406 Καὶ
604 3341 782 3434 γενήσεται,
798 3347 838 3419 ὡς
862 3343 954 3420 αὐτὸς
971 3337 1047 3420 εἶπε,
1102 3337 1224 3419 gelium,
1240 3343 1268 3402 et
1279 3339 1341 3420 αι’ί,
1358 3348 1390 3403 ut
1404 3338 1468 3422 ipse
1480 3337 1567 3421 dixit,
1584 3359 1671 3403 enum
1684 3339 1762 3414 nuile,
1777 3357 1850 3403 υιιιιυ

308 3447 364 3535 μία
386 3447 514 3536 ποίμνη,
540 3445 581 3524 εἷς
604 3447 730 3538 ποιμήν.
745 3447 770 3530 4)
1102 3450 1212 3528 portur.

307 3663 380 3716 inter
393 3661 552 3715 testimonia
564 3660 714 3715 delrenoeo
726 3663 830 3732 posuit.
842 3662 908 3716 lure
920 3680 988 3732 orgo
1002 3663 1046 3716 in·
1095 3635 1217 3732 ‘insuper
1238 3677 1301 3715 cunr
1320 3659 1410 3715 Pelet.
1430 3659 1494 3730 378,
1514 3660 1563 3716 fol.
1588 3658 1718 3731 ror-rte,
1739 3659 1796 3716 lere
1815 3678 1845 3717 xr

307 3755 387 3820 legra
404 3747 586 3820 proferuntur
603 3749 649 3803 hic
667 3765 703 3803 cx
721 3749 817 3805 eodem
835 3751 929 3806 codice
948 3752 981 3820 (ί.
1001 3748 1047 3816 92)
1102 3749 1210 3805 raecnli.
1222 3780 1258 3794 -
1272 3747 1299 3824 l)
1312 3751 1360 3805 ὑπὸ
1371 3769 1427 3806 om.
1442 3751 1505 3807 Par.
1521 3783 1556 3794 -
1575 3749 1598 3817 ²)
1618 3751 1767 3824 διυγουμίντ
1782 3750 1845 3805 Pel.

309 3839 479 3910 parisiensi,
498 3839 544 3910 qui
565 3838 667 3910 fragm.
688 3855 734 3895 ειν
751 3841 896 3912 praeetitit,
917 3840 1048 3896 collatum
1101 3870 1137 3884 -
1151 3839 1175 3904 ³)
1195 3840 1265 3896 Gen.
1284 3857 1323 3910 ιν,
1344 3838 1369 3895 l.
1388 3869 1423 3884 -
1436 3840 1460 3908 4)
1479 3843 1559 3897 loen.
1579 3857 1619 3909 ιι,
1641 3840 1682 3896 ld.

1053 4108 1099 4182 X.

523 4302 701 4386 Euterptum
720 4323 740 4368 o
762 4303 795 4371 S.
818 4303 961 4369 Gerrrrono
982 4302 1044 4368 GP.
1067 4304 1223 4368 denotatio
1244 4302 1452 4367 bibliothecario
1471 4303 1629 4385 interprete.

354 4512 466 4604 [Εξῶν
479 4519 702 4611 ρανερὸν,ὅτιὸ
715 4528 777 4585 τῶν
790 4518 935 4585 ἁπάντων
948 4521 1051 4610 τεχνί-
1146 4515 1850 4603 [Quatuorrerosunterangelio,quoniamque·

304 4651 365 4703 της
384 4626 506 4719 Λόγος],
523 4629 539 4690 ὁ
563 4624 736 4716 καθήμενος
752 4625 879 4691 ἐπὶτῶν
896 4619 1050 4717 Χερουθίμ
1106 4636 1170 4692 tuor
1180 4634 1250 4691 eunt
1261 4624 1444 4692 universales
1456 4623 1588 4709 spiritnS,
1605 4625 1764 4692 secundum
1778 4641 1851 4710 qna·

306 4734 359 4798 ιιαί
379 4733 514 4824 συνέχων
530 4732 572 4798 τὰ
587 4733 701 4810 πάντα,
715 4731 896 4823 ρανερωθείς
908 4735 983 4817 [τοῖς
1000 4737 1051 4798 ἀν·
1104 4732 1253 4798 drilormia
1274 4730 1422 4812 animalia,
1438 4729 1593 4815 inquibus
1612 4731 1696 4799 sedet
1715 4731 1848 4797 omnium

307 4840 447 4932 θρώποις]
473 4832 586 4907 ἔδωκεν
610 4845 685 4930 ἡμῖν
701 4839 915 4932 τετράμορρον
938 4841 976 4908 τὸ
1001 4845 1050 4907 eb-
1104 4837 1207 4922 Deus]
1229 4851 1260 4906 et
1279 4858 1315 4905 ex
1336 4839 1444 4923 quibus
1464 4840 1677 4924 apparet,quia
1699 4840 1749 4924 qui
1770 4839 1851 4905 rodet

341 5001 378 5058 X.
393 5000 471 5057 Hand
484 5002 628 5074 mediocri,
642 5003 751 5074 opinor,
761 5000 898 5076 voluptati
915 5003 970 5059 luit
982 5000 1050 5058 dili·
1104 5001 1196 5060 diculo
1206 5001 1329 5056 auctoris
1338 4998 1496 5056 latitantem
1507 5003 1849 5060 interdnastuiiSinaitac

306 5089 383 5160 genti
397 5089 508 5158 (trebio,
520 5107 603 5161 quum
617 5089 751 5146 Irenaeum
762 5093 887 5160 σποράδην
900 5088 1047 5161 colligens.
1106 5091 1287 5151 Οιισωιίοπεε
1311 5089 1362 5143 sub
1381 5104 1456 5143 num.
1477 5105 1570 5160 oxnrv,
1589 5091 1690 5146 iterum
1709 5087 1847 5160 sepultam

309 5177 414 5249 primun
432 5176 539 5232 detexit
549 5181 692 5250 ingentem
711 5180 865 5234 orationem
878 5196 912 5233 ex
923 5177 996 5234 libro
1008 5191 1050 5245 nr,
1104 5179 1133 5233 in
1147 5177 1288 5249 ferragine
1300 5175 1562 5246 Pseudoflermuni,
1576 5195 1638 5249 quoe
1652 5176 1850 5233 circumfertur

305 5283 331 5322 c.
342 5281 371 5322 ιι
389 5267 493 5324 Contra
502 5267 639 5326 Haemon
649 5268 927 5341 decerptam,etrine
936 5264 995 5322 ullo
1004 5268 1048 5320 in·
1104 5266 1243 5339 inscripta
1272 5266 1507 5322 rerumrerum
1526 5268 1786 5322 σεσίιείαεείεατιιπι.
1806 5263 1849 5320 Ex
