3976 6078
898 509 1051 578 XXXIX

193 646 248 719 civ
266 646 378 742 o'pcrrla
401 645 556 744 ρρίνησιν·
573 639 627 720 τήν
645 672 675 714 τε
689 643 837 738 ἐμπορίαν
854 651 951 728 αὐτῆς
994 653 1027 712 in
1048 669 1172 714 seucum
1191 657 1224 715 et
1244 651 1352 715 oculos
1372 651 1469 727 cadit,
1492 655 1525 713 et
1545 655 1755 714 mercaturam

194 754 280 846 [πρδ]
310 753 429 825 πάντων
467 751 650 825 ασπαστίαν
688 755 864 845 σημαίνων,
899 753 955 821 καί
995 762 1064 839 ejus
1104 779 1170 842 prae
1201 763 1345 823 omnibus
1379 762 1473 822 rebus
1505 762 1755 840 amplectendam

193 867 233 944 ὥς
254 865 340 931 οὐδὲν
362 871 444 956 αὐτῇ
465 859 582 945 κακίας
609 857 729 942 sideru*
764 858 956 957 πανουργίας
997 871 1175 947 ostendens,
1199 888 1255 930 nec
1286 869 1387 930 ullam
1406 869 1539 931 malitiae
1571 873 1627 929 aut
1648 886 1757 929 verau-

194 969 452 1059 οἰντιτασσίμενον
482 970 592 1062 ι’σχιίει·
615 980 681 1052 τοῖς
703 970 735 1040 δὲ
766 977 872 1060 ἐρῶσιν
904 975 960 1035 ct·
1002 975 1065 1038 tiae
1098 975 1232 1037 formam
1267 977 1298 1037 id
1330 995 1429 1055 genua
1462 976 1646 1056 opponendo
1671 974 1759 1055 quid-

197 1091 252 1160 τῆς
286 1078 443 1174 πρόδηλον
475 1077 636 1174 γνιίρισμα
673 1087 843 1172 παριστῶν,
866 1074 962 1167 ἑκβοά
1004 1098 1096 1163 quam
1127 1084 1244 1144 virium
1265 1084 1395 1146 habere:
1427 1083 1622 1144 amatoribus
1653 1087 1759 1142 autem

198 1187 262 1278 μετ’
287 1184 455 1284 εὐφημίας·
480 1183 660 1280 Εὐγνωστίς
695 1195 759 1254 ἐστι
781 1194 876 1268 πᾶσι,
902 1185 959 1252 καί
999 1191 1140 1269 ejusdem
1176 1192 1304 1253 evidens
1337 1191 1463 1269 siguum
1497 1193 1536 1250 ob
1570 1189 1678 1250 oculos
1707 1207 1761 1266 po·

197 1303 256 1364 πᾶν
279 1296 312 1365 δὲ
333 1294 433 1385 τίμιον
456 1301 511 1363 οὐκ
532 1295 616 1374 οἶξιον
639 1301 747 1374 αὐτῆς.
1000 1317 1091 1378 neus,
1114 1299 1275 1360 exclamat
1296 1317 1367 1360 cum
1397 1299 1568 1378 praeconio:
1592 1297 1694 1358 Probe
1715 1314 1764 1356 co·

995 1411 1088 1484 yaita
1108 1417 1150 1469 art
1176 1411 1329 1485 omnibus,
1351 1426 1389 1468 ac
1418 1410 1533 1486 quove
1552 1425 1601 1467 ree
1622 1405 1761 1486 pretiosa

999 1515 1042 1574 cd
1063 1533 1131 1578 eam
1151 1522 1335 1596 comparato
1355 1515 1436 1575 nibil
1458 1521 1543 1577 cst.»

278 1623 372 1686 Prov.
398 1625 554 1702 v111,22.
587 1613 698 1711 Κύριος
723 1613 825 1684 ἔκτισέ
849 1641 887 1703 με
907 1619 961 1710 οἱμ-
1061 1625 1136 1702 Cap.
1172 1625 1261 1701 VIII,
1292 1625 1342 1687 22.
1382 1625 1530 1684 Dominus
1565 1624 1680 1684 meavit
1715 1637 1763 1682 me
1852 1635 1853 1638 ’

200 1727 259 1818 χήν
286 1727 360 1795 ὅόὤν
383 1733 477 1793 αὐτοῦ
498 1737 537 1804 εἰς
560 1721 637 1820 ἔργα
662 1731 767 1812 αὐτοῦ.
793 1731 820 1812 ¹)
995 1732 1191 1809 priocipium
1213 1735 1339 1792 ciarum
1359 1750 1500 1795 oacrum.

233 1837 339 1928 Ἀρχνῖ
361 1834 421 1929 γὰρ
446 1843 507 1902 ruia
532 1834 713 1902 κακκίστων
739 1836 816 1901 totio
839 1840 897 1910 ταῖς
919 1831 962 1901 δι·
1062 1841 1259 1920 Principium
1291 1841 1374 1902 euim
1405 1841 1656 1920 pulcherrimum
1695 1839 1763 1899 via·

201 1944 365 2022 καιισίνης
387 1943 549 2037 γεγένηται
579 1947 657 2032 η’μῖν
687 1941 888 2030 ὅοίνθρωπως
909 1950 962 2009 τοῦ
1002 1965 1072 2008 rum
1089 1949 1228 2025 justitiae
1250 1949 1358 2010 factus
1372 1961 1421 2010 eat
1442 1951 1532 2010 nobis
1547 1951 1765 2011 homo-Chri·

201 2061 333 2142 Χριστοῦ
355 2062 418 2130 τοῖς
445 2047 597 2148 κρείττοσι
623 2061 679 2120 τῶν
711 2051 963 2140 ἐπιτηδευμάτων
1005 2067 1085 2132 stus,
1107 2057 1161 2138 qui
1186 2059 1374 2137 praestantia
1394 2061 1553 2121 actionum
1585 2062 1764 2122 adducendo

201 2161 364 2257 προσαχων
385 2163 469 2250 ημᾶς
499 2168 712 2250 σεμνοπρεπῶς
736 2155 965 2254 ωροσαρμίττει
1007 2189 1072 2246 nos,
1095 2169 1217 2229 decenti
1251 2171 1411 2248 gravitate
1441 2171 1585 2250 adjungit
1618 2171 1764 2248 Spiritui,

204 2280 245 2361 τῷ
264 2270 413 2358 πνειίματι
436 2269 549 2362 {erupti
569 2281 610 2346 εὶς
632 2270 681 2337 τόν
705 2263 901 2359 παράδεισον·
925 2279 965 2348 εἰς
1006 2288 1038 2338 et
1058 2286 1217 2356 tamquam
1239 2279 1380 2356 hospites
1402 2278 1436 2336 iu
1460 2278 1641 2357 paradIaum
1663 2279 1763 2354 ducit,

204 2380 258 2448 τνῖν
280 2377 395 2446 οἰκείαν
424 2374 665 2450 araneam-dea
691 2375 799 2467 νομήν.
832 2378 884 2443 Διί
910 2376 967 2443 καί
1008 2392 1040 2446 et
1064 2389 1103 2448 ad
1123 2387 1286 2466 proprium
1321 2387 1467 2448 reatItuit
1497 2387 1659 2468 pabulum.
1693 2387 1766 2448 Ideo

204 2487 371 2576 ὁΧριστδς
403 2485 516 2580 ἔπεχεν·
539 2486 617 2579 Ἐγώ
641 2499 702 2576 σι’μι
724 2491 745 2558 η’
776 2485 842 2563 aaa
863 2487 960 2557 καίνί
1003 2497 1101 2557 etiam
1135 2499 1283 2558 Christus
1304 2497 1398 2556 dixit:
1423 2497 1522 2574 «Ego
1557 2515 1626 2556 aum
1649 2497 1703 2555 via
1735 2505 1768 2556 et

204 2595 332 2668 ἀλήθεια
355 2595 411 2663 καί
432 2600 452 2662 ri
473 2593 549 2682 ζωοί.
572 2605 623 2685 Τῷ
637 2597 691 2684 μέν
707 2594 832 2683 ὀνίματι
848 2587 896 2661 οὖν
913 2603 967 2675 τῆς
1009 2607 1129 2666 νοτίοιο
1150 2616 1182 2669 et
1204 2606 1317 2669 vita.»
1340 2607 1400 2663 Per
1418 2623 1530 2664 nomen
1544 2605 1644 2683 igitur
1666 2605 1767 2664 «viae»

206 2705 276 2774 adca
297 2705 353 2772 acti
380 2705 462 2772 κατσί
484 2701 646 2799 ἄνθρωπον
669 2704 761 2775 δηλοῖ
785 2704 963 2798 περιβολήν,
1006 2713 1146 2774 ostendit
1156 2715 1324 2774 secundum
1339 2716 1499 2775 hominem
1513 2717 1675 2790 amictum,
1688 2714 1768 2794 quod

206 2811 277 2904 ὅπερ
297 2813 364 2881 ἔστι
384 2821 440 2882 τῶν
464 2824 648 2901 σωματικῶν
673 2815 730 2880 καί
752 2823 808 2881 τῶν
835 2817 961 2906 ὁρατῶν·
1005 2831 1055 2884 est
1094 2839 1201 2883 rerum
1243 2841 1466 2904 corporearum
1500 2830 1533 2884 et
1575 2824 1769 2885 visibilium.

204 2931 262 3013 γῆς
283 2922 343 3014 peip
368 2949 395 2990 τι
419 2919 522 3010 μίριον
545 2923 567 2993 ri
592 2919 658 3000 ίδίς
690 2923 747 2989 καί
768 2921 914 2994 αἰσθητὸν
945 2929 972 2988 ὲ·
1011 2936 1119 2994 Τοηεω
1140 2935 1224 2995 euim
1244 2936 1387 3012 quaedam
1408 2951 1482 3013 pars
1503 2939 1553 2994 cst
1574 2933 1641 3010 via,
1663 2942 1696 2994 et
1717 2949 1771 3012 pa-

205 3028 310 3127 δάριον
332 3021 519 3101 κατίστησε·Ι
544 3029 577 3097 τί
598 3030 632 3098 δὲ
654 3028 749 3120 ὄνομα
772 3039 826 3112 τῆς
848 3028 972 3102 dicea-
1013 3045 1188 3106 vimentum
1209 3045 1244 3104 iu
1258 3063 1369 3108 aeuaua
1390 3045 1540 3107 occurrit.
1557 3043 1677 3104 Nomen
1693 3063 1769 3104 vero

206 3169 243 3218 ας
264 3149 320 3223 τῆς
342 3150 421 3220 ζωῆς
443 3140 496 3214 τήν
521 3149 572 3209 τοῦ
604 3141 724 3236 ΙΙατρός
747 3140 847 3236 φύσιν·
872 3139 967 3234 η’γᾶμ
1011 3154 1187 3214 «κοινωνεῖν
1208 3159 1241 3215 et
1263 3155 1337 3216 vita
1354 3176 1371 3212 ν
1391 3155 1499 3216 PatrIa
1514 3164 1659 3217 naturam
1675 3155 1771 3232 signi·

206 3247 342 3322 allam
364 3245 500 3344 ωρᾶχμοί
522 3277 549 3317 τι
570 3251 688 3335 νοητὸν,
721 3251 786 3319 οὗτε
814 3247 965 3340 ὄμμασιν,
1008 3263 1094 3340 licat,
1116 3281 1189 3322 nam
1212 3264 1330 3325 veritas
1364 3282 1414 3324 res
1435 3271 1485 3326 eat
1506 3269 1608 3325 mento
1629 3281 1771 3343 compre-

208 3358 275 3429 οίτε
295 3361 359 3457 αἱρῇ
380 3357 571 3430 ιίσοωίπτον.
1012 3372 1186 3450 tendenda,
1203 3391 1300 3452 oeque
1320 3374 1423 3434 oculis
1445 3391 1543 3454 neque
1558 3373 1658 3438 tactui
1674 3374 1774 3451 subji-

1013 3481 1109 3546 citur.
1166 3461 1169 3467 ¹

268 3585 341 3660 Cap·
363 3583 448 3644 XVI·
472 3583 523 3645 32·
546 3576 706 3665 Κρείσσων
725 3576 804 3673 ἀνὴρ
818 3579 973 3667 μακμίθυ·
1072 3595 1147 3675 Cape
1169 3593 1256 3671 XVI,
1278 3593 1329 3656 31.
1352 3595 1550 3654 Constantior
1575 3599 1617 3656 act
1637 3596 1688 3654 vir
1709 3598 1775 3657 lon·

209 3714 265 3777 μσς
286 3694 426 3776 ἰσχυροῦ,
451 3687 468 3750 δ
489 3685 522 3752 δὲ
553 3697 672 3774 κρατῶν
707 3697 799 3784 ὀργῆς
821 3686 971 3780 κρείσσων
1012 3704 1151 3778 punitate
1170 3704 1304 3780 formet
1326 3705 1352 3763 ie
1372 3705 1544 3782 uolutauit
1565 3704 1774 3768 irammelr'or

209 3797 530 3887 καταλαμβανομένον
553 3793 655 3863 σίλιν.
679 3801 709 3886 ²)
1017 3805 1060 3873 e'ct
1080 3822 1245 3891 occupante
1264 3815 1380 3876 arbem.

270 3908 305 3971 '0
327 3905 383 3994 μὲν
404 3905 465 3999 peip
484 3907 660 4000 στρατηγὸς
675 3904 766 3974 ῦόλεν
788 3902 874 3988 ἅπαξ
887 3910 975 3994 ἕλῶν,
1096 3923 1169 3985 Dux
1189 3926 1360 4006 exercitus,
1374 3936 1469 4009 capta
1483 3931 1560 3991 urbe
1581 3931 1678 3991 semel
1692 3931 1778 3990 dum-

188 4017 248 4093 ἰι”ς
266 4013 447 4105 aporiatur,
474 4013 622 4087 διέθηκεν·
646 4013 666 4083 ὅ
682 4016 715 4085 δέ
735 4045 770 4112 γε
791 4027 847 4087 τῶν
869 4028 971 4091 παθῶν
1014 4037 1117 4110 taxat,
1149 4053 1220 4098 cum
1240 4054 1279 4096 ea
1299 4054 1357 4118 pro
1371 4037 1506 4100 arbitrio
1522 4041 1607 4118 agit..
1625 4040 1685 4106 Qui
1702 4059 1777 4102 roro

208 4121 334 4215 τίνίοχος
355 4124 530 4206 ιίωοτοίττει,
557 4133 656 4195 ταῦτα
677 4134 721 4225 ἐφ’
743 4125 812 4195 ὅσον
839 4132 923 4199 ἐστίν
945 4141 974 4200 ὲν
1018 4143 1199 4205 moderatur
1220 4145 1317 4207 animi
1338 4145 1537 4226 affectiones,
1565 4150 1669 4211 instar
1690 4151 1778 4212 auri-

211 4241 250 4326 τῇ.
272 4240 346 4327 ζωῇ·
369 4237 385 4299 ὁ
405 4237 465 4330 χείρ
487 4234 630 4334 ὲμριίλιος
651 4263 776 4318 παντως
800 4249 852 4309 τοῦ
865 4238 971 4319 ἔξωθεν
1013 4271 1073 4331 gae,
1095 4271 1148 4314 eas
1170 4255 1231 4316 sibi
1253 4256 1383 4318 subiicit
1412 4256 1559 4338 quamdiu
1589 4259 1683 4320 vivit.
1706 4260 1780 4320 Bel-

211 4343 290 4428 ὲστί,
304 4343 526 4440 χαλεπώτερος,
547 4347 587 4423 οἷς
605 4341 619 4412 ί
635 4373 669 4438 γε
690 4345 849 4442 πορθήσας
863 4356 974 4441 α’πεμε-
1014 4361 1080 4423 lum
1104 4365 1189 4426 enlm
1211 4366 1398 4429 intestinum
1420 4355 1554 4430 externo
1576 4387 1707 4450 prorsus
1729 4378 1779 4433 eat

212 4453 356 4543 ρίμνησε·
380 4457 395 4522 e‘
416 4455 450 4524 δέ
470 4456 543 4548 πρδς
564 4455 974 4553 οἷπανστονὲχθρδναῗγωνί·
1013 4469 1184 4534 difficilius.
1210 4475 1251 4537 Ut
1283 4477 1342 4540 ille
1374 4479 1482 4540 urbem
1513 4482 1707 4560 depopulans
1740 4501 1778 4543 ac

214 4569 308 4642 ζεται.
333 4565 420 4660 llla'ycr
441 4561 542 4635 τοίνυν
563 4567 770 4666 κατίρξωμα,
793 4571 826 4636 τὸ
843 4581 968 4660 κρατεῖν
1010 4581 1192 4660 ἀντιτείνων,
1215 4588 1301 4646 omni
1323 4587 1480 4650 liberatur
1502 4607 1580 4651 cura
1601 4599 1634 4654 ct
1657 4591 1781 4653 sollici-

709 4681 713 4688 ’
1013 4695 1133 4774 tudiac;
1156 4697 1209 4757 hic
1229 4714 1307 4758 vero
1327 4700 1479 4761 adversus
1494 4703 1617 4764 hostem
1640 4703 1783 4766 irrecon-

1017 4808 1192 4872 cIIIabilem
1214 4811 1368 4876 luctatur.
1392 4814 1599 4878 Praeclarum
1613 4814 1715 4898 igitur
1737 4817 1783 4878 ia·

273 5209 299 5275 ι)
314 5211 381 5266 ooo.
397 5213 433 5266 ω.
452 5225 479 5278 p.
491 5215 545 5266 aar.
565 5213 748 5268 licostratus
761 5213 827 5281 lega
840 5187 982 5282 ἐσῖνθρω·
1025 5210 1119 5264 groco
1137 5209 1254 5263 prorsus
1274 5198 1505 5264 componendum.
1517 5199 1639 5254 -cueu
1655 5195 1776 5250 medium

214 5313 275 5372 ¹³⁰5
298 5289 436 5385 χθῑσῒίςι
454 5313 481 5366 ld
499 5314 572 5380 quod
595 5315 678 5368 ellam
691 5315 799 5379 syriace
821 5320 895 5370 tanet
907 5318 978 5382 lr·ug·
1026 5300 1087 5353 ωὖ-
1107 5285 1189 5352 hibet
1202 5274 1350 5348 δηλοῦνω
1369 5271 1519 5370 ἀοράτων·
1610 5308 1613 5316 ’

224 5401 345 5450 mentum
370 5397 407 5451 lx
424 5400 450 5451 in
467 5403 543 5452 tomo
561 5399 606 5468 IV,
633 5409 658 5450 e.
676 5397 732 5464 lta,
752 5409 814 5452 curn
831 5399 884 5453 hoc
912 5400 973 5453 loco
1075 5381 1103 5445 ²)
1118 5381 1186 5434 0⁰¹¹·
1204 5382 1239 5435 td.
1259 5395 1287 5448 Ρ·
1305 5386 1359 5464 ¹456·
