4044 6098
850 468 889 532 lN
910 465 1085 533 Psttttos

185 619 299 712 λόγους
324 625 431 708 εὑρεῖν,
456 625 496 695 ὡς
519 618 775 708 παραθησόμεθα·
800 615 862 683 οἷον
886 619 935 682 ὀτι

190 731 225 790 οό
241 728 279 792 τό
304 726 409 816 μάτην
426 732 442 791 ό
459 719 568 820 ὄγδοος
583 727 658 818 ὑπὲρ
674 737 736 791 τῶν
752 732 855 800 ληνῶν
872 729 937 790 ἑπι-

186 835 373 928 γέγραπται,
386 846 512 926 καρπῶν
526 835 677 926 περιέχων
691 839 722 900 ἐν
735 825 865 926 ὀγδοάδι
879 833 935 898 τὸν

186 943 394 1033 ἀπαρτισμόν·
419 935 540 1008 οὐδέπω
564 942 624 1035 γάρ
648 943 751 1031 καιρὸς
774 952 832 1017 τῆς
856 943 935 1005 ἀπο-

184 1049 321 1126 λαόσεως
337 1059 400 1115 τῶν
417 1058 544 1141 καρπῶν
557 1061 617 1125 τῆς
630 1047 779 1125 ἀληθινῆς
793 1047 934 1137 ἀμπέλου

185 1148 315 1222 ἐδύνατο
340 1151 416 1222 εἶναι
439 1166 502 1222 τῶν
526 1161 557 1221 ἐν
580 1167 646 1234 τοῖς
669 1157 727 1248 πρὸ
742 1165 798 1221 τοῦ
822 1147 934 1248 ὀγδόου

185 1263 314 1356 ἀριθμοῦ
330 1263 361 1348 1)·
375 1265 429 1330 καί
445 1267 525 1330 ότιό
544 1257 685 1355 δεότερος
708 1263 783 1355 ὑπὲρ
798 1274 861 1329 τῶν
877 1269 936 1338 λη-

184 1381 242 1436 νῶν
263 1364 477 1465 ὀγδοηκοστός
494 1377 589 1451 ἐστιν,
605 1370 706 1446 ἄλλην
724 1363 865 1465 ὀγδοάδα
880 1377 949 1436 πε-’

187 1479 299 1570 ριέχει,
324 1479 384 1554 τὴν
408 1483 439 1545 ἐν
464 1470 600 1545 δεκάσιν·
624 1483 640 1542 ό
665 1470 699 1544 δὲ
722 1470 934 1572 ὀγδοηκοστὸς

183 1588 297 1677 τρίτος,
322 1587 571 1678 ἐπιπλεκομένων
594 1579 647 1653 δύο
666 1588 761 1679 ἁγίων
786 1587 933 1678 ἀριθμῶν,

183 1703 240 1764 τοῦ
263 1686 376 1786 ὀγδόου
399 1699 430 1760 ἑν
464 1687 589 1774 δεκάσι,
614 1694 667 1761 καί
689 1706 745 1760 τοῦ
768 1696 875 1785 τρίτου
901 1697 933 1759 έν

185 1800 304 1889 μονάσι.
322 1800 383 1865 Καί
398 1801 468 1893 περὶ
492 1802 626 1892 ἀφέσεως
647 1801 884 1893 ἁμαρτημάτων
900 1805 935 1866 ἀ·

184 1901 256 1989 ξιῶν
279 1910 336 1974 καί
357 1904 583 2003 ἐξομολόγησιν
607 1911 758 2001 περιέχων
783 1915 935 1985 ὸπεντη-

184 2017 296 2095 κοστός
320 2022 414 2084 ἐστιν·
438 2024 478 2095 ὡς
498 2017 557 2110 γάρ
581 2023 597 2082 ὸ
618 2019 833 2094 πεντηκοστὸς
849 2017 934 2085 κατά

123 2131 127 2138 ’
183 2129 221 2192 τὸ
246 2125 426 2219 εὐαγγέλιον
451 2127 559 2217 άρεσιν
582 2127 685 2216 ἔσχεν,
703 2137 865 2218 μαρτυρῶν
889 2137 930 2213 τῇ

184 2232 290 2307 νοήσει
313 2244 353 2320 τῇ
379 2234 449 2324 περί
472 2243 528 2299 τοῦ
553 2227 745 2313 Ἰωόηλαίου,
763 2236 860 2311 οὕτως
884 2239 934 2300 ἑλ-

184 2334 266 2419 πιῖει
289 2344 345 2404 οὐκ
369 2343 399 2404 ἐν
424 2339 510 2424 ἄλλῳ
542 2339 562 2414 ἢ
594 2345 625 2406 ἐν
656 2351 702 2424 τῷ
726 2351 933 2426 πεντηκοστῷ

184 2444 303 2537 ἀριθμῷ
323 2446 429 2537 ἀρεσιν
446 2444 601 2536 λήψεσθαι
625 2453 640 2512 ό
665 2447 831 2537 εὐχόμενος
854 2438 933 2512 τάδε

184 2553 255 2620 τινά
276 2565 335 2632 τῆς
358 2548 620 2647 ἑξομολογήσεως.

229 2661 327 2726 Πάλιν
350 2686 387 2728 τε
412 2668 507 2728 αὑτοῦ
524 2665 598 2728 εἰσίν
614 2686 696 2740 τινες
719 2673 781 2728 τῶν
799 2657 934 2728 ἀναόαθ-

186 2779 250 2859 μῶν
274 2761 352 2853 ᾠδαὶ
367 2770 423 2836 τὸν
439 2770 566 2860 ἀριθμὸν
584 2771 677 2836 πέντε
694 2771 748 2836 καί
764 2763 850 2850 δέκα,
867 2773 933 2836 dem

185 2875 238 2941 καί
254 2882 282 2940 ol
299 2871 475 2966 ἀναόαθμοί
491 2887 547 2942 τοῦ
563 2887 647 2942 ναοῦ·
670 2877 757 2966 τάχα
781 2869 933 2951 δηλοῦσαι

184 2985 240 3061 τάς
264 2979 428 3061 ἀναόἀσεις
459 2985 657 3075 περιέχεσθαι
681 2989 712 3050 ἐν
740 2994 785 3068 τῷ
809 2977 932 3074 ἑόδόμῳ

185 3093 238 3159 καί
261 3085 362 3184 ὀγδόῳ
387 3091 516 3182 ἀριθμῷ.
541 3093 574 3155 ‘ii
599 3084 632 3156 δὲ
655 3092 734 3182 ἀρχὴ
765 3101 828 3155 τῶν
852 3096 933 3156 ἀνα-

185 3194 311 3288 ὀαθμῶν
336 3200 398 3265 ἀπὸ
414 3203 585 3263 ἑκατοστοῦ
603 3203 743 3263 εἰκοστοῦ
761 3197 934 3261 ἀπλοόστε-

187 3331 236 3398 ρον
259 3306 430 3398 λεγομένου
451 3302 586 3394 ψαλμοῦ,
603 3311 643 3382 ὡς
665 3303 708 3369 τά
731 3297 841 3395 &epidii
867 3305 933 3394 ἔχει

185 3413 381 3506 ἀντιγράφων
395 3411 427 3494 ²).
452 3408 549 3488 Οότος
574 3403 607 3476 δέ
630 3416 715 3476 ἐστιν
739 3409 863 3502 ἀριθμὸς
878 3435 934 3476 τε-

184 3523 349 3599 λειότητος
366 3517 447 3602 ζωης
464 3519 635 3612 ἀνθρώπου·
651 3519 704 3584 καί
720 3524 736 3583 ό
751 3520 932 3607 ἑκατοστός,

185 3626 219 3696 οὗ
243 3635 262 3705 η
288 3627 502 3721 ἀρχή·”·Ελεο’ς
526 3628 579 3693 καί
601 3628 713 3718 κρίσεις
737 3626 854 3715 ᾄσομαί
873 3614 932 3714 σοι,

184 3736 294 3827 Κόριε,
318 3735 455 3827 περιέχει
484 3735 548 3820 βίον
579 3735 668 3826 ἁγίου
691 3733 932 3824 κοινωνουμένου

183 3843 242 3908 ὑπὸ
266 3849 355 3909 Θεοῦ·
372 3847 388 3906 ὀ
413 3835 446 3908 δὲ
462 3842 632 3918 ἑκατοστὸς
647 3843 862 3918 πεντηκοστὸς
878 3865 934 3906 κα-

182 3951 318 4042 ταλήγει
343 3956 384 4027 εἰς
408 3949 456 4015 τό·
480 3955 571 4014 Πᾶσα
593 3947 672 4022 πνοὴ
699 3948 853 4015 αἰνεσάτω
876 3949 931 4015 τὸν

182 4059 301 4151 Κόριον.

227 4165 316 4233 Ἀλλ’
340 4169 476 4256 ἐπείπερ,
499 4170 539 4242 ὡς
563 4165 772 4257 προείπαμεν,
797 4163 844 4254 ἐρ’
868 4164 932 4240 ἑνὸς

182 4275 315 4340 ἑκάστου
339 4286 434 4341 τοῦτο
457 4284 586 4348 ποιῆσαι
609 4271 663 4336 καί
687 4275 783 4360 εὑρεῖν
807 4269 863 4346 τάς
887 4277 934 4336 αί-

181 4381 251 4456 τίας
275 4371 392 4471 σφόδρα
415 4379 499 4447 ἐστίν
522 4376 753 4470 χαλεπώτατον
776 4376 830 4442 καί
847 4369 933 4443 δυσέ-

220 4603 243 4671 1)
264 4605 383 4660 Omnino
402 4604 572 4675 discerpitur
594 4602 687 4658 Vatio.
708 4606 738 4655 et
755 4603 783 4655 in
802 4599 863 4656 loco
886 4601 932 4656 ob·

182 4714 274 4764 seuro,
289 4697 317 4750 ia
331 4712 385 4767 quo
399 4711 428 4748 se
442 4697 555 4765 torquet
565 4693 714 4764 Origenes,
727 4708 762 4744 ne
775 4689 808 4744 ad
821 4688 933 4761 elegaq·

183 4787 238 4837 tem
257 4780 421 4853 allegoriam
441 4793 526 4854 supra
539 4781 693 4852 expositam
709 4795 739 4833 se
753 4778 835 4846 ferat,
850 4795 932 4849 quam

182 4879 277 4929 tamen
292 4874 318 4926 in
334 4871 432 4927 ultimo
445 4871 528 4926 verbo
541 4870 670 4942 suscipit.
685 4868 738 4924 Sed
752 4869 785 4923 de
798 4869 933 4939 quinqua·

183 4963 290 5032 gesimo
304 4977 419 5016 numero
432 4960 596 5015 Philoniane
614 4958 745 5014 ambabus
763 4954 839 5011 ulnis
857 4971 933 5010 reee-

181 5052 235 5122 pil.
250 5054 291 5108 Da
305 5051 382 5107 Mose
395 5049 414 5107 l.
429 5065 470 5118 111,
485 5053 505 5106 t.
520 5067 551 5116 tt,
574 5047 634 5116 1⁴17,
657 5047 698 5111 18:
719 5047 796 5100 Πίντε
814 5051 857 5099 καί
876 5065 933 5097 πεν-

181 5141 290 5198 τήκοντα
304 5140 420 5211 ἐμφανεῖς
433 5143 475 5192 τόν
488 5142 537 5191 ἀπὸ
551 5140 655 5208 μονάδος
676 5137 749 5208 με’χρι
767 5139 869 5196 δικάδος
887 5138 931 5195 τῆς

181 5232 327 5292 παντελείας
337 5230 549 5302 συμπληρυμίνον
557 5229 665 5300 ἀριθμόν.
675 5229 931 5296 Deoitaoontempl.

1688 471 1741 534 ddi

994 615 1173 699 busoumqua
1193 617 1296 694 rebus,
1319 617 1364 682 uti
1385 635 1589 700 proponemus.
1613 618 1745 700 Exempli

993 722 1099 803 gratia,
1113 740 1172 787 non
1186 730 1295 788 temere
1310 721 1341 787 in
1355 732 1462 789 oetam
1477 723 1588 805 psalmo
1608 743 1664 806 pro
1685 734 1745 790 tor·

993 829 1140 893 eaiartdae
1165 829 1317 915 inscriptio
1345 829 1416 912 tuit,
1440 849 1506 896 cum
1535 834 1566 895 in
1594 835 1744 900 octonario

994 934 1151 999 maturitas
1166 936 1291 1001 fructum
1306 937 1504 1002 contineatur:
1521 937 1649 1004 nondum
1665 934 1744 1006 euim

994 1040 1024 1103 in
1046 1041 1092 1104 his
1113 1041 1164 1124 qui
1185 1052 1323 1108 octavum
1345 1044 1525 1126 praecedunt,
1547 1055 1661 1128 tempus
1680 1057 1744 1113 erat

992 1146 1127 1227 potiundi
1140 1150 1281 1215 tructtnus
1291 1169 1373 1216 sera
1382 1151 1467 1216 ritis.
1480 1152 1657 1232 Quinimmo
1669 1154 1743 1222 alter

992 1253 1123 1336 psalmus
1142 1275 1196 1338 pro
1218 1256 1405 1323 ιοειιιίαείόυε
1425 1259 1632 1342 octogesimus,
1654 1263 1743 1328 aliam

992 1361 1123 1428 eontinet
1132 1363 1298 1446 ogdoadem
1308 1365 1744 1449 decuplamssetogesimusre·

992 1486 1025 1533 ro
1037 1470 1142 1536 tertius
1155 1471 1299 1537 condatur
1312 1492 1348 1538 ex
1363 1475 1476 1539 duobus
1489 1475 1583 1541 saeris
1598 1479 1741 1559 numeris,

991 1591 1027 1640 ex
1047 1578 1198 1642 octonario
1217 1578 1342 1662 decuplo
1355 1589 1386 1645 et
1401 1583 1529 1648 ternario
1550 1585 1616 1650 sire
1635 1585 1741 1668 triplici

992 1685 1118 1750 unitate.
1131 1684 1400 1770 Quinquagesimus
1414 1697 1511 1754 autem
1527 1699 1557 1755 et
1571 1693 1659 1756 venia
1675 1711 1742 1774 pee-

990 1800 1121 1858 catorum
1135 1795 1308 1875 honoratur,
1323 1805 1354 1861 et
1367 1797 1579 1864 contessionem
1593 1800 1739 1866 eontinet:

990 1897 1153 1965 sicutenim
1168 1902 1419 1986 qamqaapesimee
1434 1905 1597 1971 seeundum
1612 1924 1742 1992 orange

990 2005 1062 2071 tium
1073 2007 1272 2075 remissionem
1287 2008 1427 2089 obtinuit,
1440 2010 1594 2077 ooltaerens
1609 2013 1739 2098 opinioni

990 2115 1027 2181 de
1044 2115 1164 2198 jubilaeo
1184 2116 1366 2194 enunciata,
1389 2118 1433 2182 sie
1460 2118 1509 2184 itte
1538 2119 1587 2202 qui
1609 2121 1741 2203 postulat

990 2221 1124 2305 quadam
1152 2223 1183 2288 in
1212 2224 1414 2305 consessione,
1437 2244 1519 2308 spem
1548 2226 1630 2293 toret
1657 2247 1689 2294 se
1710 2228 1740 2293 in

989 2328 1070 2392 nullo
1091 2328 1150 2395 alio
1176 2348 1266 2412 quam
1294 2331 1324 2393 in
1352 2349 1474 2397 numero
1494 2332 1740 2417 quinquagesimo

989 2434 1109 2500 ueniam
1129 2435 1417 2519 comprehensurum.

1029 2649 1143 2715 Rursus
1153 2652 1285 2734 ejusdem
1293 2651 1410 2734 generis
1420 2662 1489 2718 sunt
1498 2653 1611 2738 aliquot
1620 2655 1739 2721 Cantica

990 2757 1278 2839 tratemundum
1290 2760 1421 2844 quinque
1432 2771 1462 2826 et
1472 2761 1583 2844 decem,
1593 2773 1739 2848 quotquot

988 2873 1073 2929 erant
1091 2865 1192 2948 templi
1214 2866 1341 2948 gradus:
1364 2884 1431 2950 quea
1453 2868 1525 2932 torte
1551 2872 1738 2936 ascensiones

988 2973 1168 3051 portendunt
1182 2973 1212 3038 in
1226 2992 1348 3040 numero
1361 2975 1487 3057 septimo
1499 2965 1535 3041 et
1548 2986 1665 3057 oenum
1683 2978 1739 3043 ini-

990 3079 1063 3146 tium
1083 3099 1155 3148 vero
1176 3081 1279 3150 horum
1294 3083 1444 3147 Graduum
1465 3083 1579 3148 orditur
1600 3102 1616 3148 a
1639 3095 1738 3151 oente-

987 3186 1063 3252 simo
1083 3189 1222 3254 vicesimo
1243 3189 1366 3272 psalmo,
1389 3189 1465 3254 serie
1485 3190 1641 3255 rotundius
1661 3209 1737 3256 oom-

988 3301 1102 3378 putata,
1118 3295 1264 3360 atterunt
1283 3294 1481 3361 emendatiora
1502 3296 1692 3379 exemplaria.
1709 3297 1737 3361 ls

987 3419 1060 3467 uero
1075 3419 1213 3466 numerus
1225 3412 1271 3468 est
1281 3401 1470 3486 perfeetionis
1480 3403 1551 3468 rita
1562 3403 1593 3468 in
1604 3403 1734 3484 hominm

988 3518 1017 3576 et
1036 3509 1227 3590 centesimus,
1251 3509 1297 3573 eui
1320 3509 1453 3574 initium:
1479 3510 1736 3578 «Misericordiam

988 3626 1019 3683 et
1028 3617 1138 3700 judicia
1152 3617 1279 3682 cantabo
1293 3617 1359 3698 tibi,
1372 3618 1534 3702 Dominae
1549 3620 1679 3685 eontinet
1688 3621 1736 3687 ri·

990 3734 1049 3788 tam
1064 3725 1158 3789 sancti
1180 3743 1244 3790 eum
1259 3725 1321 3790 Deo
1335 3725 1528 3808 conjunctam.
1549 3725 1736 3792 Centesimus

987 3839 1086 3896 autem
1105 3844 1136 3896 et
1155 3832 1419 3917 quinquagesimus
1439 3832 1605 3898 absolvitur
1630 3833 1660 3896 in
1681 3833 1736 3899 hoo

987 3940 1091 4006 verbo:
1116 3940 1246 4006 «Omnis
1266 3940 1386 4023 spiritus
1407 3940 1508 4006 laudet
1522 3940 1711 4006 Dominum.»

1027 4153 1136 4221 Verum
1157 4153 1307 4236 quoniam,
1324 4160 1357 4216 ut
1369 4151 1453 4235 prius
1471 4150 1611 4230 diximus,
1627 4150 1663 4216 de
1678 4168 1737 4214 uno

987 4277 1103 4345 quoque
1116 4267 1223 4344 purete
1239 4259 1314 4326 idem
1329 4258 1463 4342 persequi
1483 4267 1513 4323 et
1526 4257 1655 4341 reperire
1668 4276 1737 4322 eau-

985 4387 1046 4446 stus,
1065 4368 1256 4436 vehementer
1269 4366 1406 4432 humanae
1418 4375 1464 4433 est
1483 4375 1598 4432 natura
1611 4365 1735 4432 arduum

987 4600 1009 4650 t.
1023 4610 1052 4662 tt,
1066 4591 1131 4648 481.
1145 4593 1181 4647 Oti
1202 4594 1272 4664 μόνον
1289 4583 1336 4650 ’τὸν
1357 4596 1438 4648 ἁπλῆν
1458 4587 1594 4661 ίῦόομάδα,
1615 4595 1736 4644 ἀλλὰκαὶ

987 4685 1031 4740 τὸν
1045 4683 1147 4754 δύναμιν
1161 4684 1301 4743 τεθεικότες·
1316 4683 1393 4755 ἁγνὸν
1407 4687 1455 4754 γὰρ
1469 4684 1507 4734 ἀεί
1522 4679 1638 4752 παρθένον
1659 4680 1736 4738 αὐτὴν

987 4774 1074 4827 ἴσασιν.
1088 4775 1124 4828 Et
1135 4773 1200 4827 alibi
1212 4775 1302 4834 τιλιιις
1315 4778 1364 4846 γὰρ
1379 4773 1565 4830 ὀπεντηκοστός
1577 4771 1657 4842 λόγος.
1670 4771 1737 4824 Per-

986 4869 1059 4938 fecta
1070 4869 1147 4922 enim
1159 4869 1233 4921 ratio
1250 4865 1511 4934 qttinquapenaria.
1526 4876 1546 4928 t,
1560 4858 1624 4927 204,
1638 4856 1665 4914 5.
1683 4861 1736 4914 Ne-

987 4971 1040 5027 que
1053 4955 1165 5010 omnino
1179 4953 1323 5006 Philonem
1336 4949 1409 5020 sugit
1421 4949 1576 5003 christiana
1592 4947 1626 5001 de
1639 4948 1736 5000 remis-

987 5047 1065 5099 sione
1074 5042 1213 5097 sententie
1223 5042 1252 5094 in
1265 5038 1360 5093 libello
1370 5041 1412 5094 De
1421 5041 1590 5107 septenario,
1601 5033 1655 5087 καθ’
1666 5031 1735 5086 idda-

987 5154 1032 5207 μον
1046 5134 1153 5185 ίνιαυτόν
1170 5130 1268 5203 &pionte
1287 5135 1343 5184 ele.
1362 5132 1384 5183 t.
1404 5143 1435 5196 tt,
1453 5125 1516 5183 277.
1529 5156 1564 5168 -
1577 5123 1601 5190 2)
1622 5123 1736 5179 Cantica

987 5224 1125 5281 Graduum
1139 5239 1156 5276 a
1173 5238 1214 5293 ps.
1226 5235 1292 5276 cxix
1308 5227 1374 5288 (non
1385 5220 1451 5285 oxx)
1465 5221 1625 5272 constanter
1643 5214 1733 5284 inoip.
