4044 6098
763 503 963 574 1111110111111
983 503 1272 574 Ρ1101111101111Ν1

969 785 1064 862 XIV.

286 983 349 1038 Jam
369 984 515 1055 superiora
534 983 612 1054 typis
635 982 765 1036 mandata
789 985 883 1050 erant,
904 998 988 1053 quum

248 1071 359 1126 invenie
377 1071 414 1127 cl.
430 1071 534 1125 Abbate
554 1070 673 1142 losepho
687 1070 783 1141 Conna,
803 1073 907 1142 praeato
920 1070 989 1124 mibi

246 1162 301 1216 fuit
319 1161 421 1215 Calena
440 1160 626 1229 membranas,
639 1163 730 1228 vetus,
744 1176 778 1212 ex
792 1159 991 1231 Cryptoierra·

248 1252 320 1305 tensi
340 1247 520 1318 bibliotheca,
535 1265 604 1304 nova
618 1248 729 1321 quidem
742 1250 770 1303 in
782 1249 889 1320 multis,
902 1249 949 1304 sed
963 1249 992 1303 in

247 1355 356 1395 summa
375 1356 468 1395 rerum
481 1338 625 1394 simillima
639 1340 774 1394 Vaticano
789 1339 878 1395 codici
897 1345 993 1396 nostro

249 1429 377 1485 Palatino
389 1426 453 1500 247,
465 1447 548 1502 quem
560 1446 645 1501 supra
663 1429 798 1501 descripsi
817 1448 846 1502 p.
860 1428 924 1501 407,
941 1431 992 1485 sub

243 1536 319 1574 num.
342 1518 384 1574 15.

281 1609 446 1663 luseribiiur
458 1609 492 1663 A.
507 1627 532 1682 γ.
550 1605 593 1677 11,
613 1610 687 1664 olias
707 1608 818 1679 CXth
833 1608 910 1665 foliis
922 1626 991 1666 con·

244 1702 302 1754 stat
318 1695 382 1767 366,
401 1698 503 1769 partim
524 1697 619 1769 latine,
636 1700 740 1771 partim
754 1717 846 1771 graece
864 1700 991 1772 scriptis,

242 1804 306 1842 cum
323 1786 420 1841 eadem
439 1785 592 1858 elegantia,
607 1788 636 1842 in
649 1804 681 1843 eo
694 1791 854 1861 prasertim
873 1792 990 1862 insigni,

244 1875 317 1946 quod
336 1873 439 1930 litteras
464 1875 627 1948 majusculae
646 1876 676 1930 in
695 1882 812 1950 utraque
831 1878 930 1952 lingua
948 1882 990 1935 si-

244 1964 306 2020 mili
315 1969 375 2020 arte
384 1970 565 2035 exornantur,
577 1984 638 2039 quae
650 1969 743 2038 potius
755 1968 891 2039 Italicam,
904 1971 989 2026 immo

245 2053 381 2112 Gallicam
399 2055 524 2110 scholam
543 2058 618 2128 sapit
636 2073 719 2130 quam
737 2058 928 2129 Byzantinann.

280 2143 381 2200 Nullus
401 2143 499 2199 titulus
518 2147 577 2199 sive
597 2145 731 2202 volumini
744 2149 803 2202 sive
817 2148 887 2204 iolio
900 2151 991 2222 primo

245 2235 406 2290 ascribitur.
414 2235 517 2290 Verum
527 2237 634 2293 Nicelse
644 2239 789 2294 Serrarum
800 2241 930 2295 Cannam
940 2242 991 2296 ite-

242 2338 305 2376 rum
318 2327 458 2389 muamus,
472 2324 545 2378 idam
557 2326 723 2396 prooemium
735 2328 905 2399 praefigitur,
918 2329 991 2401 quod

244 2409 302 2466 luci
321 2411 398 2466 dedit
415 2411 508 2468 Maius
527 2416 556 2468 in
576 2416 751 2471 Bibliotheca
769 2434 844 2471 nona
865 2427 991 2473 actuum

244 2501 365 2556 Parrum
378 2505 399 2556 t.
414 2501 458 2572 lll,
469 2521 497 2574 p.
515 2500 565 2557 139
579 2519 682 2574 graece,
692 2519 723 2559 ac
737 2503 823 2558 latine
834 2505 899 2561 ibid.
914 2525 942 2578 p.
957 2506 990 2576 ll,

244 2609 274 2662 p.
293 2589 338 2646 87.
359 2591 432 2645 idem
448 2609 564 2664 prorsus
576 2594 704 2648 initium:
719 2595 850 2665 Πρόκιιται
863 2598 906 2664 μὲν
920 2598 989 2666 ἡμῖν,

245 2679 394 2752 eademque
414 2681 474 2735 fere
497 2683 584 2736 series
610 2699 705 2753 graeca
728 2686 991 2740 commentariorum

245 2786 332 2840 usque
349 2769 382 2823 ad
402 2768 538 2841 psalmum
559 2771 692 2828 cxxvii.

281 2859 991 2936 Sednovasuntinnumeraparergapsalterioprae-

246 2949 303 3002 tixa
320 2949 354 3005 da
373 2948 454 3022 cyclo
472 2951 560 3004 totius
578 2952 643 3004 anni
663 2950 868 3009 ecclesiastico:

280 3038 396 3095 Scilicet
422 3036 462 3095 l.⁰
484 3039 504 3093 1.
529 3037 587 3096 1-6.
607 3040 798 3113 Menologion,
818 3061 883 3100 saee.
904 3045 990 3100 circi-

249 3134 292 3184 ter
306 3129 378 3198 11111,
393 3131 529 3185 insertum
543 3146 559 3183 a
572 3128 606 3184 el.
622 3131 654 3187 P.
668 3130 811 3188 Theodoro
825 3135 943 3190 Toscani
961 3137 991 3190 in

246 3237 312 3275 suas
336 3222 375 3275 ad
398 3222 502 3291 Typica
523 3220 698 3278 Graecorum
716 3226 990 3297 animaduersiones,

247 3310 355 3379 Romae,
377 3308 454 3364 1864.

279 3399 324 3456 2⁰
344 3398 363 3456 1.
382 3399 410 3466 7,
429 3398 457 3454 8.
478 3399 579 3472 cyclus
595 3400 809 3460 dominicalis...

281 3485 325 3543 3.⁰
346 3487 386 3542 De
404 3503 487 3542 cursu
506 3487 575 3543 solis
594 3494 622 3545 et
640 3489 726 3560 lunae,
745 3490 779 3546 de
797 3492 937 3567 Bissexto,
957 3497 990 3552 de

246 3577 344 3644 Nonis,
365 3577 457 3632 idibus
477 3581 506 3630 et
524 3577 666 3645 Kalendis,
685 3579 719 3632 de
738 3581 852 3651 Epaciis
871 3589 923 3640 etc.

279 3665 323 3720 l.⁰
344 3667 364 3722 1.
384 3666 411 3721 9.
432 3667 547 3728 Σύνταξις
565 3671 615 3720 τῶν
628 3670 744 3738 περιόδων
757 3673 807 3722 τῶν
820 3672 843 3727 η’
859 3673 927 3740 ἤχων
946 3682 990 3728 καὶ

246 3757 294 3806 τῶν
309 3754 340 3805 ια’
357 3756 465 3822 imbricis,
480 3760 522 3808 καί
537 3759 585 3809 τῶν
596 3757 745 3830 εὐαγγελίων
756 3762 937 3832 cnsanguineis
948 3770 991 3827 τῆς

247 3847 401 3918 λειτουργίας
415 3849 464 3900 ἀπὸ
478 3851 510 3918 τῇ
522 3853 628 3920 κυριακῇ
640 3847 703 3919 (sic)
715 3853 764 3902 τῶν
776 3853 854 3924 ἁγίων
863 3857 989 3908 πάντων...

278 3935 323 3991 5.0
343 3935 365 3994 f.
387 3935 428 3994 10.
447 3941 583 4012 Διάγνωσις
603 3943 647 4001 τῆς
660 3940 761 4010 πρώτης
774 3943 868 4014 ἡμέρας
888 3949 932 4005 τῆς
952 3965 991 3999 σι·

244 4029 320 4090 aisn<
340 4032 390 4083 art
408 4032 452 4081 soii
473 4028 564 4082 κύκλου
583 4049 626 4082 του
646 4048 791 4104 αυγουατου.

279 4119 323 4174 (1.0
344 4118 365 4175 s.
386 4116 428 4176 11.
449 4122 587 4192 Διάγνωσις
607 4121 630 4172 δν
646 4121 710 4191 ποίιρ
730 4121 810 4193 {adips
830 4121 898 4193 μίνιι
916 4125 931 4180 ir
952 4144 991 4176 σι-

243 4209 306 4265 λίνα
325 4213 378 4264 otc.

279 4300 410 4356 ’191δί6.
432 4301 629 4370 Σιληνοδρόμιον.

279 4390 322 4445 8.⁰
341 4391 362 4445 l'.
384 4387 424 4461 12,
440 4385 480 4445 13.
492 4387 639 4444 Schemate
651 4387 683 4444 da
696 4405 832 4445 concursu
846 4388 925 4460 solis,
944 4391 990 4447 lu·

244 4497 288 4536 nae
308 4483 337 4535 et
354 4477 538 4553 planetarum.

281 4571 386 4636 Quibus
405 4567 541 4625 absolutis
561 4567 581 4623 1.
600 4566 643 4640 14,
657 4567 758 4640 incipit
771 4570 872 4626 catena
884 4571 990 4627 Nicetes

245 4661 360 4717 subhac
374 4659 527 4733 epigraphe
540 4659 669 4729 iambica,
682 4658 758 4715 tituli
773 4661 873 4731 instar,
886 4679 992 4735 purpu-

245 4753 301 4807 reis
320 4750 438 4806 clathris
457 4755 485 4804 et
503 4748 627 4804 flosculis
645 4755 758 4805 ornata:

265 4843 269 4850 '
317 4841 411 4914 Ἀρχὴν
430 4842 510 4898 καλήν
533 4847 577 4908 [τι]
600 4846 643 4894 καί
664 4841 731 4903 τιλος
752 4841 828 4911 δίδου,
849 4843 923 4916 Aiga.

244 4931 402 5003 collatoque
422 4929 540 5002 prologo
557 4930 631 5002 apud
650 4931 755 4986 binium
775 4931 861 5001 adito,
875 4932 925 4988 has
944 4947 993 4986 va-

247 5021 362 5074 rietntss
381 5020 473 5074 obiter
491 5020 599 5074 notavi:

278 5126 307 5180 p.
332 5106 382 5163 139
401 5109 444 5164 sd.
464 5137 498 5149 -
517 5109 577 5165 cod.
597 5110 647 5182 fol.
669 5105 713 5177 14,
732 5113 813 5180 cujus
830 5110 934 5181 pagina
946 5110 993 5164 hic

245 5197 379 5253 dividitur
392 5198 421 5252 in
440 5197 508 5253 duas
526 5195 700 5268 columellas,
714 5198 772 5252 sire
791 5204 910 5274 quatuor
928 5216 992 5254 sec·

245 5289 336 5345 tiones
354 5288 460 5364 integri
479 5287 559 5344 lolii:

1113 983 1166 1036 001.
1193 979 1217 1033 1.
1238 984 1325 1051 σκοπῷ
1346 973 1570 1052 σωμΰαλλόμινα...

1114 1074 1166 1128 001.
1186 1071 1214 1128 2.
1236 1073 1317 1142 spinos
1337 1075 1362 1126 ei
1378 1076 1407 1127 si
1427 1073 1588 1144 ψαλτήριον...

1121 1166 1249 1230 πολλαχοῦ
1268 1165 1317 1215 τῶν
1337 1163 1468 1234 ψαλμόν...

1116 1269 1172 1307 om.
1192 1257 1234 1308 καί
1254 1253 1356 1324 ὗμνας...

1120 1341 1235 1413 τίταρτον
1255 1343 1280 1394 δ1
1300 1345 1322 1394 ο1
1341 1345 1458 1402 πάντας..

1045 1448 1100 1486 om.
1121 1432 1233 1487 nomina
1250 1433 1353 1487 iustini
1373 1437 1401 1487 et
1419 1428 1556 1500 Philonis,
1569 1435 1633 1486 ants
1647 1435 1732 1486 Πάλαι
1748 1434 1792 1502 μιν

1046 1524 1099 1575 etc.
1110 1521 1155 1575 nbi
1167 1519 1248 1592 plura
1256 1519 1289 1574 de
1299 1519 1375 1579 Lxx
1387 1521 1586 1592 interpretibus
1592 1524 1653 1593 jam
1663 1519 1786 1593 vulgata.

1117 1610 1169 1665 col.
1190 1608 1216 1665 3.
1239 1609 1310 1670 Εὐθὺς
1330 1609 1452 1679 ἰξίπιμπι
1470 1612 1530 1678 πρὸς
1548 1605 1692 1680 Ἀζαρίαν...

1117 1705 1160 1752 esai
1180 1698 1323 1771 προτρίπων
1343 1701 1508 1771 ἀριστίνδην...

1115 1806 1170 1844 om.
1191 1792 1336 1864 πράγμασιν
1355 1793 1419 1842 ante
1439 1787 1503 1841 dass
1522 1783 1702 1860 τιδαιίμασαιζ..

1116 1881 1169 1935 001.
1189 1878 1217 1933 4.
1238 1885 1304 1950 μετὰ
1322 1881 1348 1932 bi
1367 1882 1479 1932 τοῦτον...

1118 1975 1161 2023 καί
1180 1974 1222 2022 διὰ
1241 1973 1338 2024 τοῦτο...

1118 2078 1171 2116 om.
1192 2059 1272 2131 εὑρέθη
1292 2060 1421 2132 inepte...

1116 2152 1157 2206 ad.
1174 2167 1203 2220 μ.
1226 2147 1284 2203 140.
1306 2148 1365 2222 μίανΙ
1386 2149 1408 2201 is
1429 2147 1579 2217 ίαατίροις...

1116 2239 1176 2294 cod.
1197 2239 1247 2310 [ol.
1271 2235 1312 2307 15,
1333 2238 1383 2294 col.
1407 2235 1429 2290 1.
1448 2253 1503 2291 om.
1524 2241 1641 2305 συχνὰς...

1115 2331 1272 2380 παντάπασιν
1293 2329 1507 2397 ἀποδοκιμάσας...

1045 2436 1099 2476 om.
1112 2421 1206 2475 omnis
1215 2417 1327 2472 nomina
1338 2414 1542 2489 Chrysostomi,
1551 2415 1709 2484 Athanasii,
1720 2417 1793 2486 Nys-

1044 2510 1117 2578 seni,
1136 2506 1246 2575 Basilii,
1265 2505 1312 2560 ubi
1331 2521 1365 2560 ea
1381 2506 1476 2578 posuit
1488 2508 1564 2560 recte
1581 2503 1674 2559 Maius
1693 2520 1728 2557 ex
1743 2519 1792 2558 co·

1044 2600 1106 2655 dica
1126 2595 1263 2652 Palatino.

1115 2703 1170 2742 om.
1190 2690 1241 2738 Καὶ
1260 2690 1315 2756 πιρ1
1336 2687 1379 2755 μίν
1398 2685 1490 2738 τούτων
1510 2687 1643 2737 τοσαῦτα...

1115 2777 1166 2831 col.
1185 2774 1213 2831 2.
1233 2775 1388 2845 ἐναρμονίους
1408 2777 1462 2834 τοὺς
1483 2775 1633 2846 φθόγγους...

1116 2867 1149 2928 sic
1169 2869 1196 2918 si
1217 2865 1399 2937 ὰιιροτελιύτιον
1419 2867 1462 2916 τοῦ
1478 2863 1632 2934 ’ψαλτῆρσς...

1044 2961 1093 3033 [οἱ.
1113 2955 1155 3026 16,
1172 2958 1225 3012 ccl.
1248 2953 1273 3018 l,
1292 2959 1325 3010 in
1342 2957 1399 3010 loco
1411 2953 1546 3025 Nysseai,
1559 2951 1642 3025 psulo
1660 2952 1788 3007 uberius:

1045 3054 1073 3102 Ei
1092 3049 1119 3102 δι’
1136 3068 1185 3100 που
1201 3045 1280 3108 ίδοξιν
1294 3046 1361 3116 αὐτῷ
1376 3050 1442 3097 κατὰ
1456 3044 1529 3115 μέσον
1549 3047 1598 3096 τῶν
1613 3045 1728 3114 ψαλμῶν,
1747 3047 1790 3094 aui

1045 3143 1115 3209 διλλιρ
1134 3139 1200 3207 χορῷ
1220 3138 1372 3206 παραδοῦναι
1392 3137 1418 3186 τὸ
1437 3137 1522 3186 λοιπὸν
1541 3136 1585 3186 τοῦ
1604 3133 1718 3204 ψαλμοῦ,
1737 3130 1793 3182 ss'ss

1044 3236 1087 3283 ani
1106 3227 1209 3294 διαδοχὴ
1230 3228 1272 3277 τοῦ
1292 3223 1417 3294 ψαλμοῦ...

1117 3317 1145 3368 Εἰ
1164 3315 1235 3366 adias
1253 3313 1368 3383 ἁθρόως...

1114 3406 1169 3460 001.
1188 3401 1216 3456 3.
1236 3408 1305 3472 παρὰ
1324 3403 1374 3454 τῶν
1394 3402 1617 3471 ίρμηνιωσάντων...

1116 3497 1128 3547 ὁ
1148 3495 1226 3547 dauid
1246 3491 1415 3564 ὀλοφύριται...

1114 3584 1166 3638 001.
1186 3581 1212 3636 4,
1230 3581 1338 3650 νοήμασι
1356 3583 1552 3650 πιριηχιῖαδαι...

1116 3677 1136 3723 T
1139 3675 1164 3724 δν
1182 3667 1243 3737 ἦχον
1263 3671 1489 3740 ἂπιργαζίμιναν...

1116 3757 1145 3817 ἦν
1166 3763 1305 3832 &prosicias
1324 3763 1395 3810 πᾶσα
1415 3762 1540 3832 ἀνάγκη...

1115 3856 1158 3912 τῆς
1178 3853 1241 3911 ζωῆς
1260 3851 1340 3918 inungi
1360 3848 1489 3920 ιῦρνδμίαν
1509 3849 1705 3917 inpressiones..

1079 3943 1140 3998 cod.
1152 3943 1174 4014 f.
1188 3937 1231 4009 l'l,
1240 3941 1293 3996 col.
1308 3937 1331 4008 l,
1345 3943 1378 3995 in
1392 3941 1449 3994 ioco
1461 3939 1665 4009 chrysostomi:
1680 3941 1729 3990 Τοῦ
1742 3935 1794 4007 τρί-

1045 4051 1088 4084 τον
1106 4029 1216 4101 Ἀσάφ...

1080 4124 1130 4178 001.
1147 4117 1176 4188 2,
1195 4125 1228 4176 s'ss
1254 4122 1312 4176 1000
1339 4119 1460 4174 Basilii.-
1479 4116 1525 4178 Ὣς
1548 4121 1590 4170 καί
1616 4122 1648 4168 τὰ
1666 4115 1794 4186 ὑπομάζια

1045 4211 1134 4264 παιδία
1147 4210 1383 4281 αλααδμυριζίμινα·
1398 4209 1461 4260 οὕτω
1472 4207 1688 4276 ααταιιομίζισδαι,
1698 4209 1741 4257 καί
1750 4223 1795 4277 γα-

1044 4307 1125 4363 ναῒιιις
1137 4304 1163 4354 el
1178 4303 1377 4372 ίστουργοῦσαι...
1391 4303 1434 4351 καὶ
1447 4299 1551 4371 γηπόνσι
1564 4301 1607 4349 aui
1618 4297 1738 4366 ὁδοιπόροι
1750 4301 1794 4347 ani

1044 4395 1133 4445 scisci
1153 4394 1188 4461 τῷ
1209 4393 1304 4462 ᾄσματι
1323 4390 1350 4442 is
1369 4391 1417 4440 τῶν
1436 4388 1517 4439 πίνων
1536 4389 1745 4457 παραμυθοῦνται

1082 4482 1161 4538 Hand
1174 4480 1300 4552 indigna,
1313 4481 1423 4552 opinor,
1438 4478 1498 4532 bae
1510 4477 1561 4533 tibi
1572 4481 1667 4545 arunt,
1680 4476 1793 4547 quibus,

1046 4573 1111 4627 data
1123 4571 1279 4638 occasione,
1292 4567 1447 4624 doctissimi
1460 4568 1566 4624 Nicetes
1584 4565 1730 4639 prologus,
1748 4563 1792 4618 sal

1046 4661 1076 4715 in
1089 4659 1160 4715 lonis
1172 4658 1374 4730 insignioribus
1389 4656 1498 4727 Basilii,
1513 4656 1645 4729 Nysseni,
1659 4654 1795 4726 Chrysou-

1047 4750 1122 4819 tomi‚
1142 4746 1306 4802 emendetur
1323 4750 1351 4800 et
1368 4749 1512 4816 augeatur.

1082 4837 1219 4907 Pergents
1238 4835 1333 4889 eodem
1354 4832 1471 4889 librario
1495 4831 1594 4888 saeculi
1619 4832 1696 4903 11111,
1717 4829 1795 4886 nullo

1045 4931 1191 5000 praemisso
1204 4922 1296 4994 titulo,
1309 4925 1448 4996 incipiuni
1459 4925 1489 4978 in
1502 4922 1555 4981 col.
1566 4922 1584 4979 2
1596 4922 1644 4980 fol.
1657 4921 1697 4993 18,
1712 4921 1794 4976 scho-

1046 5016 1085 5070 lia
1105 5017 1133 5069 in
1151 5031 1192 5086 ps.
1212 5013 1233 5069 l.
1246 5014 1406 5084 suppressis
1425 5013 1527 5067 iterum
1546 5011 1714 5080 nominibus,
1734 5008 1793 5062 nisi

1048 5105 1120 5178 quod
1135 5106 1162 5157 in
1175 5104 1230 5156 fine
1243 5103 1366 5174 ejusdem
1379 5102 1479 5175 psalmi
1493 5105 1638 5173 emergant
1650 5099 1725 5172 sigla
1741 5100 1793 5170 Cy·

1047 5193 1105 5249 rilli
1116 5201 1144 5249 et
1154 5192 1281 5247 Maximi.
1293 5191 1402 5247 undem
1416 5191 1466 5248 sol.
1476 5191 1511 5246 21
1525 5193 1660 5248 vetustior
1671 5206 1737 5245 aaa.
1748 5189 1791 5243 Xl

1048 5283 1135 5342 codex
1154 5281 1255 5355 incipit
1266 5297 1358 5354 grace
1377 5287 1406 5338 st
1424 5281 1521 5352 latins,
1534 5298 1597 5340 cuns
1617 5297 1687 5340 noso
1706 5284 1735 5337 et
1748 5280 1793 5338 in-
