3998 6080
706 543 833 618 Ι2011113
853 542 1187 608 CLAROMONTANUS
1677 541 1714 605 99

208 697 261 759 st.
278 695 331 759 lue
345 695 490 774 carnium,
506 694 705 775 cogitationes
719 693 859 770 sordido,
874 711 909 758 ex
925 693 1032 776 quibus
1046 709 1134 776 opera
1157 693 1198 776 [p.
1216 694 1284 774 tlt]
1309 709 1402 776 prava
1415 692 1500 757 uelut
1517 691 1638 757 decoctu
1651 710 1717 776 pro

164 812 286 878 cedunt.
301 813 336 877 In
350 811 455 877 Esaia:
472 813 531 892 Qui
545 811 702 877 comedant
715 827 835 876 curnem
849 809 966 875 suillam
979 818 1011 874 et
1027 809 1076 894 jus
1097 809 1263 891 profanum,
1285 809 1316 874 in
1337 808 1421 875 vasis
1440 825 1552 887 eornm,
1570 807 1600 873 id
1620 816 1666 873 est
1686 807 1716 872 in

165 930 307 996 cordibus
320 948 433 996 eorum.

208 1051 258 1114 Ab.
275 1047 436 1126 Animalia,
446 1065 515 1131 qum
528 1047 691 1127 ruminant,
702 1063 771 1131 que
780 1045 811 1111 in
823 1045 899 1128 tege
910 1044 1019 1110 munda
1035 1044 1392 1124 describuntur,lrominee
1406 1052 1476 1112 sunt
1491 1044 1598 1125 sancti,
1611 1045 1718 1112 diuina

169 1175 320 1250 praecepta
335 1185 386 1232 ore
399 1173 429 1232 et
442 1164 542 1244 corde,
553 1165 620 1231 sire
633 1181 731 1248 opere,
747 1182 863 1248 semper
877 1161 1063 1242 meditantem
1080 1169 1113 1225 ut
1126 1168 1171 1226 est
1183 1159 1256 1228 illud
1269 1161 1299 1227 in
1314 1161 1441 1246 psalmo:
1453 1162 1609 1230 Meditutio
1623 1163 1719 1230 cordis

166 1283 227 1349 mei
242 1283 274 1349 iu
287 1292 446 1367 conspectu
460 1293 510 1349 tuo
523 1299 649 1366 semper.

209 1401 259 1467 23.
276 1400 437 1480 Animalia,
451 1419 518 1484 quae
531 1418 591 1466 non
607 1399 768 1480 ruminant,
783 1404 950 1482 peccatores
964 1396 1121 1476 immundi,
1135 1397 1205 1480 Legi
1219 1414 1338 1482 operam
1352 1397 1475 1464 minime
1488 1398 1605 1479 dantes,
1619 1419 1674 1467 nec
1689 1400 1718 1466 iu

165 1520 233 1603 ejus
245 1519 436 1586 meditatione
449 1518 625 1585 servientes.

210 1636 258 1704 at.
273 1635 432 1719 Animalia,
447 1635 666 1721 quaeungulam
689 1633 806 1699 findunt
825 1641 856 1697 et
875 1631 1036 1708 ruminant,
1057 1647 1124 1713 qum
1145 1629 1176 1694 in
1199 1629 1279 1712 Lege
1299 1628 1408 1695 munda
1426 1629 1644 1713 describuntur,
1660 1631 1719 1697 bo-

1 1823 2 1842 ,
103 1787 108 1792 ·
172 1753 268 1818 mines
281 1763 353 1820 sunt
366 1754 478 1835 fideles,
494 1754 527 1819 in
540 1762 665 1838 utroque
677 1751 865 1818 'testamento
878 1748 1043 1826 eredentes,
1057 1757 1088 1813 et
1100 1746 1184 1813 velut
1197 1747 1226 1812 in
1240 1746 1355 1812 duabus
1374 1747 1494 1830 ungulis
1507 1747 1611 1833 pedem
1625 1749 1720 1833 operis

172 1869 257 1934 firmo
270 1885 375 1952 gressu
389 1867 525 1950 figentes.
560 1887 562 1894 ·

211 1987 261 2052 ab.
278 1986 441 2064 Animalia,
457 2003 525 2071 quae
537 1984 700 2064 ruminant,
715 1992 746 2049 et
760 1982 900 2064 ungulam
922 1980 1048 2062 findunt,
1064 1999 1132 2066 que
1152 1983 1301 2050 immunda
1324 1996 1492 2066 narrantur,
1509 1988 1634 2073 populus
1652 2000 1720 2055 sunt

169 2103 350 2182 iudeorum,
366 2105 417 2187 qui
432 2103 652 2168 Testamentum
667 2107 755 2164 uetus
769 2116 818 2163 ore
832 2097 1048 2178 meditant[nr],
1065 2096 1117 2162 sed
1132 2117 1243 2166 notum
1255 2099 1379 2165 minime
1392 2101 1549 2186 recipiunt.

213 2223 262 2288 Ab.
282 2220 428 2286 Animalia
443 2229 577 2298 cornuta,
589 2237 657 2304 quae
671 2218 702 2282 in
722 2215 867 2284 sacrificio
887 2212 941 2280 uei
962 2212 1059 2280 ollerri
1080 2215 1312 2299 praeeipiuntur3
1329 2215 1359 2280 in
1374 2235 1426 2281 esu
1447 2217 1578 2282 fidelium
1595 2221 1718 2302 [carnes]

170 2339 287 2404 illorum
301 2337 512 2414 conceduntur,
526 2338 605 2402 siout
624 2334 725 2412 uituli,
741 2331 858 2412 arietes,
873 2331 958 2408 birci,
979 2331 1070 2413 cervi,
1093 2331 1219 2398 damulae
1240 2341 1270 2399 et
1289 2335 1428 2418 capreoli,
1445 2337 1485 2418 [p.
1502 2337 1571 2420 173]
1594 2337 1721 2404 virtutes

169 2455 343 2537 significant
357 2466 535 2535 sanctorum,
551 2469 659 2519 cornua
673 2450 819 2518 uirtutum
833 2450 976 2516 adversus
990 2450 1147 2515 Diabolum
1161 2461 1192 2517 et
1204 2451 1280 2518 vitia
1293 2462 1477 2537 peccatorum
1492 2464 1650 2538 gestantes.

213 2571 262 2634 at.
280 2569 420 2654 Sanguis,
434 2569 542 2634 animae
556 2569 650 2652 origo,
664 2576 699 2632 ut
712 2566 834 2650 qnidam
848 2566 964 2647 volunt,
979 2566 1017 2632 de
1030 2568 1114 2652 cujus
1127 2578 1232 2633 natura
1252 2569 1422 2653 disputandi
1439 2570 1559 2638 licentia
1580 2592 1639 2638 non
1652 2593 1720 2639 con-

170 2687 300 2766 ceditur,
315 2686 384 2770 qnia
399 2689 483 2771 origo
498 2687 563 2770 ejus
575 2694 700 2763 secreta,
714 2695 746 2750 et
757 2685 813 2751 soli
828 2685 889 2751 Deo
904 2687 1024 2770 cognita
1035 2695 1090 2765 est,
1101 2687 1152 2752 sed
1171 2687 1209 2752 ad
1223 2688 1318 2754 basim
1332 2688 1446 2768 altaris,
1460 2690 1620 2758 seeundum
1634 2693 1721 2774 Legis

170 2812 361 2888 preceptum,
373 2802 495 2880 etitmdi,
507 2801 539 2868 id
552 2811 607 2879 est,
617 2800 757 2886 potestati
771 2800 886 2866 divinae
900 2809 931 2865 et
945 2801 1108 2869 intellectui
1124 2820 1286 2871 reservare.
1300 2806 1379 2886 Quid
1392 2806 1471 2872 enim
1485 2818 1531 2874 est
1544 2811 1718 2889 sanguinem

171 2920 333 2996 comedere,
347 2919 406 2986 nisi
421 2919 457 2985 de
472 2919 580 2984 animm
593 2918 710 3001 origine
725 2917 900 3003 disputare?

212 3041 262 3105 28.
279 3039 418 3123 Sanguis,
433 3056 521 3124 opera
536 3037 643 3103 carnis.
663 3036 698 3102 In
712 3036 868 3121 Apostolo:
885 3037 959 3104 Caro
971 3044 1003 3101 et
1016 3040 1138 3120 sangnis
1151 3055 1275 3121 regnum
1289 3038 1343 3104 uei
1356 3056 1416 3104 non
1431 3041 1633 3124 possidebunt.

213 3157 262 3220 29.
280 3155 419 3235 Sanguis,
435 3163 597 3239 peecatum.
612 3153 648 3219 in
662 3155 770 3220 Amos:
787 3153 915 3237 Sanguis
930 3157 1105 3236 sanguinem
1121 3157 1226 3240 tetigit,
1242 3167 1361 3242 propter
1372 3158 1427 3224 hoc
1441 3160 1554 3242 lugebit
1567 3170 1658 3226 terra.

213 3271 263 3335 3⁰.
280 3269 414 3354 Sanguis
428 3270 606 3352 sanguinem
622 3279 756 3354 tangere,
777 3279 824 3336 est
843 3280 965 3355 peccate
984 3273 1115 3358 peccatis
1135 3275 1328 3358 conjungere:
1342 3276 1487 3360 siquidem
1506 3287 1536 3343 et
1556 3296 1642 3343 omne
1658 3295 1722 3361 pec-

172 3397 270 3453 catum
283 3387 421 3454 occidens
433 3387 576 3468 animam,
590 3397 687 3453 tamen
698 3389 839 3471 sanguini
849 3399 1053 3474 comparatur:
1069 3390 1148 3458 siout
1162 3392 1194 3459 in
1207 3394 1349 3477 propbeta
1363 3412 1415 3479 pro
1433 3404 1582 3480 peccatore
1596 3397 1718 3463 dicitur:

171 3503 300 3587 Sanguis
314 3505 406 3588 ipsius
418 3523 507 3588 super
520 3515 610 3589 caput
624 3505 698 3588 ejus.

214 3624 263 3688 31.
279 3622 388 3706 Adeps,
403 3622 553 3707 pinguedo
567 3623 674 3706 gratio
689 3622 813 3690 divinae.
827 3624 863 3690 in
878 3626 1004 3710 psalmo:
1019 3626 1103 3692 Sicut
1115 3626 1203 3713 adipe
1216 3637 1246 3696 et
1260 3629 1437 3713 pinguedine
1451 3631 1605 3715 repleatur.

213 3741 263 3804 aa.
278 3740 399 3824 Adipes,
420 3740 725 3830 compunctiocordis
744 3751 923 3810 sanctorum.
945 3744 981 3810 ln
1001 3745 1153 3813 Levitico:
1172 3746 1211 3811 m
1232 3745 1369 3832 imposito
1389 3747 1516 3834 desuper
1536 3748 1719 3827 holocausto,

172 3857 303 3923 adolebit
316 3857 420 3942 adipes
434 3859 635 3943 pacificorum.

215 3975 264 4041 3³.
281 3975 403 4059 Adipee,
419 3977 566 4060 spiritalis
580 3979 685 4062 gratiae
701 3978 741 4064 [p.
759 3981 828 4063 173]
845 3980 1019 4047 intellectus.
1035 3980 1069 4046 ln
1084 3981 1211 4066 psalmo:
1225 3982 1270 4047 Ex
1291 3982 1378 4066 adipe
1395 3983 1533 4050 lmmenti
1555 3983 1668 4052 satians
1682 3997 1720 4052 te.

216 4093 266 4157 at.
281 4093 403 4178 Adipes‚
418 4111 486 4177 quae
504 4095 616 4161 mmedi
638 4095 841 4179 probibentur,
859 4099 969 4161 animae
981 4098 1076 4180 origo,
1089 4098 1165 4165 sicut
1183 4108 1214 4165 et
1232 4100 1367 4184 superius
1388 4100 1424 4166 de
1445 4102 1591 4184 sanguine
1610 4101 1723 4168 dictum

174 4219 229 4290 est,
243 4227 260 4274 a
275 4211 453 4294 quibusdam
468 4212 633 4295 significare
646 4213 798 4280 videntur.
813 4213 848 4279 In
863 4213 1008 4280 levitico.

209 4397 255 4457 21.
273 4400 312 4466 is.
332 4415 396 4468 bxv,
416 4401 443 4454 A.
977 4408 1035 4460 nisi
1054 4405 1088 4460 de
1106 4408 1219 4459 animae
1240 4409 1350 4478 eripiare
1371 4405 1537 4478 disputare?
1556 4403 1633 4460 Adde
1652 4408 1723 4477 quod

210 4487 256 4546 22.
276 4489 365 4544 Lavit.
385 4505 425 4557 xi,
444 4489 479 4560 33
498 4509 541 4563 ps.
562 4507 641 4560 xum,
664 4490 707 4546 15.
978 4511 1010 4550 eo
1030 4495 1059 4549 in
1077 4492 1139 4550 ioco
1157 4493 1293 4551 alluditur
1310 4495 1344 4549 od
1363 4498 1545 4568 quaestionem
1563 4495 1597 4550 de
1615 4499 1723 4565 auimo,

211 4579 256 4634 24.
276 4585 368 4650 operis
386 4583 480 4652 forma
496 4598 627 4653 gressum
644 4581 783 4654 fingentes
802 4583 836 4648 A,
855 4583 886 4638 C.
978 4582 1022 4636 vel
1032 4588 1136 4654 creata,
1150 4583 1193 4638 vel
1204 4589 1265 4638 orte
1275 4600 1309 4638 ex
1323 4585 1447 4653 traduce,
1461 4585 1494 4638 de
1508 4600 1562 4657 que
1574 4602 1603 4638 re
1617 4584 1726 4639 frustra

211 4669 256 4725 25.
277 4688 350 4742 quoe
368 4673 520 4726 immundo
538 4683 695 4739 narratur,
713 4673 831 4743 populos
855 4684 924 4729 sunt
978 4672 1080 4727 Noster
1092 4671 1235 4727 silentium
1246 4671 1390 4745 imposuit,
1404 4690 1489 4745 quum
1502 4674 1565 4727 inde
1578 4673 1611 4726 ab
1627 4675 1725 4745 Augu-

175 4777 204 4832 9.
224 4778 252 4832 q.
273 4771 293 4814 t.
312 4779 339 4816 o.
360 4777 409 4815 ore
420 4761 567 4826 meditent,
582 4762 623 4814 sio
642 4760 737 4828 iidem,
751 4762 797 4816 ubi
816 4780 923 4817 morro-
978 4763 1052 4816 stino
1063 4779 1158 4818 omnes
1168 4764 1296 4834 magistri
1310 4768 1338 4817 ot
1350 4763 1511 4818 scholastici
1522 4762 1614 4817 eedem
1626 4763 1723 4834 exagi-

176 4862 224 4905 tur
242 4866 259 4903 s
278 4867 371 4922 grceco
390 4850 503 4921 pendet.
978 4853 1048 4906 tent
1063 4851 1113 4906 Sat
1130 4855 1191 4905 esto
1204 4866 1306 4922 paucos
1319 4849 1397 4905 codd.
1413 4853 1561 4905 varietates
1578 4849 1724 4922 colligere.

212 4939 257 4994 26.
277 4942 366 5008 birci,
387 4957 502 4996 cmoum
525 4941 658 5013 permotos
677 4943 718 5008 A,
738 4940 759 4995 G
777 4952 803 4996 et
821 4958 924 5011 caprae
1014 4937 1060 4993 28.
1081 4955 1090 4993 t
1110 4939 1171 4994 Cor.
1192 4957 1239 5007 xv,
1258 4938 1302 4994 20.

177 5034 220 5086 bis
239 5034 305 5086 virt.
326 5028 474 5083 incidimus
493 5030 521 5082 in
538 5030 699 5102 peregrino,
712 5046 773 5102 quae
794 5046 810 5082 a
828 5034 924 5085 nostro
1014 5025 1061 5082 29.
1082 5027 1152 5081 Osee
1163 5044 1201 5094 nv,
1213 5027 1242 5096 2,
1255 5026 1326 5081 mole
1340 5029 1436 5084 Amos.
1451 5057 1483 5070 -
1497 5027 1544 5083 31.
1559 5029 1604 5085 Pe.
1617 5046 1685 5099 nxu,
1698 5029 1725 5085 a.

176 5133 274 5188 campo
293 5116 389 5189 procul
409 5120 611 5190 exspatiantur.
625 5117 715 5172 Etiam
734 5119 863 5189 Gregorii
883 5124 926 5173 eet
1015 5115 1061 5172 32.
1081 5115 1169 5172 Levit.
1190 5131 1228 5186 γι,
1250 5114 1293 5170 12.
1309 5147 1342 5158 -
1358 5119 1450 5188 Adeps
1470 5119 1495 5172 A
1513 5118 1558 5172 hic
1578 5122 1606 5172 st
1625 5116 1708 5172 infre.

177 5204 309 5260 solemnis
327 5207 522 5278 interrogatio,
538 5223 592 5279 que
604 5225 652 5262 ore
670 5209 813 5279 magistri,
832 5225 925 5262 erum·
1016 5203 1061 5261 33.
1082 5205 1128 5260 Pe.
1144 5221 1246 5274 oxnvm,
1261 5205 1305 5259 rt.
1317 5238 1352 5248 -
1363 5212 1472 5262 satians
1486 5218 1511 5264 te
1523 5209 1557 5276 A,
1569 5206 1589 5260 C
1600 5209 1630 5260 st
1642 5209 1728 5263 reete.

177 5295 221 5365 pit
239 5295 268 5348 in
286 5293 337 5350 27:
362 5295 437 5356 Quid
449 5300 525 5351 euim
537 5305 577 5350 est
589 5301 761 5369 sanguinem
772 5298 926 5367 comedere,
981 5299 1112 5368 ἐμπιπλῶν
1132 5317 1158 5347 σε
1178 5313 1243 5350 nxx.
