4038 6088
270 438 327 502 bl8
787 433 1097 500 lNSTRUCTIONUll
1123 433 1302 498 EUCllllRll

309 597 466 668 Promeae,
479 588 569 656 busta
584 592 607 668 ¹)
622 588 802 670 longissimae
815 595 896 664 suut,
909 586 1017 669 quibus
1070 585 1104 649 ln
1125 583 1248 650 Genesi:
1270 590 1359 661 Ecce,
1382 585 1496 668 inquit,
1519 595 1598 652 ortas
1621 598 1688 666 poet
1707 597 1822 668 torpedo

269 697 358 762 ctiam
379 715 458 762 nunc
472 697 614 762 Armorici
629 705 758 777 utentes,
775 697 831 762 boc
845 714 952 762 nomen
966 694 1017 760 tri·
1070 700 1134 772 aas
1153 701 1511 774 commorandum
1524 703 1651 777 virgulto
1667 702 1770 764 Sabidi
1783 699 1820 773 ⁴).

270 790 373 870 bunut.
396 802 524 886 Quidam
544 805 635 871 etiam
652 804 767 887 gladios
780 803 941 884 significari
964 821 1017 885 pu·
1114 802 1145 880 [l.
1168 801 1217 882 ll]
1234 807 1359 868 Lebetuc
1374 802 1449 868 senei
1465 803 1603 882 minores,
1619 804 1650 868 in
1665 821 1750 869 usum
1769 820 1820 866 co-

269 920 344 976 taut.
1070 908 1179 990 quendi
1203 908 1310 990 parati.
1336 907 1370 973 ln
1392 909 1650 994 Paralipomenon:
1670 914 1822 986 Pacificas

308 1026 482 1098 mappam,
504 1020 536 1084 in
556 1021 729 1110 Solomone,
752 1021 851 1086 fruteti
872 1036 966 1102 genus
987 1019 1017 1082 in
1070 1035 1138 1079 uero
1162 1021 1272 1081 motos
1295 1026 1437 1084 coceruot
1460 1023 1495 1081 o'n
1517 1019 1821 1096 chamaeleonum,

268 1124 398 1206 Oriente,
421 1125 517 1191 simile
538 1125 669 1192 lentisco.
1071 1127 1146 1203 otiis.

310 1239 445 1310 Pclctac,
459 1251 565 1299 massae
583 1234 642 1300 fici.
658 1235 691 1300 ln
712 1234 892 1315 Regnorum,
914 1249 1018 1296 massae
1084 1247 1086 1252 ·
1113 1235 1256 1310 coffinum,
1279 1233 1389 1298 corbes.

268 1359 335 1425 qum
355 1341 392 1407 dc
412 1343 580 1408 recentibus
600 1343 663 1408 licis
685 1344 717 1424 [l.
738 1343 787 1425 69]
810 1341 948 1424 conpingi
964 1359 1019 1406 so·
1112 1345 1237 1417 Hidre'c,
1259 1356 1313 1403 ras
1334 1357 1488 1422 aquarum.

269 1450 340 1514 lent.
359 1455 486 1516 Polotce
500 1468 629 1532 graecum
643 1459 698 1515 cst.
715 1456 876 1526 Debelcc'm,
899 1449 928 1514 in
942 1452 1019 1516 Osce
1113 1451 1235 1527 Gaudes,
1249 1447 1278 1512 iu
1290 1449 1399 1514 Genesi
1414 1455 1450 1529 ⁶),
1464 1449 1599 1532 poculum
1608 1449 1659 1514 rel
1671 1449 1819 1531 sciphum.

269 1557 422 1640 propheta,
438 1563 562 1636 potatas
580 1556 695 1623 dicunt.
1112 1559 1257 1634 Lecitum,
1273 1554 1301 1619 in
1316 1555 1496 1637 Regnorum,
1512 1556 1640 1639 ampulla
1658 1554 1777 1620 olearia.

309 1669 418 1742 Duras,
441 1663 472 1727 iu
493 1664 674 1746 Regnorum,
690 1664 839 1729 oraculum
855 1664 934 1747 quod
955 1674 1018 1729 erat
1112 1668 1286 1742 Lentiado,
1309 1663 1340 1728 in
1363 1663 1438 1728 libro
1458 1666 1644 1748 Regnorum,
1666 1664 1820 1729 vasculum

267 1771 375 1836 lactum
396 1771 428 1835 in
447 1770 559 1852 medio,
583 1773 615 1836 in
638 1772 772 1839 interiore
797 1781 882 1855 parte
904 1752 1044 1856 templis
1072 1788 1107 1836 ex
1129 1790 1186 1836 mre
1207 1772 1335 1851 lactum,
1356 1771 1470 1838 habens
1498 1773 1593 1838 oleum
1617 1791 1675 1855 quo
1700 1789 1822 1854 ungue-

268 1880 297 1942 in
318 1898 377 1962 quo
391 1888 422 1944 et
434 1896 501 1945 arca
517 1880 634 1946 Domini
648 1891 721 1958 erat,
738 1882 794 1950 hoc
814 1882 1019 1966 appellabatur
1072 1875 1181 1941 bantur
1202 1877 1232 1940 in
1253 1895 1354 1959 regno.

268 1987 376 2052 Sancta
398 1997 576 2054 sauctmum.
1113 1991 1270 2064 Pompeio,
1284 1979 1471 2051 acetabulum
1485 1988 1590 2071 majus.
1607 1987 1705 2069 Aliqui
1720 1995 1751 2051 et
1771 2001 1821 2053 ca·

249 2103 253 2112 “
307 2100 423 2173 Bissula,
445 2115 538 2178 genus
558 2098 643 2164 serici
665 2099 834 2182 grossioris,
857 2099 969 2183 pariter
988 2109 1019 2166 et
1074 2089 1169 2155 linum
1192 2091 1232 2155 ila
1253 2092 1394 2175 appellari
1416 2103 1530 2176 pulani·

269 2202 405 2268 fortioris.
1112 2204 1268 2278 Rhotetelio
1290 2199 1320 2264 iu
1342 2200 1519 2281 Regnorum,
1539 2219 1604 2284 qum
1624 2219 1713 2284 super
1733 2198 1820 2280 capi-

308 2315 474 2391 Fonteium,
496 2311 527 2375 in
547 2311 648 2393 Esaia,
670 2313 832 2380 coccinum,
1073 2306 1142 2371 tella
1163 2308 1360 2373 columnarum
1382 2320 1540 2392 ponuntur.
1563 2311 1699 2374 Graecum
1719 2317 1774 2373 est.

309 2419 443 2492 moes,
459 2417 489 2480 in
503 2417 684 2499 Regnorum,
700 2421 819 2485 conchae
838 2420 886 2486 rel
907 2420 1018 2484 cantari
1111 2421 1292 2493 Mochoroth,
1309 2414 1338 2479 in
1352 2415 1530 2496 Regnorum,
1546 2416 1672 2496 lulturae,
1685 2434 1760 2498 quas
1771 2416 1822 2481 ba-

269 2523 395 2605 nquarii.
411 2522 470 2589 Sed
487 2533 518 2588 et
531 2534 670 2592 cantmus
691 2543 820 2606 gracum
834 2545 939 2593 nomen
960 2536 1016 2594 est.
1073 2541 1120 2588 ses
1140 2523 1336 2607 appellamus.

310 2635 467 2712 Oreoprce,
488 2631 520 2695 in
541 2631 807 2718 Paralipomenon,
832 2637 954 2701 lusciuae
981 2637 1018 2701 ad
1115 2638 1288 2710 Ttopcctoo
1302 2634 1336 2712 ⁷),
1352 2632 1427 2714 lapis
1443 2633 1601 2716 pretiosus,
1614 2633 1645 2696 in
1661 2651 1729 2716 quo,
1746 2633 1822 2697 sicut

269 2753 371 2802 earnes
383 2737 420 2804 de
433 2739 570 2806 caldariis
585 2742 798 2825 producendas.
812 2745 946 2810 Graecum
960 2752 1015 2809 est.
1072 2739 1163 2824 aliqui
1191 2740 1368 2822 adfirmant,
1392 2742 1522 2808 omnium
1550 2741 1682 2824 lapidum
1710 2737 1822 2806 colores

310 2851 472 2915 Summe
486 2848 518 2913 iu
531 2849 662 2932 musicis,
679 2869 773 2934 genus
786 2851 1017 2934 simphoniarum
1071 2846 1225 2930 refulgent.

269 2954 300 3017 in
320 2953 438 3021 risione
456 2955 617 3022 Danihelis.
1113 2961 1268 3036 (lorbano,
1290 2956 1533 3040 gazophilacium.
1558 2957 1695 3022 Godana
1723 2964 1820 3020 autern

308 3067 449 3141 Nathan,
458 3064 537 3146 quod
551 3081 647 3148 grace
660 3066 826 3148 appellatur
836 3066 1019 3150 psalterium,
1073 3067 1284 3149 interpretatur
1304 3072 1418 3132 oblatio.

267 3170 440 3255 psalterium
455 3189 569 3255 quoque
582 3189 600 3235 a
612 3171 765 3256 psallendo
779 3172 889 3238 dictum
901 3182 956 3237 est.
973 3175 1019 3240 nd
1116 3181 1233 3256 daona,
1255 3177 1285 3241 in
1306 3177 1396 3253 Luca,
1415 3175 1523 3242 hiatus.
1546 3177 1682 3242 Graecum
1703 3183 1758 3240 cst.

267 3277 489 3344 similitudinem
510 3289 556 3345 est
576 3279 696 3345 citharae
717 3280 888 3362 barbarica,
905 3281 936 3346 in
949 3299 1018 3347 mo·
1112 3287 1242 3361 Erioebe,
1264 3281 1295 3345 in
1310 3282 1464 3365 propheta,
1483 3299 1585 3363 erugo,
1603 3280 1632 3346 id
1652 3289 1698 3347 est
1719 3279 1822 3360 rubigo

268 3385 348 3450 dum*
360 3384 446 3451 deltae
468 3385 584 3451 littcrae.
1073 3389 1222 3456 messium.
1245 3389 1379 3454 Graecum
1400 3398 1454 3454 est.

311 3499 508 3571 campanum,
529 3493 609 3575 quod
628 3502 748 3560 extento
769 3495 847 3579 pelle
870 3496 920 3561 vel
941 3495 1020 3561 corio
1113 3501 1251 3574 Zoton-io,
1275 3498 1342 3577 [est]
1368 3494 1478 3561 lolium.

271 3599 410 3664 efficitur.
1114 3611 1225 3684 &cerm
1240 3623 1345 3669 succus
1358 3623 1393 3670 ex
1409 3603 1534 3689 dactylis
1550 3608 1585 3684 ⁸),
1599 3612 1629 3668 et
1642 3599 1737 3668 omnis
1748 3617 1822 3683 prae·

311 3709 451 3787 Ouanota,
460 3717 494 3772 ut
503 3706 622 3791 quidam
635 3719 750 3791 putant,
759 3710 915 3775 acetabula
930 3712 1016 3791 [quae]
1074 3711 1242 3788 terminum,
1256 3710 1351 3793 liquor
1364 3711 1414 3792 qui
1426 3710 1464 3774 ad
1478 3708 1639 3774 bibendum
1654 3717 1705 3772 aut
1718 3723 1754 3770 err
1771 3722 1822 3787 pn·

270 3831 410 3898 percussa
425 3818 449 3894 ¹)
471 3813 500 3878 in
521 3815 638 3880 modulo
659 3817 854 3900 concitantur.
1072 3818 1127 3884 mis
1148 3826 1200 3882 aut
1220 3834 1258 3882 er
1278 3817 1409 3899 quolibet
1423 3805 1540 3898 genere
1552 3815 1714 3892 coniicitur,
1731 3814 1823 3878 sicera

312 3926 437 4000 Helua,
449 3919 542 4003 ligna.
557 3922 602 3987 lle
616 3922 662 3988 his
676 3922 813 3989 Salomon
828 3922 938 4004 gradus
952 3926 1020 3992 lecit
1073 3935 1271 4010 nuncupatur.

270 4028 301 4092 in
323 4028 409 4093 domo
430 4027 557 4108 Domini,
572 4028 719 4112 incognita
733 4031 814 4114 ligna
828 4032 917 4100 etiam
936 4034 1020 4116 peri·
1113 4039 1255 4101 Nordum
1271 4040 1428 4112 potuum,
1451 4033 1575 4098 nardum
1596 4031 1698 4112 lidele,
1721 4031 1751 4095 id
1779 4039 1824 4094 cst
1875 4089 1878 4094 .

272 4135 397 4200 tionibus
412 4141 436 4214 ³)
458 4137 626 4204 Judeorum.
1072 4143 1137 4212 sine
1158 4142 1332 4226 impostura,
1354 4159 1482 4223 graeeum
1503 4150 1558 4206 est.

310 4241 441 4324 Soletum,
462 4246 611 4329 spinarum
633 4249 663 4312 in
683 4248 802 4315 heremo
816 4268 910 4332 genus
931 4259 1020 4330 est,e
1112 4258 1255 4320 Nardum
1267 4259 1424 4331 spicatum,
1440 4251 1477 4315 ab
1490 4269 1524 4316 eo
1538 4251 1616 4332 quod
1630 4249 1744 4331 species
1759 4248 1824 4331 ipsa

268 4351 375 4434 quibus
397 4351 510 4434 lignum
531 4353 711 4439 inputribile.
858 4401 862 4412 ·
1072 4360 1156 4426 nardi
1172 4361 1202 4425 in
1218 4359 1335 4425 modum
1348 4359 1437 4440 spica
1452 4361 1503 4437 sit,
1525 4359 1639 4441 quali.
1657 4359 1706 4436 ll]
1725 4356 1822 4420 inlusa

311 4465 422 4536 Sohith,
437 4461 559 4544 virgulti
575 4464 654 4546 apud
675 4465 814 4530 llebraeos
835 4485 941 4534 nomen
962 4475 1017 4534 est.
1072 4467 1241 4533 coniicitur.

308 4707 622 4771 olomucensem
636 4709 747 4765 annom
766 4710 872 4782 optime
891 4714 1019 4768 restitui·
1073 4713 1193 4768 tioribatt
1213 4710 1241 4766 G.
1257 4737 1292 4748 -
1305 4709 1329 4778 ⁴)
1343 4709 1410 4764 Gen.
1423 4721 1493 4773 xxti,
1510 4704 1553 4760 ¹3·
1567 4735 1602 4746 ··
1616 4711 1639 4772 ὅ)
1659 4709 1821 4763 catcabt'ssu·

269 4801 325 4865 tur,
338 4798 521 4852 confirmante
534 4797 604 4870 Reg.
621 4796 701 4867 1823,
714 4798 794 4854 locus
811 4801 944 4856 hactenus
958 4804 1020 4856 ine·
1072 4809 1171 4852 coruos
1183 4797 1214 4851 C.
1228 4822 1264 4835 -
1277 4795 1301 4865 θ)
1316 4811 1391 4861 xcrv,
1403 4793 1430 4848 2.
1445 4823 1481 4836 -
1496 4801 1519 4859 ⁷)
1532 4795 1683 4864 rhapadion
1698 4795 1716 4850 l.
1734 4813 1822 4866 prce-

270 4890 317 4956 pte
331 4890 447 4941 vexatus
461 4887 490 4941 in
502 4889 631 4942 omnibus
644 4887 705 4944 edd.
716 4889 763 4944 ubi
776 4891 816 4944 ita
837 4889 930 4945 habat:
945 4893 1020 4950 Sunt
1073 4889 1160 4941 ‘iosus
1180 4883 1543 4953 G·M012'²tlet'ptlalttr⁸ie
1563 4885 1592 4940 G·
1613 4915 1647 4926 -
1661 4885 1688 4960 ⁸)
1710 4889 1824 4944 tactulis

270 4978 321 5045 qui
339 4978 374 5030 iis
390 4980 475 5032 etiam
486 4995 565 5032 nunc
577 4995 726 5034 armorum
738 4982 797 5035 nice
811 4989 917 5036 mentes
933 4977 1017 5054 (sicl)
1073 4975 1103 5042 Ο,
1123 4973 1206 5046 paulo
1224 4981 1288 5047 post
1306 4978 1496 5033 viomadum...
1517 4978 1645 5048 quolibit.
1670 4977 1741 5034 'l’unr
1761 4983 1824 5044 siras

270 5065 320 5117 hoc
339 5081 441 5120 cosnec
455 5068 596 5122 tribuunt.
616 5065 702 5122 Plura
715 5066 795 5122 nobis
808 5067 934 5120 Britanni
949 5082 1018 5137 sup·
1072 5069 1228 5134 impostura
1250 5065 1279 5122 O.
1305 5065 1309 5070 '

269 5151 402 5222 peditent.
416 5182 452 5195 -
467 5161 489 5218 ²)
498 5171 632 5224 percusso
652 5161 683 5212 in
701 5157 810 5211 modolo
829 5155 856 5209 Ο.
870 5185 906 5197 -·
920 5164 942 5224 ³)
953 5171 1020 5224 per-
