3966 6120
1709 402 1770 481 649

193 545 256 614 est.
277 547 347 614 Nec
370 548 443 625 Nili,
466 567 527 615 nec
557 549 725 616 Brixontis
759 550 892 616 initium
927 549 1105 614 invenitur.
1151 550 1234 613 Nam
1257 545 1314 612 hic
1342 544 1452 610 induit
1475 545 1567 610 illum
1589 559 1686 627 quem
1707 545 1771 609 Ac·

189 659 293 740 gyptii
314 659 500 723 Arcnbelita
520 662 647 732 vocant,
669 661 753 743 quod
775 659 895 723 dicitur
915 677 999 738 aqua
1019 675 1146 738 magna.
1168 635 1205 720 ln
1227 657 1280 719 his
1300 655 1380 719 locis
1412 655 1558 718 nascitur
1580 652 1757 719 multitudo

190 766 449 846 elephantorum,
465 769 498 833 et
513 769 555 831 ibi
568 772 750 834 nascuntur
763 770 911 834 homines
927 771 1044 848 podiam
1065 786 1096 831 n.
1112 771 1151 830 X.
1165 782 1302 844 corpore
1319 763 1464 836 candido,
1491 764 1574 828 facie
1598 761 1756 842 parthica,

194 876 290 956 pedes
310 877 343 940 et
363 894 472 956 genua
492 878 551 942 sub
572 895 618 950 ea,
640 895 719 940 naso
740 880 846 956 longo,
862 881 1010 958 scapulas
1032 877 1145 956 nigras
1159 875 1327 938 habentes.
1355 873 1556 952 intempore
1571 889 1630 935 suo
1656 872 1766 935 trans·

192 983 345 1049 seruntur
365 987 399 1048 in
420 986 543 1059 avibus,
564 987 597 1049 et
617 987 838 1068 quadrupedia
857 989 998 1050 colorem
1019 1002 1185 1066 equorum,
1211 983 1306 1063 pedes
1327 985 1468 1054 leonum,
1486 997 1544 1044 ore
1558 981 1643 1060 ampl
1653 978 1767 1042 issimo

193 1092 277 1156 sicut
297 1111 450 1166 vannum,
472 1095 628 1158 habentia
648 1096 787 1174 regunt:
809 1112 925 1158 verum
944 1095 1004 1156 hos
1035 1095 1062 1155 si
1093 1093 1209 1172 aliquis
1243 1092 1402 1171 sequitur,
1432 1091 1532 1169 longo
1557 1087 1688 1170 lugiunt
1727 1088 1760 1151 ct

196 1202 388 1282 sanguinem
412 1203 537 1266 sudant.
561 1206 626 1266 Hos
647 1204 790 1283 potamos
810 1202 990 1282 apponam:
1004 1203 1063 1265 Est
1083 1202 1117 1264 in
1140 1200 1335 1264 Brixontem
1356 1200 1475 1262 flumen
1493 1242 1499 1258 .
1515 1243 1547 1259 ..

297 1313 334 1374 V.
357 1310 404 1372 Ad
424 1311 591 1375 Orientem
611 1311 792 1376 nascuntur
804 1312 953 1374 homines
968 1310 1155 1390 longipedes
1169 1311 1202 1372 et
1224 1307 1325 1371 macri
1350 1308 1482 1377 femora,
1512 1305 1546 1368 et
1559 1303 1664 1368 ¹subla
1679 1348 1711 1365 ..
1732 1347 1762 1364 ..

201 1417 299 1495 pedes
320 1436 351 1482 n.
373 1421 425 1480 lv.
448 1419 557 1483 colore
577 1420 682 1500 nigro.
703 1423 769 1482 llos
791 1420 877 1482 ostes
897 1419 1072 1498 appellant,
1101 1434 1182 1479 nam.
1198 1431 1407 1496 quoscunque
1428 1413 1568 1490 capiunt,
1584 1411 1767 1474 comedunt.

197 1527 280 1590 Sunt
303 1526 336 1589 el
358 1527 415 1589 alii
433 1529 529 1606 juxta
559 1527 759 1602 Brixouiem,
781 1527 916 1591 Lerucis
937 1525 1109 1606 appellant.
1126 1557 1168 1572 -
1190 1524 1379 1586 Nascuntur
1404 1522 1437 1585 et
1459 1521 1575 1585 ibidem
1602 1520 1761 1589 dracones

196 1635 385 1714 longipedes
406 1651 437 1698 n.
459 1637 491 1697 0.
503 1635 701 1698 vastitudine
714 1636 948 1706 columnarum:
963 1634 1097 1714 propter
1118 1631 1358 1704 multitudinem
1378 1631 1553 1694 draconum
1577 1645 1671 1691 nemo
1695 1627 1761 1691 iam

197 1742 293 1807 lacile
313 1742 405 1806 adire
425 1742 531 1820 polest
552 1759 651 1821 snper
670 1743 750 1806 illud
772 1744 904 1806 flumen.
1441 1793 1445 1800 .

293 1853 331 1914 V.
352 1851 394 1912 Et
412 1851 518 1914 altera
535 1851 629 1929 regio
649 1851 728 1914 est...
743 1852 949 1928 Babylonem.
965 1853 1059 1912 Mons
1073 1850 1123 1913 est
1146 1849 1190 1910 ibi
1210 1849 1246 1911 in
1263 1865 1327 1928 quo
1352 1848 1441 1910 natio
1455 1850 1686 1925 Tyrannorum
1706 1844 1757 1914 est

195 1959 283 2022 inter
292 1958 453 2020 Moeniam
466 1958 500 2020 et
511 1957 717 2020 Arimeniam.
730 1961 823 2020 Mons
837 1959 886 2020 est
899 1956 1058 2019 maximus
1069 1957 1104 2020 et
1113 1955 1298 2019 altissimus:
1312 1955 1355 2017 ibi
1366 1955 1442 2018 sunt
1453 1953 1584 2017 honesti
1595 1953 1755 2015 homines.

196 2066 238 2128 Hi
258 2065 372 2129 tenent
392 2068 482 2129 Mare
496 2065 630 2128 rubrum
651 2065 685 2128 in
708 2065 887 2144 imperium.
908 2065 954 2128 lbi
975 2063 1156 2128 nascuntur
1177 2063 1331 2126 mulieres
1352 2063 1468 2125 barbas
1482 2060 1641 2126 hebentes
1656 2075 1760 2139 usque

196 2176 236 2239 ad
270 2173 437 2245 mamillas,
465 2174 632 2252 pelliculas
664 2173 868 2236 vestimentis
905 2173 938 2236 et
972 2189 1071 2250 equas
1098 2169 1257 2234 habentes
1283 2170 1479 2234 venatrices
1509 2169 1592 2233 Sunt
1621 2166 1765 2236 maxima

195 2283 230 2346 in
253 2283 360 2344 lorma
379 2282 470 2345 canis
490 2282 636 2361 tigrides,
651 2281 683 2345 et
699 2281 866 2360 leopardos
887 2279 1047 2352 nutriunt,
1065 2279 1097 2342 ct
1111 2278 1220 2368 omnnia
1234 2293 1358 2358 genera
1369 2277 1554 2348 bestiarum,
1568 2291 1651 2355 quae
1664 2274 1698 2336 in
1710 2289 1765 2337 eo·

197 2392 269 2454 dem
290 2390 399 2454 monte
419 2390 610 2462 nascuntur,
633 2388 845 2452 interficiunt.
858 2387 941 2450 Sunt
961 2388 994 2450 et
1015 2385 1097 2448 aliae
1118 2386 1236 2448 ibidem
1251 2385 1412 2458 mulieres,
1427 2384 1542 2448 dentes
1555 2383 1686 2462 aprinos
1699 2381 1759 2444 ha·

196 2499 318 2572 bentes,
338 2497 471 2576 capillos
492 2515 593 2577 nsque
613 2497 695 2560 talos
721 2496 755 2558 in
777 2495 893 2558 lumbis
913 2495 946 2559 et
967 2495 1086 2559 caudas
1104 2493 1262 2558 habentes
1283 2493 1388 2555 boum.
1404 2493 1487 2555 Altae
1508 2491 1594 2564 sunt,
1612 2490 1764 2569 speciosae

196 2622 340 2684 corpore,
361 2607 453 2685 quasi
474 2621 636 2668 marmore
657 2603 799 2676 candido,
822 2602 917 2682 pedes
937 2593 1095 2666 habentes
1115 2601 1313 2666 carnotinos:
1338 2600 1475 2680 propter
1488 2614 1626 2678 quarum
1651 2597 1761 2676 inspe-

198 2712 339 2778 ctionem
358 2711 427 2776 tres
447 2729 490 2776 ex
510 2712 563 2775 his
582 2689 772 2776 occiderunt
792 2710 871 2774 socii
891 2710 1004 2784 nostri,
1026 2710 1178 2789 qnoniam
1198 2709 1292 2770 vivas
1313 2707 1474 2786 prendere
1495 2722 1560 2769 non
1575 2703 1761 2786 potuerunt.

199 2817 349 2900 Explicit.

769 3331 938 3394 Montium
958 3332 1194 3395 nouissimum.

344 3724 442 3783 Plura
454 3721 493 3783 ad
508 3723 631 3785 calcem
652 3723 772 3786 notare
782 3724 886 3801 juvat.
902 3725 1055 3796 Primum,
1070 3725 1110 3788 de
1123 3729 1296 3801 allegoriis
1307 3727 1336 3788 S.
1353 3726 1532 3807 Theophilo
1547 3725 1708 3805 ascriptis,
1722 3727 1858 3805 praeter

276 3829 423 3891 codicem
443 3829 701 3899 Bruxellensem,
723 3829 762 3892 de
785 3847 850 3908 quo
871 3831 982 3909 agitur
1004 3847 1102 3909 supra
1123 3850 1152 3910 p.
1173 3831 1243 3906 624,
1266 3834 1299 3895 et
1320 3834 1461 3897 alterum
1483 3834 1673 3903 Palatinum,
1707 3833 1746 3894 de
1778 3849 1842 3910 quo

280 3952 357 3997 mox
378 3953 405 4013 p.
426 3935 496 4010 650,
518 3935 636 3998 tertius
657 3937 776 4012 exstat,
797 3952 893 4016 quem
917 3938 993 3999 olim
1013 3937 1081 3999 vidi
1102 3939 1136 3999 in
1149 3939 1344 4003 bibliotheca
1374 3940 1568 4007 carnotensi
1601 3939 1664 4000 sub
1691 3956 1783 4000 num.
1806 3940 1849 4000 85

278 4041 483 4121 inscriptum,
505 4043 773 4118 vetustissimum,
792 4045 902 4107 eodem
923 4046 1057 4125 prologo
1078 4045 1308 4126 incipientem:
1332 4050 1533 4123 Aplssooos,
1558 4047 1591 4110 ct
1614 4045 1791 4108 exeuntem
1806 4045 1854 4106 si-

277 4147 398 4210 militer
420 4146 453 4209 in
475 4151 581 4211 Lucae
600 4151 814 4228 evangelium.
836 4183 878 4198 -
899 4151 1029 4227 Deinde,
1051 4151 1134 4231 quod
1157 4155 1282 4232 spectat
1306 4153 1346 4215 ad
1378 4155 1545 4217 Victorem
1576 4155 1773 4231 Capuanum,
1805 4152 1846 4214 dc

276 4272 340 4333 quo
361 4256 401 4316 ed
422 4257 451 4317 S.
475 4257 686 4337 Polycarpum
708 4276 737 4336 p.
759 4260 850 4320 XXV
871 4259 1067 4338 disputatur,
1089 4259 1175 4322 idem
1198 4278 1271 4322 cum
1293 4264 1420 4324 Joanne
1441 4260 1737 4340 diaconooccnnrit
1753 4259 1787 4319 in
1802 4258 1850 4318 al-

276 4365 348 4424 tero
372 4363 484 4425 codice
514 4365 707 4426 carnotensi
726 4381 756 4425 n.
782 4367 827 4438 18,
847 4382 929 4428 saec.
959 4369 1012 4440 lX,
1035 4368 1094 4428 sub
1115 4367 1178 4429 hoc
1192 4368 1362 4430 lemmate:
1395 4370 1502 4430 Vlolcr
1516 4371 1689 4442 episcopus
1707 4368 1851 4438 capreoe,

276 4473 313 4528 in
336 4472 543 4544 expositione
563 4473 799 4546 capitulorum,
815 4489 853 4534 ac
873 4475 1022 4552 proxime
1044 4474 1193 4552 sequitur
1213 4490 1258 4536 ce
1279 4478 1384 4538 collat.
1407 4477 1606 4538 sanctorum
1618 4475 1767 4549 patrum.
1785 4473 1845 4532 De-

276 4575 376 4654 nique
398 4577 505 4638 serius
527 4577 567 4639 ad
585 4583 700 4640 nostra
720 4579 857 4640 accessit
878 4579 1007 4641 Tatiani
1029 4582 1256 4650 Dialessaron,
1282 4598 1380 4659 quam
1402 4583 1436 4643 nt
1453 4581 1488 4642 in
1503 4581 1625 4643 nostris
1646 4580 1849 4658 prolegome-

276 4680 327 4742 nis
351 4681 492 4744 debitam
512 4683 650 4746 haberet
671 4685 870 4748 memoriam.
893 4685 965 4748 Erit
989 4687 1120 4750 tandem
1142 4687 1197 4765 qui
1218 4687 1378 4762 advertat,
1395 4689 1610 4767 pluraexhis
1625 4688 1755 4766 quaein
1772 4691 1851 4748 Pro·

276 4789 453 4867 l‘egomcnis
474 4809 504 4872 p.
527 4794 657 4867 xxxii,
680 4793 816 4855 XXXIII
837 4812 856 4857 e
886 4793 953 4856 cod.
987 4795 1118 4858 arabico
1140 4797 1353 4858 ascribuntur
1374 4799 1404 4858 S.
1425 4797 1604 4876 Hippolyto,
1634 4796 1714 4858 alias
1745 4797 1847 4860 tribui

275 4894 363 4958 salsis
384 4899 413 4958 S.
436 4898 507 4960 lulli
529 4902 588 4960 ΡΡ.
611 4899 762 4979 epistolis,
774 4900 813 4962 de
825 4917 888 4981 quo
909 4905 1105 4980 argumento
1127 4903 1216 4964 locus
1237 4903 1303 4964 erit
1324 4904 1358 4964 in
1387 4905 1473 4966 tomo
1494 4907 1520 4964 V
1545 4905 1779 4968 nnulcmorcm
1792 4921 1853 4966 no-

274 5003 424 5067 atrorum
447 5005 550 5069 insius
571 5009 605 5070 et
627 5007 788 5070 maturius
808 5008 1002 5088 disputandi.
