4044 6098
277 449 336 515 ms
957 449 1150 518 omununs

276 601 340 686 βίος
353 599 413 694 γὰρ
426 600 520 677 καλὸς
532 602 586 668 τὸν
595 601 675 670 Θεὸν
688 575 854 695 ἐπιγιίῶναι
864 613 957 695 ποιεῖ,
970 605 1024 670 καί
1076 604 1139 670 ritu
1163 605 1240 672 enin
1267 604 1359 688 probs
1383 604 1477 670 Deum
1502 624 1662 688 agnoscere
1688 607 1774 688 iacit,
1795 618 1849 676 et-

274 713 294 784 ή
308 719 365 776 τοῦ
377 715 458 776 Θεοῦ
470 720 581 803 γνῶσις
596 721 653 778 τοῦ
670 712 736 798 βίου
753 713 873 804 γίνεται
888 715 1023 804 φυλακή.
1076 711 1131 778 uei
1152 711 1279 779 scientia
1299 712 1373 780 vitm
1391 720 1438 780 est
1457 713 1601 780 custodia.

319 817 361 896 ις’,
387 811 425 898 ιζ’
446 824 509 909 Πῦρ
533 819 642 886 ἔπεσεν
666 823 701 886 ἐκ
726 828 783 886 τοῦ
808 824 945 911 οὐρανοῦ,
969 822 1024 888 καί
1115 817 1245 885 liridi.
1269 820 1319 901 10,
1342 819 1612 904 inlpnuoece'uu
1637 822 1671 886 de
1698 822 1774 887 οοείο
1793 829 1822 888 εί

156 932 159 938 ’
271 924 447 991 κατέκαυσε
469 923 511 991 τὰ
533 919 730 1018 πρόθατα...
754 926 816 992 Καί
842 927 1022 995 ἐκύκλωσαν
1075 923 1227 989 0000010001
1245 943 1344 990 0008...
1372 923 1411 989 Et
1428 925 1670 992 0000000000οωοί
1687 927 1820 1010 comus,

272 1030 329 1108 τὰς
345 1033 519 1121 καμήλους,
542 1032 597 1098 καί
619 1031 873 1124 ήχμαλῶτευσαν
895 1034 1020 1114 αὐτάς...
1074 1037 1103 1097 er
1119 1033 1303 1113 ruptiourrmt
1320 1052 1403 1098 rus...

278 1137 338 1204 Vct.
360 1138 432 1217 770,
455 1141 485 1218 2,

318 1241 381 1322 Τὰς
396 1243 450 1334 μὲν
462 1246 624 1334 καμήλους
639 1247 794 1322 πεποίηκε
807 1247 1021 1341 personarunt
1113 1247 1247 1316 Gamclos
1268 1249 1386 1333 quidem
1399 1248 1542 1316 Diabolus
1556 1251 1626 1316 iecit
1638 1269 1703 1318 csse
1717 1251 1749 1318 in
1769 1271 1821 1338 pc·

272 1349 343 1430 τοὺς
362 1356 471 1428 ἱππεῖς·
486 1350 543 1430 τὰς
560 1345 672 1432 ὸνάθας
688 1355 742 1420 καί
757 1354 829 1433 τοὺς
847 1356 931 1446 βόας,
947 1356 1020 1436 τοὺς
1075 1363 1181 1422 roure
1202 1356 1352 1440 equitum
1370 1356 1469 1422 asinas
1481 1363 1512 1422 et
1525 1357 1630 1436 boves,
1651 1356 1702 1441 qui
1723 1366 1822 1423 aratro

271 1462 480 1551 ἀροτριῶντας
494 1458 548 1524 καί
563 1458 622 1534 τήν
639 1471 699 1552 γῆν
716 1456 949 1554 ἐργαζομένους,
963 1487 1021 1528 πε·
1072 1469 1104 1527 et
1117 1461 1198 1545 agris
1211 1463 1385 1543 inserviunt,
1399 1463 1512 1529 addixit
1528 1463 1723 1547 praedonibus.
1739 1466 1820 1532 Oves

271 1566 386 1639 ποίηκε
402 1563 546 1658 γενέσθαι
558 1565 617 1632 ὑπὸ
632 1564 705 1644 τοὺς
718 1563 1019 1658 αἱχμαλωτίζοντας·
1072 1577 1171 1636 autem
1191 1571 1258 1637 odio
1272 1569 1406 1656 sprevit;
1422 1571 1487 1636 idco
1501 1571 1599 1650 ignem
1616 1572 1654 1638 de
1673 1571 1746 1638 coelu
1768 1573 1821 1638 im·

272 1669 315 1738 τὰ
330 1666 475 1763 πρόθατα
492 1664 526 1739 δὲ
541 1675 694 1763 ἐμίσησιν,
714 1665 766 1740 διὰ
781 1685 877 1741 τοῦτο
892 1686 951 1769 πῦρ
966 1700 1022 1742 κα·
1073 1677 1154 1744 misit
1176 1677 1206 1742 in
1227 1695 1338 1744 oves...
1355 1676 1428 1757 (uile
1442 1695 1506 1762 epp.
1522 1677 1604 1761 apud
1616 1677 1687 1744 BB.
1704 1697 1734 1760 p.
1751 1678 1819 1757 mr,

270 1779 413 1873 τήγαγεν
437 1774 469 1860 ἐξ
493 1785 620 1871 οὐρανοῦ
643 1782 694 1847 ἐπί
715 1781 757 1849 τὰ
780 1777 954 1874 πρόθατα...
1073 1785 1209 1852 nomed.
1233 1805 1262 1870 p.
1284 1786 1345 1864 θθ).

316 1891 391 1979 Κερ.
414 1894 457 1978 B',
482 1886 516 1952 θ’.
540 1887 655 1979 Χρόνου
671 1882 705 1956 δὲ
720 1895 838 1957 πολλοῦ
861 1886 1019 1984 προθεθη-
1113 1894 1187 1977 Cap.
1210 1891 1249 1974 ll,
1272 1894 1301 1956 9.
1329 1891 1462 1977 Tempore
1488 1897 1583 1957 uestem
1608 1892 1697 1958 multo
1724 1911 1818 1978 proce·

212 2035 216 2042 ·
270 1994 372 2072 κότος,
387 1989 600 2080 εἷπεναὺτῷή
616 1996 693 2088 γυνή
713 2002 817 2064 αὐτοθ.
835 1997 1015 2078 Vatinii.
1071 2000 1161 2078 duur,
1181 1999 1259 2063 uicit
1277 2002 1304 2063 ei
1323 2017 1398 2063 uuor
1417 2003 1490 2084 ejus.

310 2101 390 2195 Ὅρα
402 2104 440 2169 το
452 2113 635 2196 κακοῦργον,
646 2106 700 2171 ὅτε
712 2105 808 2184 πολὺς
821 2099 929 2184 διῆλθε
942 2110 1018 2201 χρό-
1110 2108 1242 2174 Observa
1266 2117 1393 2174 astutum
1416 2109 1582 2175 vafritiem:
1610 2128 1675 2174 oum
1695 2108 1817 2173 muitum

269 2234 329 2288 νος,
352 2211 430 2277 τότε
451 2210 634 2277 ἐπιτίθεται·
650 2213 726 2278 τότε
741 2213 801 2306 γὰρ
819 2214 959 2304 μάλιστα
974 2217 1017 2284 τὰ
1071 2214 1212 2296 temporis
1221 2213 1420 2294 intercederet,
1431 2215 1560 2280 tunchb
1570 2214 1818 2296 impetitur.Tunc

269 2329 327 2396 τῆς
350 2311 473 2396 ἐλπίδος
504 2319 689 2412 ἐλέγχεται,
712 2321 789 2387 τότε
812 2323 953 2413 μάλιστα
974 2323 1017 2390 τὰ
1070 2321 1150 2386 enim
1164 2322 1293 2386 maxime
1310 2318 1373 2400 spei
1395 2321 1523 2386 rationes
1541 2319 1723 2399 refelluntur,
1748 2330 1819 2386 tunc

269 2435 327 2502 τῆς
351 2417 509 2515 δυνάμεως
524 2419 687 2505 ἐξασθενεῖ.
704 2432 807 2493 Διπλᾶ
821 2453 859 2494 τε
878 2439 924 2513 τῷ
947 2424 1016 2496 Ῡ1ὡ5
1070 2429 1217 2513 praecipue
1231 2428 1339 2494 virium
1351 2427 1439 2493 robur
1449 2427 1628 2493 debilitatur.
1642 2425 1753 2510 Duplex
1766 2446 1817 2494 uu·

269 2530 312 2597 τοέ
333 2542 391 2608 τῆς
415 2530 574 2609 ἀσθενείας
595 2529 645 2608 ήν·
668 2534 771 2612 uus-<lc
784 2559 821 2600 τε
843 2535 904 2627 γὰρ
928 2535 1018 2602 ἀσθε-
1070 2544 1126 2601 ten
1141 2535 1197 2618 ipsi
1212 2534 1396 2600 imbecillitas
1409 2545 1488 2602 erat:
1507 2535 1646 2618 temporis
1659 2536 1738 2604 enim
1753 2537 1817 2603 diu·

269 2640 409 2732 νέστερος
432 2641 543 2734 γέγονε
559 2651 605 2726 τῷ
623 2643 717 2732 μήκει
738 2654 796 2709 τοῦ
817 2644 940 2736 χρόνου,
963 2645 1017 2711 καί
1069 2643 1210 2708 turnitute
1234 2641 1402 2724 languidior
1426 2643 1522 2707 luctus
1539 2652 1599 2724 est,
1621 2661 1657 2708 uc
1676 2661 1745 2726 spes
1766 2663 1814 2727 pc·

267 2751 288 2820 ή
312 2746 398 2823 ἐλπίς
422 2752 542 2836 μᾶλλον
565 2748 756 2841 ἀπέγνωστο.
1073 2749 1219 2815 tissimum
1240 2758 1415 2817 evanuerat.

312 2859 388 2944 Κεφ.
412 2846 453 2929 Ζ’,
477 2853 515 2918 ol.
539 2853 675 2945 Πότερον
692 2855 762 2945 οθχί
777 2858 975 2948 πειρατήριον
999 2862 1015 2922 ὁ
1109 2856 1676 2942 Cap.vli,1.Nomquuoonuotaui
1696 2863 1739 2925 esi
1758 2860 1817 2925 ritu

269 2962 333 3046 βίος
349 2959 508 3052 ἀνθρώπου
532 2961 582 3027 ἐπί
605 2973 663 3038 τῆς
686 2973 757 3058 γῆς,
774 2965 878 3056 ὥσπερ
895 2965 1015 3055 μισθίου
1070 2964 1192 3029 liomiur'r
1200 2983 1286 3048 super
1297 2963 1481 3030 terramilit
1491 2966 1564 3028 sicut
1574 2965 1734 3048 quotidiani
1743 2985 1815 3030 mer·

267 3067 505 3160 αὑθημερινοῢή
521 3065 585 3151 ζωή
601 3075 706 3152 eurum
721 3070 860 3152 Vatinii,
871 3074 1014 3150 2,776,1.
1068 3071 1178 3134 repurr'e'
1198 3074 1260 3134 uita
1279 3073 1364 3147 ejus?

311 3175 406 3248 Δίκην
427 3175 595 3266 μισθωτοῦ,
612 3177 748 3255 ἅπαντες
771 3179 842 3270 περί
863 3179 923 3255 τήν
947 3185 1017 3246 ἑαυ-
1108 3176 1190 3241 uoto
1209 3176 1391 3254 mercenarii,
1411 3194 1513 3242 omnes
1532 3177 1612 3240 circa
1632 3191 1668 3240 eu
1687 3191 1755 3260 qum
1775 3177 1812 3241 ad

266 3288 329 3344 τῶν
352 3291 520 3347 ποιοῦνται
551 3276 644 3363 ζωήν·
670 3283 772 3360 ἄλλως
794 3282 855 3376 γὰρ
878 3285 1014 3378 γεωργὸς
1067 3281 1159 3347 vium
1180 3282 1340 3366 pertinent,
1355 3283 1508 3349 laborant:
1532 3281 1625 3348 Aliter
1644 3282 1814 3366 enimugri·

266 3388 412 3480 συλλέγει
424 3388 552 3480 τροφὴν,
566 3389 620 3455 καί
636 3389 738 3468 ἄλλως
754 3395 770 3455 ὁ
786 3389 845 3466 τήν
860 3391 1013 3478 βάναυσον
1067 3389 1129 3453 culn
1150 3388 1264 3454 victum
1283 3389 1340 3456 sibi
1362 3389 1484 3473 colligit,
1498 3389 1583 3455 aliter
1603 3388 1653 3474 qui
1675 3387 1813 3455 rusticum

266 3495 381 3584 μετιὼν
404 3497 531 3588 τέχνην,
555 3496 699 3564 καίοιεν
716 3491 872 3589 ἀξιώματι
894 3500 1013 3592 ἑτέρως,
1067 3501 1097 3558 et
1106 3492 1277 3561 illiberalem
1287 3503 1403 3562 exercet
1413 3505 1516 3575 artem,
1527 3505 1558 3561 et
1568 3495 1651 3561 aliter
1661 3495 1750 3561 ctiam
1761 3494 1813 3579 qui

302 3727 329 3765 ο.
349 3703 393 3778 16,
414 3705 455 3766 17.
473 3709 540 3765 var.
559 3725 568 3765 1
588 3709 608 3765 f.
630 3708 673 3780 10,
693 3727 714 3767 ιι
734 3709 756 3765 1.
781 3709 823 3781 17,
843 3728 873 3768 ιιι
893 3713 914 3770 i.
935 3711 977 3782 14,
996 3730 1014 3770 ν
1069 3707 1262 3777 Olympiodoro·
1280 3707 1391 3762 nomino
1409 3705 1547 3780 inscripto
1559 3708 1588 3762 in
1602 3710 1666 3766 Vnt.
1678 3725 1707 3778 ν,
1724 3711 1813 3782 05η]-

267 3796 289 3851 i.
308 3796 338 3867 7,
358 3813 396 3851 vn
416 3795 437 3852 f.
456 3795 500 3867 25,
518 3795 736 3866 v111f.43,1xi.
752 3797 795 3869 17,
815 3815 833 3853 x
852 3800 871 3856 i.
894 3798 935 3858 10.
954 3801 1013 3857 lui·
1065 3801 1181 3853 scotomi
1197 3795 1675 3870 invet.r1,illsreliquccodimus
1694 3801 1811 3859 Gallun-

265 3887 334 3941 tium
353 3885 479 3940 dedimus
497 3889 623 3956 tuntum,
642 3891 746 3943 cutem
763 3887 868 3943 hubent
885 3891 931 3944 BB
949 3896 1014 3964 post
1066 3883 1129 3953 (lio,
1149 3901 1238 3956 neque
1256 3880 1340 3939 sliter
1356 3903 1442 3958 porro
1459 3887 1549 3942 acturi
1569 3904 1675 3944 sumus.
1694 3889 1738 3945 Ex
1761 3891 1813 3948 hoc

263 3976 388 4045 lunium,
401 3974 448 4029 sed
461 3973 546 4047 poulo
557 3975 714 4046 integriora
727 3975 902 4050 Guilendius,
916 3983 964 4052 qui
977 3999 1012 4035 ex
1066 3973 1127 4028 1000
1145 3990 1163 4027 0
1181 3972 1293 4028 Catenis
1315 3974 1375 4028 fere
1399 3977 1527 4031 omnibns
1547 3976 1684 4048 Origenes
1703 3979 1815 4037 exsulat

263 4062 358 4136 ulique
375 4063 511 4118 verietate
525 4066 614 4119 totum
626 4079 702 4136 ssepe
715 4063 807 4120 locum
820 4066 1010 4140 redintegrem
1066 4077 1153 4136 00000
1172 4063 1205 4117 td
1224 4079 1287 4134 000·
1306 4079 1363 4120 ¹1¹·
1383 4064 1450 4129 Quae
1469 4082 1535 4120 0000
1555 4066 1723 4137 intervomit
1742 4071 1812 4125 Gal-

264 4153 291 4208 id
305 4153 378 4224 quod
390 4153 483 4208 minus
495 4151 563 4208 licet
576 4153 656 4208 nobis
670 4157 796 4207 ὰιάλικτα
808 4158 1010 4226 promentibus.
1065 4152 1186 4222 Isindius,
1197 4152 1267 4210 licet
1278 4153 1372 4227 amplo
1382 4155 1464 4223 estis,
1474 4172 1508 4211 ne
1519 4172 1573 4211 uno
1582 4157 1694 4227 quidem
1706 4158 1814 4217 scholio

263 4273 296 4288 ..
312 4247 364 4304 Τὰς
380 4242 448 4302 ὄνους
462 4246 551 4295 καίτοι
564 4245 639 4316 (ripe
655 4243 718 4307 βοῶν
731 4244 792 4298 edd.
807 4261 870 4300 cum
884 4246 949 4302 vat.
962 4261 1012 4318 νιι,
1065 4247 1193 4315 excepto,
1207 4245 1300 4300 omnis
1313 4244 1480 4316 legebantur
1497 4245 1570 4317 apud
1588 4247 1712 4317 lunium,
1725 4267 1814 4323 neque

263 4347 290 4401 x,
303 4347 341 4387 ιιι.
360 4361 394 4372 -
411 4328 534 4401 Ἀροτριῶ
552 4331 684 4403 frequens
695 4333 768 4404 apud
781 4349 836 4389 ιιι
849 4339 877 4390 st
889 4334 1010 4391 lilexsn-
1064 4334 1204 4390 immerito
1214 4339 1279 4407 jure
1298 4333 1495 4408 Olympiodoro
1514 4341 1543 4391 ot
1554 4335 1754 4410 Chryscstomo
1766 4357 1813 4395 ss·

262 4421 369 4490 drinos,
388 4424 420 4475 ut
438 4435 539 4476 novum
557 4425 670 4476 notetur
687 4421 759 4493 opud
779 4421 888 4478 nobook
902 4423 1009 4498 Phryn.
1064 4425 1166 4494 cripte.
1180 4423 1272 4478 Psuou
1291 4439 1343 4476 nos
1361 4425 1390 4476 et
1404 4439 1475 4477 nors
1492 4439 1575 4478 menn
1593 4439 1679 4495 porco
1697 4427 1814 4485 subinde

262 4504 331 4578 2543
351 4521 433 4580 quum
451 4511 601 4581 pericopen
619 4510 771 4566 omiserunt
789 4512 850 4568 edd.
864 4543 901 4556 -
918 4513 1010 4573 Vstic.
1065 4527 1100 4564 ex
1118 4511 1199 4566 codd.
1218 4513 1323 4567 nostris
1340 4511 1539 4583 decerpsimus.

262 4595 401 4653 unciulem
420 4597 486 4652 Bin
503 4598 654 4654 versiculis
670 4601 760 4656 sacris
777 4604 924 4674 pergimus
942 4604 1011 4661 reli·
1102 4601 1170 4671 Cup.
1196 4598 1502 4669 prinnannus.
1524 4598 1705 4659 l8t.Esdom
1728 4602 1813 4676 Poly·

264 4686 343 4756 gicss
361 4687 452 4759 sequi,
471 4687 526 4741 nisi
545 4687 617 4760 quod
629 4693 735 4760 prester
746 4695 877 4746 accentus
890 4695 920 4745 ot
930 4709 1009 4748 com·
1064 4688 1198 4744 chronius
1217 4690 1278 4744 inse
1295 4691 1483 4762 persequitur,
1496 4689 1565 4745 Iun.
1580 4708 1607 4762 p.
1628 4689 1689 4760 182,
1702 4691 1771 4763 quin
1784 4693 1814 4746 in
1859 4752 1866 4766 ¹

263 4781 338 4833 mute
355 4779 465 4850 addita,
485 4781 569 4834 etiam
590 4781 750 4836 recesseris
771 4783 866 4852 taciti,
884 4797 937 4837 noo
956 4784 1011 4837 nisi
1064 4778 1142 4834 hisce
1152 4777 1288 4849 Origenes
1301 4793 1356 4832 nou
1373 4781 1552 4847 agnoscetur.
1563 4780 1626 4836 Vct
1638 4778 1711 4834 mule
1724 4799 1812 4852 πρινι-

263 4882 339 4937 raro,
358 4868 548 4940 emendemus,
567 4874 599 4925 ut
616 4870 837 4940 αἰχμαλώτιυσαν.
1031 4919 1032 4922 ,
1063 4872 1155 4922 cirrus.
1174 4897 1210 4910 -
1223 4866 1355 4939 Polychr.
1367 4864 1500 4936 ἐξιόμασι,
1521 4866 1571 4924 hu
1592 4871 1741 4924 varietates
1761 4887 1812 4927 ne·

300 4959 367 5030 Cap.
387 4958 427 5027 ΙΙ,
445 4957 473 5014 0.
494 4960 559 5016 Vei.
577 4975 587 5016 1
606 4958 627 5015 i.
650 4958 699 5028 15,
718 4976 739 5017 ιι
757 4960 779 5016 i.
798 4957 851 5030 26,
870 4976 902 5019 ιιι
921 4958 943 5013 i.
962 4957 1008 5031 24,
1065 4957 1213 5031 gligimus,
1226 4975 1289 5029 quse
1307 4955 1396 5012 mulio
1413 4959 1559 5028 pauciores
1571 4959 1644 5030 apud
1658 4959 1809 5031 Origenem

261 5062 289 5106 1v
308 5046 330 5102 f.
348 5045 400 5111 71,
419 5063 438 5102 ν
457 5047 479 5100 i.
499 5045 545 5116 43,
562 5065 602 5105 vn
627 5048 648 5103 i.
668 5047 720 5122 42,
741 5065 791 5104 rin
809 5048 832 5105 i.
855 5045 916 5105 150.
941 5049 1009 5113 Qum
1063 5054 1211 5106 occurrent
1229 5050 1258 5102 iu
1277 5049 1397 5120 cetenis,
1414 5065 1496 5121 quum
1515 5048 1548 5102 dc
1566 5051 1679 5105 caeteris
1698 5051 1810 5106 seriori-

261 5135 424 5194 Gsllsndius
436 5157 465 5212 p.
477 5138 513 5195 60
525 5140 625 5196 mutila
638 5140 725 5212 dedii,
737 5141 810 5196 haud
829 5140 939 5211 quidem
951 5155 1011 5194 me-
1062 5142 1124 5196 bus.
1139 5140 1251 5195 Priscus
1269 5139 1423 5210 scriptores
1442 5137 1611 5195 christianos
1630 5139 1740 5198 (λείοιιιε
1759 5156 1806 5196 re-

258 5243 320 5284 mor
338 5229 494 5302 integrioru
512 5246 574 5286 esse
593 5230 668 5303 spud
685 5231 749 5286 lun.
762 5248 789 5301 p.
801 5227 847 5300 85,
867 5229 915 5285 sod
934 5227 1010 5284 islso
1062 5229 1193 5302 ligiosius
1211 5233 1369 5290 servarunt.
