3976 6078
686 490 812 557 CODEX
834 489 1163 556 CLARONONTANUS
1678 492 1696 552 9

189 649 238 714 30.
264 646 326 716 vta
346 643 472 724 Domini,
494 641 624 728 operatio
644 640 828 723 Divinitatis,
850 641 927 706 sicut
943 640 972 705 in
987 641 1041 707 Job
1056 661 1109 726 pro
1122 599 1265 709 Diabolus
1280 641 1347 726 Ipse
1367 649 1414 708 est
1434 641 1612 726 principium
1634 641 1695 707 via·

151 785 218 832 rum
239 765 305 831 Dei.

189 883 238 946 31.
262 881 336 950 ltem
359 879 417 946 3113
437 877 568 957 Domini,
589 884 736 961 praecepta
756 877 830 959 ejus.
846 876 882 942 In
896 875 987 944 Osee:
1005 875 1160 957 Quoniam,
1176 885 1264 942 rectas
1281 876 1338 942 313
1352 875 1482 957 Domini,
1499 885 1529 942 et
1540 875 1614 959 justi
1628 894 1696 942 am-

149 999 297 1065 butabunt
318 998 349 1062 in
370 998 424 1064 eis.

191 1117 240 1182 at.
264 1116 396 1200 Vestigia
421 1115 549 1196 Domini,
575 1131 695 1199 operum
722 1121 900 1179 secretorum
924 1114 1020 1196 sigua.
1048 1113 1082 1178 13
1108 1110 1236 1195 psalmo:
1267 1111 1303 1177 lit
1327 1111 1452 1194 vestigia
1479 1119 1530 1177 tua
1553 1129 1613 1176 non
1641 1129 1695 1176 co·

152 1244 342 1318 gnosccntur.

191 1349 240 1414 33.
257 1348 394 1432 Cognitio
416 1347 547 1426 Domini,
568 1347 646 1432 quod
667 1357 878 1430 cognoscentes
897 1347 999 1427 saciat,
1022 1347 1101 1412 siout
1122 1347 1194 1413 dicit
1215 1345 1253 1410 ad
1273 1344 1436 1411 Abrabam:
1461 1345 1546 1412 Nune
1567 1347 1697 1430 cognovi

150 1466 288 1548 quoniam
311 1467 398 1530 times
418 1465 524 1543 Deum,
548 1463 603 1530 boc
623 1475 669 1530 est
689 1484 865 1550 cognoscere
887 1475 916 1532 te
935 1466 1003 1531 1331.

193 1582 241 1646 31.
264 1581 384 1647 Nescire
404 1580 532 1660 Domini,
554 1582 712 1665 reprobare
732 1591 786 1648 est.
810 1584 845 1648 ln
866 1581 1047 1666 Evangelio:
1070 1582 1174 1649 Nescio
1195 1598 1259 1647 vos.

192 1698 240 1763 311.
264 1698 441 1765 Recordatio
455 1697 585 1778 Domini,
602 1700 803 1766 misericordia
818 1702 894 1783 ejus,
910 1719 963 1784 per
977 1719 1065 1784 quam
1079 1698 1200 1782 respicit
1213 1707 1243 1764 et
1256 1696 1411 1762 miseretur
1425 1698 1508 1781 cuius
1528 1697 1606 1774 vuit,
1620 1697 1698 1762 sieut

150 1814 182 1881 in
197 1815 323 1882 Genesi:
346 1816 525 1881 Recordatus
539 1826 586 1882 est
599 1817 741 1882 Dominus
759 1821 799 1899 [p.
817 1819 846 1899 b]
865 1817 939 1882 Noc.
957 1817 995 1882 111
1007 1816 1094 1881 aiibi:
1110 1814 1291 1880 Recordatus
1303 1823 1350 1880 est
1362 1813 1504 1880 Dominus
1519 1813 1621 1898 popuii
1634 1813 1693 1878 sui.

192 1935 240 1999 30.
264 1932 443 1999 Paenitentia
463 1933 594 2012 Domini,
617 1952 713 2000 rerum
735 1933 870 2013 mutatio,
885 1933 961 1998 sicut
982 1933 1012 1998 in
1025 1932 1101 1998 libro
1116 1932 1248 2014 Degum:
1271 1931 1399 1998 Poenitet
1419 1950 1465 1997 me
1486 1933 1564 2017 quod
1586 1934 1696 1999 consti·

152 2048 257 2114 tuerim
277 2048 347 2113 Saut
370 2067 478 2132 regem.

192 2165 241 2229 31.
264 2165 312 2229 tra
333 2174 363 2230 et
376 2165 454 2230 furor
469 2165 596 2247 Domini,
614 2164 686 2231 uitio
700 2167 875 2232 Divinitatis
890 2167 921 2232 in
935 2177 1099 2250 peccatores
1113 2169 1271 2234 secusdum
1284 2169 1450 2234 vindictam
1463 2169 1614 2254 patientis,
1637 2187 1697 2234 non

151 2282 311 2347 secundum
331 2283 499 2366 aequitatem
517 2283 688 2367 iudicantis.
712 2284 746 2348 13
767 2285 895 2367 psalmo:
919 2284 953 2350 In
974 2285 1018 2349 ira
1039 2301 1094 2350 sua
1119 2295 1150 2352 et
1170 2284 1200 2348 in
1221 2286 1317 2350 surore
1337 2303 1390 2350 suo
1417 2284 1605 2351 conturbabit
1632 2303 1695 2351 eos.

192 2399 241 2463 38.
264 2398 397 2463 Dormire
417 2398 552 2479 Domini,
574 2399 643 2465 dum
664 2400 695 2465 in
716 2403 909 2484 quorumdam
930 2403 1079 2468 bominum
1100 2402 1237 2468 cordibus
1257 2403 1329 2469 tides
1350 2403 1414 2487 ejus
1433 2403 1554 2468 minime
1573 2402 1691 2486 vigilat.

151 2518 186 2583 in
208 2517 337 2598 psalmo:
360 2515 503 2598 Exsurge,
526 2536 617 2602 quare
636 2519 794 2599 obdormis,
816 2521 962 2586 Domine?

192 2635 242 2699 39.
265 2633 382 2717 11311133
402 2635 531 2714 Domini,
555 2636 587 2700 in
607 2636 764 2703 electorum
779 2655 898 2704 suorum
912 2638 1045 2703 custodia
1060 2656 1111 2722 per
1126 2640 1311 2721 praesentiam
1325 2635 1499 2704 Divinitatis
1512 2655 1628 2720 semper
1642 2637 1695 2702 ad·

151 2768 226 2816 esse.
249 2747 284 2815 ln
304 2749 432 2833 psalmo:
454 2750 529 2816 Ecce
550 2769 608 2818 non
630 2751 809 2833 dormitabit,
830 2771 925 2839 neque
945 2755 1081 2821 dormiet.

192 2865 241 2930 10.
263 2866 373 2934 Sedere
391 2864 519 2947 Domini,
541 2885 677 2952 regnare.
699 2872 733 2935 in
755 2871 881 2954 psalmo:
904 2871 983 2939 Dens
1003 2873 1088 2938 sedet
1107 2891 1195 2956 supra
1216 2873 1315 2939 sedem
1337 2882 1467 2939 sanetum
1488 2891 1581 2938 suam.

195 2984 243 3047 11.
265 2984 431 3052 scabellum
451 2986 580 3068 Domini,
602 2987 689 3053 homo
703 2997 873 3073 assumptus
887 3006 905 3054 3
921 2989 1027 3070 Verbo,
1046 2989 1095 3056 vel
1116 2991 1210 3056 sancti
1231 2991 1294 3074 ejus
1315 3009 1332 3056 a
1354 2991 1528 3073 quibusdam
1543 2996 1694 3075 putantur.

150 3099 187 3165 13
208 3101 336 3185 psalmo:
358 3103 487 3171 Adorate
507 3105 667 3172 scabeilum
689 3106 795 3189 pedum
816 3107 891 3191 ejus,
914 3106 1054 3190 quoniam
1074 3114 1206 3172 sanctum
1227 3115 1284 3172 est.

187 3287 366 3363 30.J0o11,
388 3292 563 3350 1153133113
586 3311 622 3349 ex
646 3291 697 3350 Job
723 3294 895 3350 1331131113-

153 3380 269 3452 goriane
293 3381 490 3453 31133133·,31)
515 3383 640 3440 Moratia
664 3385 828 3453 tritissima,
847 3383 895 3438 aed

152 3470 306 3542 Gregorius
325 3489 387 3527 cum
401 3475 509 3530 Graecis
521 3474 601 3542 vixit,
616 3491 666 3529 333
679 3473 842 3530 Melitenam
855 3475 895 3529 ei·

151 3574 185 3612 ve
206 3577 339 3632 graecum,
353 3563 411 3618 eive
427 3562 544 3618 latinum
562 3580 674 3618 versere
690 3563 807 3620 destitit.
829 3564 894 3620 Uti·

150 3663 250 3704 name
274 3651 398 3705 tenebris
422 3654 564 3706 excieatur
589 3652 720 3723 Origenis
744 3653 773 3706 in
798 3652 896 3707 Jobum

150 3741 375 3807 commentarius,
394 3757 476 3812 quem
494 3758 612 3814 magnus
631 3743 691 3813 ipse
710 3741 835 3796 Hilarius
853 3741 896 3796 la·

149 3829 241 3883 tinum
259 3830 337 3902 13311,
351 3836 379 3886 31
396 3838 560 3904 argumento
579 3833 627 3902 311,
647 3838 710 3888 3313
729 3835 895 3906 Gregorium

150 3917 271 3974 morales
298 3920 360 3975 Jobi
386 3922 631 3992 interpretationes
658 3922 836 3978 circumistas
861 3925 896 3979 ab

151 4007 266 4062 Oriente
284 4008 314 4061 in
334 4009 511 4064 Occidentem
530 4010 628 4066 131333.

187 4095 219 4149 31
226 4135 233 4151 .
254 4098 324 4154 0333
342 4114 402 4168 xrv,
422 4097 465 4154 10.
479 4129 514 4140 -
538 4101 573 4156 Ut
588 4105 621 4156 in
632 4101 729 4157 babuit
742 4103 772 4173 C,
786 4102 834 4157 sed
847 4120 898 4156 ex-

150 4187 264 4258 punxit,
284 4190 400 4262 retinpit
417 4190 453 4259 A,
473 4193 501 4244 et
520 4191 559 4244 ita
576 4189 726 4246 nomadum
745 4191 774 4245 in
791 4190 837 4261 32,
850 4191 896 4263 33,

148 4277 198 4345 31,
217 4275 264 4349 37,
281 4277 326 4351 38,
346 4279 392 4337 39.

186 4365 232 4422 32.
251 4371 301 4424 Pe.
321 4385 417 4439 anxur,
436 4369 482 4426 20.

186 4456 232 4514 33.
253 4459 408 4532 Gemuit,
424 4461 466 4518 12.
480 4491 515 4505 -·
532 4481 696 4537 cognoscere
708 4467 759 4538 fiat
774 4467 804 4533 C,
826 4481 860 4520 ex
882 4463 892 4520 1

150 4563 245 4616 manu,
255 4548 273 4602 2
283 4555 363 4605 vetus
373 4554 572 4624 superscripsit
580 4556 676 4626 [33131.
687 4573 782 4610 -om.
792 4557 813 4611 A
825 4559 898 4612 sicut

149 4639 229 4694 dicit.
241 4641 338 4697 -Sed
357 4641 417 4697 baeo
436 4643 537 4697 iterum
557 4659 651 4715 graeoe
668 4644 745 4699 olent
763 4647 896 4716 potiores,

150 4729 247 4791 εἰδότας
266 4737 352 4785 narsis.

188 4817 233 4873 31.
252 4821 351 4876 13131113.
371 4839 438 4890 xxv,
461 4819 510 4891 123
530 4823 595 4881 Luc.
616 4823 742 4892 x111,25.

186 4911 232 4967 35.
253 4914 322 4968 Gen.
336 4929 396 4983 vrrr,
413 4912 437 4968 1.
452 4945 487 4954 -
504 4917 561 4971 Per
574 4934 660 4987 qnam
679 4922 800 4986 respuis,
821 4916 895 4973 foedo

148 5002 224 5074 apud
244 5002 349 5074 Woog.
369 5002 541 5075 sphalmate,
562 5005 634 5076 quod
658 5005 756 5076 Migne
778 5009 894 5078 recepit.

147 5095 259 5151 Patrai.
280 5109 308 5163 u,
326 5092 451 5150 1133-
469 5098 590 5152 33131111
608 5096 779 5152 11.-113113.
800 5114 828 5159 x,
851 5095 893 5151 tn.

186 5185 232 5240 36.
252 5187 323 5258 neg.
341 5203 390 5254 xv,
413 5185 455 5242 11.
476 5193 561 5243 -in
581 5191 689 5259 Regum
709 5189 743 5242 A.

185 5274 231 5329 37.
245 5277 291 5331 Ρ3.
302 5293 329 5348 11,
339 5277 366 5333 5.
381 5306 413 5317 -
429 5295 487 5331 non
499 5277 656 5332 seeundum
669 5279 895 5348 oepnitotcmju-

950 3297 1083 3366 dicentis,
1097 3300 1148 3366 pne·
1159 3311 1224 3351 cum
1237 3297 1445 3367 tranquillitate
1457 3300 1553 3351 omnio
1564 3295 1698 3366 judicat,

949 3387 999 3442 sed
1016 3387 1173 3442 secundnm
1192 3389 1382 3442 turbationem
1390 3391 1536 3457 potientis,
1551 3404 1613 3458 quae
1629 3385 1696 3441 Cle·

949 3473 1144 3529 reralleusium
1164 3474 1258 3545 glossa
1275 3473 1387 3547 prolixe
1405 3479 1465 3543 est,
1485 3479 1516 3530 ut
1539 3474 1697 3530 declaretur

951 3583 1044 3638 groeca
1062 3567 1200 3637 periodus:
1219 3571 1286 3618 nard
1299 3566 1400 3623 111111
1417 3567 1541 3628 manducor
1560 3567 1695 3634 tatianus,

950 3658 976 3710 οὐ
996 3663 1063 3710 κατὰ
1082 3658 1126 3714 sis
1140 3659 1269 3711 instinctas
1282 3661 1325 3710 τοῦ
1338 3658 1459 3727 κρίνοντος
1478 3675 1528 3729 pro
1542 3660 1584 3710 τοῦ
1603 3660 1694 3728 κριτοῦ.

950 3750 1016 3814 Ques
1036 3746 1094 3801 1333
1113 3747 1142 3801 13
1159 3748 1253 3819 priore
1266 3748 1387 3803 editione
1400 3753 1568 3804 notaveram.
1582 3775 1615 3788 -
1628 3766 1698 3804 con·

950 3838 1078 3892 turbavit
1089 3837 1124 3890 A.

986 3925 1031 3980 33.
1052 3927 1099 3981 Ρ3.
1120 3941 1198 3995 xnrrr,
1218 3923 1263 3980 23.

985 4016 1031 4072 39.
1052 4018 1099 4072 Ρ3.
1119 4033 1184 4084 cxx,
1205 4015 1232 4070 4.
1254 4047 1287 4059 -
1305 4017 1403 4072 adesse
1426 4018 1468 4072 sic
1486 4019 1522 4085 A,
1543 4015 1573 4086 C,
1595 4016 1696 4088 quibus

951 4108 1128 4163 consentiunt
1140 4106 1218 4161 codd.
1234 4104 1364 4161 Alcobac.
1379 4104 1553 4176 Theoduipb.
1570 4108 1597 4159 et
1608 4105 1698 4160 Raba-

950 4215 1014 4267 nus,
1026 4216 1077 4270 pro
1097 4212 1150 4269 quo
1164 4196 1244 4251 adest
1255 4192 1403 4250 clarevall.
1418 4195 1446 4247 et
1458 4191 1564 4264 Woog.
1578 4194 1643 4264 post
1657 4191 1692 4244 Ο.

951 4290 1052 4344 lterum
1064 4287 1195 4359 periodus
1214 4285 1305 4357 magis
1318 4299 1410 4355 graece
1422 4299 1505 4355 quam
1517 4281 1615 4352 latins3
1631 4280 1695 4333 inde

951 4381 1116 4451 importuuae
1136 4377 1294 4432 varietates.
1315 4374 1531 4429 -zdormitaoit
1554 4372 1591 4442 0,
1611 4368 1697 4425 331113

950 4473 1100 4541 scriptura,
1120 4483 1202 4539 quam
1220 4467 1284 4521 inde
1303 4469 1399 4520 notare
1419 4462 1536 4536 pigebit.

986 4557 1031 4613 40.
1051 4558 1098 4612 Ρ3.
1118 4573 1194 4621 xnvr,
1214 4555 1242 4610 9.

986 4646 1030 4702 11.
1052 4648 1098 4701 Ρ3.
1119 4661 1216 4715 xovru,
1230 4645 1257 4700 5.
1273 4675 1304 4688 -
1315 4654 1464 4716 putantur.
1479 4643 1562 4697 Nunc
1576 4641 1696 4713 primum

951 4738 1069 4792 subeunt
1085 4735 1212 4791 formulae
1227 4735 1377 4806 ambiguae,
1391 4733 1501 4787 coeteris
1514 4729 1693 4804 prolixiores,

950 4843 1019 4897 quas
1039 4823 1123 4879 133113
1142 4841 1203 4879 aero
1216 4823 1316 4878 seriori
1329 4821 1462 4877 dederim.
1478 4821 1531 4877 Sed
1544 4837 1591 4875 eae
1610 4819 1653 4876 vel
1667 4821 1697 4874 in

949 4915 1002 4970 boc
1014 4915 1104 4986 primo
1121 4912 1248 4985 exemplo
1260 4911 1322 4966 vide
1335 4915 1458 4966 vetustae
1471 4927 1543 4978 3333,
1559 4927 1643 4982 quum
1657 4909 1695 4964 ibi

949 5010 1043 5061 sancti
1069 5004 1198 5058 dicantur
1222 5019 1317 5058 omnes
1343 5001 1446 5058 Christi
1471 5000 1579 5055 fideles.
1600 5029 1635 5040 —
1652 5001 1698 5056 331

949 5101 1055 5152 sanctis
1068 5094 1350 5167 03333331133333,
1361 5091 1433 5165 quod
1445 5091 1528 5146 etiam
1538 5089 1698 5145 3111333313-

949 5187 1081 5243 novatori
1096 5186 1172 5240 fonte
1185 5184 1336 5240 derivatur.
1348 5213 1383 5225 -
1401 5185 1433 5238 Ut
1446 5189 1477 5238 13
1490 5183 1524 5248 A,
1539 5181 1569 5248 (t,
1584 5185 1615 5235 ut
1626 5180 1696 5246 dixi,

949 5273 1211 5342 nmmfflst
