4064 6108
762 416 999 488 rauranum
1022 418 1212 488 tinterna
1703 427 1762 494 111

257 564 320 632 va.
346 565 408 632 Καί
430 567 486 634 τδν
509 560 605 659 odico
630 570 796 636 ἀποστελῶ
820 567 960 663 ιίγοίμι-
1051 567 1115 636 vu.
1136 567 1179 634 ίίί
1193 587 1331 654 panorm
1350 589 1442 637 νιιιυιιι
1462 574 1582 640 mitum.
1607 576 1657 660 qor'
1677 593 1762 660 proa-

213 671 266 738 νόν
290 695 354 740 σου.
380 671 451 736 coa.
479 670 541 738 aar.
564 673 614 749 77,
637 675 667 737 1.
1011 676 1144 738 carietto.

256 780 397 857 Φίλωνος
412 774 536 872 ίῧραίου
552 782 710 872 ίρμηνιία
727 781 773 850 Ti
788 780 843 872 μίν
863 783 958 875 ρητδν
1051 777 1182 844 Plr'lcm't
1201 773 1329 846 Ηίίίίιίί
1345 781 1551 866 otwino.
1573 784 1669 852 loona
1690 803 1762 869 oer-

210 885 355 978 ἐμρανές·
373 892 414 964 ιίς
430 881 632 967 κατάπληξιν
647 886 764 980 ίχθρων
781 889 892 982 ίσχυρὰ
908 882 960 958 δύ-
1011 885 1132 972 spicum
1146 895 1208 955 est:
1222 888 1262 954 ad
1275 889 1492 974 profligandum
1504 891 1648 975 inimicos,
1665 912 1759 977 pavor

208 1016 298 1083 ναμις
322 997 338 1058 ὁ
361 986 466 1084 ccicc,
489 993 540 1086 io’
563 989 598 1061 οίι
622 999 743 1085 μᾶλλον
766 1001 787 1070 η
812 1007 871 1074 της
894 1007 958 1064 τῶν
1012 1001 1141 1078 poton·
1160 993 1264 1062 valida
1283 1004 1340 1078 cst,
1363 1015 1422 1080 qua
1444 997 1627 1081 potissimum
1647 999 1760 1067 adrer-

210 1098 393 1166 ἀντιπάλων
416 1091 526 1192 ίρόδου
544 1099 632 1192 ῥώμη
659 1103 831 1169 ἁλίσκεται.
856 1105 901 1170 Τδ
924 1097 959 1172 δί
1010 1099 1156 1166 sariorum
1176 1101 1349 1168 irruentium
1368 1103 1457 1170 robur
1474 1104 1657 1186 infringitur.
1672 1105 1759 1186 Quod

208 1203 282 1293 πρδς
307 1194 454 1284 διάνοιαν,
479 1207 585 1284 οὕτως·
610 1198 694 1274 δυσίν
718 1213 816 1274 σὐσῶν
839 1215 957 1297 αίτιῶν,
1010 1205 1149 1272 moralem
1169 1210 1207 1272 ad
1227 1227 1347 1276 censum
1370 1219 1501 1295 specui,
1523 1212 1563 1278 ita
1583 1222 1646 1279 eat:
1668 1231 1758 1297 quum

210 1303 253 1375 ὧν
265 1311 358 1378 ἕνεκα
370 1315 408 1379 τδ
422 1311 503 1380 θυῖον
515 1312 670 1406 ἄνθρωποι
682 1324 823 1406 τιμῶσιν,
833 1316 959 1410 ἀγάπης
1010 1310 1078 1377 tluae
1091 1329 1188 1378 cuneae
1197 1314 1270 1396 sint,
1283 1333 1407 1398 quaram
1417 1318 1512 1400 gratia
1523 1303 1654 1386 hominos
1664 1319 1759 1387 Deum

211 1417 266 1482 καί
281 1413 389 1510 otico,
405 1423 443 1488 τδ
467 1420 523 1512 μίν
547 1425 674 1515 ἀγαπᾶν
697 1428 780 1490 ίττιν
804 1423 958 1517 ὀψίγονον·
1011 1425 1213 1498 revereantur,
1229 1436 1311 1484 amor
1324 1428 1356 1486 et
1371 1421 1468 1503 timor,
1482 1437 1562 1488 amor
1576 1423 1694 1507 quidem
1708 1441 1759 1508 po·

209 1524 248 1589 τδ
271 1515 306 1592 δὲ
322 1519 483 1616 φοῧεῒσθαι
498 1531 683 1594 συνίσταται
697 1529 857 1621 πρότερον,
875 1530 958 1595 ὥστε
1010 1522 1117 1588 sterion
1141 1523 1238 1606 vellii,
1264 1525 1349 1594 timor
1369 1544 1442 1595 vero
1461 1529 1555 1596 oritur
1575 1530 1670 1613 pilot:
1693 1529 1759 1596 ideo

209 1634 266 1696 οὐκ
289 1633 351 1698 ἀπὸ
375 1643 492 1700 σκοποῦ
514 1633 665 1724 λελίχθαι
680 1637 719 1702 τδ
734 1635 879 1730 ἡγεῖσθαι
901 1637 957 1702 τδν
1011 1647 1071 1696 non
1082 1630 1182 1715 inepte
1192 1631 1300 1698 dicitnr
1310 1636 1449 1718 praemitti
1462 1636 1655 1718 formidinem,
1668 1655 1759 1721 quum

209 1731 314 1828 ρόῧον,
328 1750 387 1817 τῆς
399 1739 524 1833 ἀγάπης
541 1743 669 1833 ὕστερον
684 1743 740 1808 καί
755 1741 851 1832 δψίως
865 1767 959 1834 προσ·
1010 1746 1112 1821 postea
1131 1755 1168 1803 ac
1189 1757 1253 1805 cero
1275 1742 1396 1808 accedat
1415 1760 1507 1809 amor.

232 1845 388 1935 ινομίνης.

209 1868 231 1938 γ
256 1947 335 2016 VIII.
357 1952 420 2019 Καὶ
442 1945 587 2043 ίξήλιιψε
610 1963 672 2020 πᾶν
688 1955 727 2022 τδ
744 1955 957 2047 &edmund
1051 1952 1130 2020 vlu.
1153 1953 1229 2020 Gen.
1252 1953 1317 2034 Vll,
1333 1953 1383 2020 23.
1399 1953 1675 2020 Είίίσίσοίίοιιιιισνιι
1693 1953 1760 2020 rad·

211 2053 249 2132 ἦν
274 2058 326 2125 tet
347 2059 516 2150 προσώπου
539 2071 598 2138 της
620 2071 690 2154 γῆς.
1009 2059 1151 2126 stantiam
1171 2079 1244 2143 quac
1263 2065 1327 2126 ποί
1343 2079 1430 2144 anper
1450 2067 1566 2126 ίσινιιικ.

253 2169 443 2258 Θεοπρεπῶς
457 2166 496 2233 τδ
510 2159 670 2256 ίξήλιιψα,
684 2168 863 2260 ὥσπιρτῶν
877 2170 959 2234 ἀπα·
1050 2168 1146 2232 Deum
1174 2167 1273 2234 decuit
1300 2169 1411 2237 dicere:
1433 2167 1546 2250 Ιίσίσοί,
1569 2167 1647 2235 sicut
1670 2168 1702 2234 in
1721 2169 1759 2234 in

209 2271 450 2364 λειφομένωντὰ
464 2272 518 2362 μὲν
531 2273 706 2366 γράμματα
718 2276 957 2366 ἀπαλείφονται,
1010 2291 1078 2358 qnae
1098 2275 1315 2358 cancellantur,
1338 2276 1443 2344 litterae
1469 2277 1588 2361 quidem
1611 2277 1756 2359 delentur,

210 2385 243 2445 αί
259 2372 365 2447 δέλτοι
380 2372 416 2447 at
432 2373 636 2472 διαμίνουσιν·
652 2389 672 2458 η
692 2381 747 2473 μὲν
763 2382 823 2474 γὰρ
841 2376 957 2460 &cedia
1010 2383 1064 2450 sed
1083 2383 1236 2450 volumina
1250 2393 1436 2469 permanent:
1453 2401 1525 2450 sane
1538 2383 1691 2468 generatio
1705 2383 1759 2448 im·
1780 2417 1783 2423 ·

211 2487 305 2582 γενεὰ
316 2483 510 2579 ίξίιλειπται,
527 2491 566 2557 τδ
582 2483 616 2557 tt
627 2488 713 2558 κατὰ
729 2482 882 2581 διαδοχὴν
901 2502 958 2570 τῆς
1011 2493 1060 2576 pia
1078 2493 1188 2558 abolita
1201 2503 1259 2574 est,
1274 2493 1327 2559 sed
1341 2494 1379 2559 ob
1393 2497 1608 2560 successionem
1625 2492 1761 2560 subsun-

213 2597 317 2674 οὐσίας
340 2597 427 2690 γένος
451 2589 635 2690 διετηρήθη,
659 2604 700 2676 ὡς
724 2589 852 2665 δίκαιον.
1013 2602 1064 2666 tim
1084 2620 1178 2685 genus
1198 2609 1351 2667 servatum
1371 2609 1428 2682 est,
1450 2610 1553 2684 utpote
1569 2603 1691 2686 justum.

255 2701 306 2767 IX.
328 2709 368 2770 At
391 2703 500 2797 ὀσφύες
516 2709 602 2795 ὑμῶν
618 2699 870 2796 πιριεζωσμίναι.
891 2702 956 2770 Vct.
1052 2707 1103 2772 IX.
1126 2707 1219 2774 lecd.
1240 2707 1306 2789 XII,
1329 2707 1379 2773 11.
1397 2707 1491 2775 nones
1505 2709 1582 2774 enim
1595 2713 1703 2773 οσσίτον
1717 2723 1766 2772 σο-

211 2809 261 2893 61,
283 2813 314 2874 a.
1012 2815 1142 2900 σι’πρσίίυ.

257 2919 405 2996 Φίλωνος.
427 2924 466 2986 ΑΙ
490 2917 629 3014 μὲνγὰρ
654 2914 749 3000 ζῶναι
773 2920 883 2988 στάσιν
906 2924 960 3010 ἐμ·
1051 2921 1130 2987 Plril.
1147 2921 1291 3008 Equidem
1311 2920 1610 3007 significantcingula
1632 2921 1765 3006 quictem

210 3027 352 3118 ραίνουσι
375 3027 430 3092 καί
452 3026 639 3121 συναγωγὴν
665 3019 786 3104 ἡδονῶν
814 3029 869 3094 καί
895 3036 959 3095 τῶν
1007 3036 1044 3096 'et
1058 3028 1261 3096 coercitionem
1280 3028 1473 3113 cupiditatum
1490 3044 1526 3092 ac
1539 3035 1708 3093 caurorum
1721 3027 1766 3091 al·

213 3133 319 3199 ἄλλων
331 3131 574 3224 ταθῶν,δτίως
587 3138 691 3200 ἀνεῖτο
703 3135 757 3201 καί
768 3135 959 3226 κεχάλαστο·
1014 3136 1219 3220 1οσιυυιιι,ιιυ1
1241 3136 1383 3202 haeoenus
1396 3135 1517 3204 remisse
1529 3144 1561 3201 et
1574 3134 1638 3200 laxe
1657 3152 1690 3199 oe
1711 3133 1764 3199 ha·

211 3244 268 3308 οὐκ
292 3241 354 3306 ἀπδ
377 3232 412 3306 δὲ
428 3251 544 3307 σκοποῦ
559 3240 733 3333 προσέθηκε
748 3243 787 3308 τδ
804 3234 867 3308 δεῖν
883 3235 959 3322 ζών-
1012 3241 1131 3307 bebant.
1144 3242 1229 3308 Haud
1243 3245 1441 3327 inopportune
1454 3240 1587 3315 addidit:
1603 3239 1763 3323 Girroeodoa

210 3345 319 3412 νυσθαι
334 3345 419 3414 κατὰ
430 3346 491 3422 τὴν
507 3347 640 3438 docimi
657 3347 717 3442 γὰρ
732 3349 828 3426 τόπος
844 3353 958 3426 ἐκεῖνος
1011 3369 1071 3415 rore
1089 3369 1180 3416 reare.
1197 3350 1227 3416 le
1246 3350 1326 3415 eninr
1348 3350 1428 3416 loona
1446 3347 1478 3414 in
1497 3364 1630 3432 praesepe
1649 3345 1766 3429 adjudi-

213 3457 255 3529 ιίς
272 3453 395 3543 ράτνην
418 3453 622 3545 ἀποκέκριται
644 3454 854 3547 πολυκεφάλῳ
869 3455 960 3548 θρίμ-
1010 3459 1072 3525 cari
1092 3458 1167 3524 solet
1187 3457 1340 3542 multiplici
1356 3457 1452 3541 pecori
1469 3457 1583 3541 gregis,
1601 3474 1690 3540 quem
1709 3472 1763 3521 on·

213 3584 292 3650 ματι
314 3571 378 3626 τῶν
402 3565 434 3627 ἐν
457 3567 532 3651 ἡμῖν
554 3561 731 3652 ἐπιθυμιῶν.
1011 3563 1127 3628 bircam
1147 3561 1278 3643 gerimus
1298 3559 1504 3645 cupiditatum.

186 3689 190 3694 ·
255 3666 291 3731 X.
309 3669 458 3745 Φίλωνος.
476 3667 552 3734 ’Έτι
567 3673 598 3734 ἐν
610 3677 657 3753 τῷ
668 3670 755 3761 νόμῳ
770 3680 828 3749 της
843 3670 958 3763 λέπρας
1051 3669 1087 3734 X.
1111 3669 1253 3734 Ρίίίοιιίσ.
1269 3669 1384 3734 aursus
1397 3667 1429 3731 in
1449 3667 1514 3750 lege
1527 3666 1565 3732 de
1577 3665 1658 3748 lepra
1676 3663 1764 3744 longe

209 3779 226 3839 d
251 3773 348 3868 μέγας
363 3773 407 3842 τὰ
421 3775 528 3841 πάντα
550 3782 663 3854 Μωσῆς
686 3776 747 3851 ‘riv
764 3777 819 3868 μὲν
838 3780 958 3852 κίνησιν
1012 3797 1144 3845 sammua
1165 3774 1282 3863 Moyses
1303 3775 1483 3860 praescrihit,
1508 3783 1619 3842 motum
1644 3773 1764 3857 quidem

210 3881 266 3946 καί
289 3882 448 3947 ἐπίπλεων
465 3887 563 3960 αὐτῆς
587 3883 681 3974 φορὰν
705 3885 863 3977 κα1χι1σιν
880 3884 960 3952 &xd-
1013 3907 1048 3955 ac
1064 3887 1227 3971 praesertim
1241 3886 1451 3952 incrementum
1462 3885 1527 3968 ejus
1535 3892 1567 3948 et
1577 3881 1763 3948 diffusionem

211 3988 335 4081 θαρτον,
352 3988 412 4064 viv
430 3981 464 4055 δί
475 3991 607 4083 ἠρεμίαν
624 3990 762 4084 καθαρὰν
779 3994 958 4086 ἀναγράφει.
1014 3995 1074 4060 lore
1088 3993 1322 4073 immunditiem
1339 3993 1468 4076 quierem
1482 4009 1556 4059 vero
1571 4005 1676 4073 puram
1688 4005 1763 4053 esse.

212 4093 298 4169 Φησί
313 4094 373 4188 γὰρ
390 4097 440 4160 ὅτι
456 4095 508 4162 ἐὰν
526 4087 693 4187 διαχίηται
709 4101 740 4164 ἐν
755 4108 802 4182 τῷ
819 4091 960 4191 δέρματι,
1014 4101 1064 4166 rit
1084 4102 1176 4180 enim,
1203 4099 1280 4183 quod
1300 4099 1325 4163 si
1346 4097 1530 4163 diffundatur
1552 4095 1583 4160 in
1604 4095 1698 4179 pelle,
1719 4112 1766 4158 sa-

211 4213 318 4292 μιανιτ
339 4207 355 4268 ὁ
382 4203 485 4295 ίτρεύς·
502 4204 554 4272 ἐὰν
573 4197 606 4273 δὲ
632 4205 717 4273 κατὰ
739 4205 844 4298 χώραν
870 4211 958 4298 μείνῃ
1014 4209 1117 4275 cordos
1133 4207 1316 4273 immundum
1330 4203 1508 4272 declarabit:
1530 4203 1577 4269 sin
1598 4210 1697 4268 autem
1710 4220 1764 4266 suo

212 4311 250 4376 τδ
266 4310 472 4405 τηλαὺγηρια,
486 4312 539 4378 καί
555 4312 598 4404 μδ
617 4305 796 4405 διαχίηται,
809 4314 959 4408 καθαριεῖ·
1014 4315 1078 4383 loco
1098 4324 1217 4383 maneat
1234 4313 1350 4396 albedo,
1372 4330 1408 4378 ac
1427 4311 1548 4378 minime
1568 4309 1762 4386 diffundatur,

212 4419 297 4485 ὥστε
319 4418 379 4494 τὴν
405 4418 460 4510 μὲν
483 4423 618 4513 ἡσυχίαν
641 4422 695 4488 καί
719 4421 816 4512 μονὴν
840 4425 960 4509 (κακίας
1014 4439 1121 4504 purum
1142 4421 1247 4487 faciet:
1270 4423 1314 4486 ita
1334 4429 1369 4487 nt
1388 4421 1472 4504 quies
1486 4427 1517 4486 et
1529 4417 1656 4484 solitudo
1678 4417 1765 4501 (pra-

212 4527 267 4592 καί
289 4526 396 4594 παθῶν
420 4528 506 4596 κατὰ
528 4526 642 4621 ψυχὴν,
658 4541 762 4597 ταῦτα
784 4529 845 4627 γὰρ
861 4533 962 4599 αίνίτ-
1014 4529 1118 4595 vitatis
1144 4528 1256 4595 scilicet
1282 4538 1312 4594 et
1338 4527 1510 4612 passionum
1534 4526 1566 4590 in
1591 4525 1706 4605 anima,
1728 4543 1763 4590 ea

211 4658 306 4701 τεται
329 4627 381 4700 διὰ
404 4635 532 4728 λίτρας)
557 4641 617 4729 οὐχ
639 4640 781 4706 ὑπαίτιον
799 4635 961 4716 εἶναιτὴν
1016 4636 1126 4721 quippe
1145 4635 1226 4719 lepra
1246 4635 1406 4720 designat)
1427 4651 1486 4700 non
1513 4639 1626 4700 reatum
1653 4639 1763 4713 creent,

246 4811 307 4868 Vll.
327 4811 370 4868 ux
389 4813 449 4871 eod.
470 4814 560 4873 Palae
580 4814 681 4873 1261.
699 4821 820 4871 -δυοῒν,
840 4819 961 4875 Sentan·
1016 4819 1145 4889 ίξῆλιιψαν
1164 4818 1225 4874 cod.
1244 4817 1308 4878 vat.

209 4902 278 4956 tim
297 4901 357 4960 lere
375 4903 498 4960 similem
515 4905 578 4961 vide
598 4907 628 4961 iu
646 4906 721 4963 Phil.
735 4923 756 4978 ι,
767 4907 830 4981 1183,
845 4905 888 4965 15.
908 4909 962 4966 Sed
1052 4909 1101 4967 IX.
1120 4909 1163 4964 Ex
1180 4908 1246 4964 Vat.
1264 4902 1614 4974 minturnensem
1627 4903 1766 4959 amonica

209 4989 322 5062 integer
333 4993 448 5048 omnino
459 4991 538 5049 loeus
551 4997 688 5051 armenico
699 5001 791 5052 exstat
801 4998 830 5051 in
843 5013 927 5054 norm.
941 5013 963 5056 ιι
1016 5003 1110 5054 exstat
1128 4995 1181 5053 1.1.

209 5077 240 5130 ἱιι
258 5079 346 5136 Exod.
366 5097 395 5152 p.
415 5079 480 5138 483.
1052 5085 1092 5141 Χ.
1111 5085 1181 5141 lbid.
1201 5084 1223 5142 ί.
1243 5083 1307 5141 232.
1324 5115 1357 5128 -
1369 5085 1472 5149 διόντως
1490 5085 1551 5146 cod.

246 5168 316 5224 vm.
335 5169 378 5224 Ex
396 5170 461 5227 Vnt.
481 5167 545 5241 7⁴8,
566 5171 588 5230 f.
607 5171 644 5230 23
662 5179 691 5230 et
712 5172 798 5244 1657,
818 5175 838 5231 ί.
862 5175 907 5233 23.
928 5207 963 5220 -
