3998 6080
637 557 641 564 ·
714 529 841 596 CODllX
861 529 1194 596 curuonortrulttts
1686 536 1724 600 'ltt

221 678 271 748 31.
294 678 467 763 Lampadas,
488 679 577 746 corda
598 690 765 747 sanctorum
785 681 949 765 splendida,
970 692 1001 748 at
1021 680 1273 749 scientiaelumine
1288 681 1408 767 lulgidu.
1431 682 1466 748 ln
1487 683 1606 749 Cantica
1627 687 1727 752 canti-

181 811 300 858 corum:
316 795 479 879 Lampadas
493 797 565 881 ejus,
580 798 731 882 lampades
741 798 819 882 ignis
832 807 921 882 atque
933 797 1126 863 flammarum.

224 910 274 976 33.
291 913 352 988 AEs,
375 912 534 997 Scriptura
554 914 676 981 dirinae.
698 915 733 981 ln
754 916 858 981 Esaia:
875 914 930 980 Pro
945 933 1003 981 aere
1022 915 1142 981 afferam
1156 919 1269 998 aurum,
1286 925 1316 982 et
1333 935 1386 1000 pro
1408 916 1484 982 forro
1504 924 1676 1000 argentum3
1699 929 1729 985 et

182 1045 235 1110 pro
255 1028 354 1111 lignis,
376 1049 427 1095 aes.
450 1031 538 1096 Elin
559 1009 793 1111 Deuteronomio,
817 1033 858 1115 [p.
881 1032 951 1114 136]
975 1040 1092 1116 propter
1114 1041 1219 1098 terram
1240 1034 1486 1117 repromissionis,
1510 1035 1726 1117 666666116-

181 1144 289 1241 clesia:
312 1145 401 1231 Cujus
421 1146 535 1232 lapides
555 1149 663 1224 serrum
683 1158 771 1232 sunt,
793 1157 824 1216 et
843 1149 881 1216 de
900 1150 984 1233 cuius
1004 1149 1169 1232 montibus,
1192 1150 1222 1216 id
1242 1160 1289 1217 est
1313 1150 1496 1234 doctoribus,
1518 1153 1585 1219 aeris
1610 1153 1728 1219 metalla

183 1261 342 1330 fodiuntur.

225 1379 273 1444 33.
290 1380 351 1462 ds,
374 1381 523 1466 patientie
536 1383 689 1465 fortitudo,
704 1383 753 1450 rel
767 1402 856 1450 soum
870 1384 1097 1468 praedicationis,
1113 1392 1148 1451 ut
1160 1384 1281 1467 quidam
1301 1386 1414 1452 retunt.
1430 1386 1465 1452 ln
1485 1386 1603 1454 Exodo:
1626 1389 1729 1456 Omnis

183 1496 235 1579 qui
250 1498 374 1583 percipit
387 1500 485 1583 corde,
502 1501 604 1568 aderat
618 1501 743 1568 Domino
758 1523 873 1583 aurum,
888 1513 1042 1598 argentum
1057 1515 1088 1569 et
1101 1513 1302 1569 aramentum.

226 1615 275 1680 31.
291 1617 353 1700 AEs,
371 1618 459 1685 Fortes
472 1619 621 1703 Ecclesiae,
637 1620 789 1706 patientie
803 1621 1025 1706 longanimitate
1044 1620 1145 1706 rigidi,
1161 1621 1237 1688 sicut
1257 1620 1288 1685 in
1308 1618 1377 1684 Job:
1400 1618 1488 1703 Lapis
1507 1619 1620 1686 solutus
1635 1620 1731 1686 calore

185 1729 217 1793 in
233 1732 424 1799 arverniam.

226 1849 275 1912 36.
291 1849 366 1915 ltem
382 1851 422 1916 ibi
436 1871 490 1935 pro
504 1853 704 1920 Antichristo:
720 1853 884 1939 Reputabit
897 1855 1005 1920 ierrum
1017 1861 1052 1919 ut
1066 1853 1177 1934 paleae,
1195 1862 1225 1918 et
1238 1870 1279 1917 aas
1292 1858 1327 1916 ut
1340 1851 1452 1935 lignum
1465 1851 1626 1936 putridum.

228 1965 277 2028 36.
294 1966 355 2049 llis,
371 1979 599 2035 murmuratores
614 1970 645 2034 in
659 1969 782 2054 flagellis
796 1971 860 2038 Dei.
874 1970 910 2036 ln
924 1968 1083 2055 propheta:
1099 1973 1208 2035 Omnes
1223 1969 1270 2033 isti
1284 1967 1419 2036 conuersi
1433 1978 1502 2034 sunt
1523 1967 1593 2033 mibi
1610 1969 1641 2033 in
1663 1987 1733 2034 sco-

185 2080 260 2146 riam
273 2084 402 2166 argenti,
416 2094 447 2151 et
459 2085 492 2149 in
504 2086 602 2152 medio
616 2086 740 2152 fornacis
754 2105 807 2169 res,
822 2097 971 2152 stamnum
984 2094 1014 2150 et
1027 2084 1188 2169 plumbum.

227 2199 277 2264 31.
295 2199 497 2266 Aurichalcum
501 2202 649 2286 ,apostoli
663 2202 712 2269 rel
726 2202 822 2269 caeteri
837 2202 953 2279 lortes,
945 2219 1015 2285 igne
1031 2199 1227 2266 tribulationis
1242 2199 1366 2284 probati
1378 2141 1621 2286 lnbpocalppsi:
1638 2199 1734 2266 Pedes

183 2315 249 2398 ejus
264 2315 341 2380 sicut
353 2316 522 2398 aurichalci,
541 2318 625 2402 quasi
640 2318 672 2384 in
686 2319 801 2384 camino
814 2318 942 2385 ardenti

228 2431 279 2497 38.
294 2431 458 2514 stamnum,
475 2433 623 2500 simulatio
637 2434 814 2501 sanctitatis.
831 2435 867 2501 ln
880 2433 1038 2520 propbeta:
1058 2435 1166 2501 Omnes
1180 2432 1228 2498 isti
1243 2432 1378 2500 conversi
1391 2440 1459 2497 sunt
1473 2430 1543 2497 mibi
1559 2431 1590 2498 in
1611 2432 1733 2499 scoriam

187 2547 315 2630 argenti,
332 2567 383 2628 aes,
397 2560 543 2616 stamnum
557 2559 587 2616 et
600 2551 762 2635 plumbum.

229 2665 278 2730 39.
294 2664 460 2748 Plumbum,
476 2667 589 2751 pondus
605 2667 727 2750 peccati.
744 2666 777 2734 ln
792 2667 949 2734 Zacharia:
965 2667 1029 2736 Vidi
1047 2665 1232 2750 iniquitatem
1245 2684 1334 2750 super
1348 2667 1490 2731 talentum
1504 2658 1625 2750 plumbi.

229 2781 278 2846 10.
298 2781 338 2865 [p.
355 2783 424 2864 136]
440 2784 501 2864 AEs,
518 2783 636 2850 vanitas
649 2784 698 2851 uel
719 2783 849 2850 inanitas
865 2784 943 2850 lidei.
960 2783 995 2850 ln
1014 2784 1170 2868 Apostolo:
1187 2783 1293 2849 Factus
1313 2802 1378 2849 sum
1399 2782 1483 2849 uelut
1502 2801 1545 2848 aes
1564 2801 1671 2849 sonans
1685 2794 1736 2850 aut

187 2897 354 2981 cymbalum
376 2900 516 2967 tinniens.

233 3015 284 3079 il.
301 3015 410 3096 Scoria,
424 3018 550 3102 populus
563 3018 740 3100 ludaeorum,
758 3017 807 3083 rel
821 3016 935 3101 reprobi
950 3035 1052 3083 omnes
1065 3035 1083 3083 a
1097 3018 1222 3083 naturali
1237 3016 1354 3083 memllo
1371 3035 1424 3101 per
1438 3016 1543 3084 uitium
1557 3017 1669 3101 peccati
1683 3038 1736 3084 re-

187 3134 282 3215 parati
298 3148 333 3197 66
346 3134 477 3218 projecti.
494 3135 529 3200 ln
544 3135 703 3218 propbeta:
719 3135 827 3200 Omnes
843 3133 892 3199 isti
906 3133 1039 3201 conuersi
1054 3144 1122 3200 sunt
1136 3135 1168 3200 in
1181 3135 1302 3200 scoriam
1317 3134 1444 3216 argenti.

231 3248 279 3312 16.
294 3250 419 3327 Fomar,
434 3249 513 3316 calor
528 3251 736 3318 tribulationis.
752 3251 787 3316 ln
802 3250 973 3318 Salomone:
989 3251 1067 3320 Vasa
1089 3250 1171 3334 figuli
1192 3251 1296 3333 probat
1315 3250 1428 3333 Fornax,
1444 3257 1474 3316 et
1488 3248 1620 3315 homines
1637 3251 1734 3335 justos

189 3365 311 3432 tarutio
334 3367 544 3433 tribulationis.

231 3483 280 3548 13.
295 3484 334 3549 llt
348 3485 406 3550 aliu
421 3495 514 3570 parte,
527 3486 638 3562 fornax,
651 3485 794 3571 supplicia
809 3494 1003 3571 peccatorum.

232 3599 280 3663 ll.
296 3599 437 3681 Ferrum,
454 3601 543 3667 fortes
558 3601 667 3685 quique
682 3601 712 3666 in
726 3600 867 3667 Ecclesia.
883 3600 918 3665 ln
931 3601 1003 3666 lob:
1018 3599 1139 3666 Ferrum
1159 3597 1197 3664 de
1217 3606 1294 3663 terra
1315 3597 1441 3663 tolletur.
1457 3597 1496 3667 lit
1513 3597 1545 3663 in
1559 3597 1737 3666 Deuarono·

190 3714 267 3780 mio:
283 3716 375 3814 Cujus
390 3717 504 3801 lapides
517 3719 625 3783 iemum
639 3726 718 3782 sunt.
742 3717 814 3784 ltem
829 3717 869 3782 ibi
883 3735 936 3802 pro
949 3715 1098 3783 Ecclesia:
1114 3716 1233 3781 Ferrum
1247 3723 1278 3779 et
1290 3732 1331 3778 res
1345 3712 1571 3780 calceamentum
1587 3717 1661 3799 ejus.

231 3831 279 3896 16.
296 3832 428 3913 Ferrum,
446 3833 593 3900 tribulatio
607 3833 679 3901 vitae
693 3835 856 3919 praesentis.
873 3836 907 3900 ln
920 3834 1054 3900 Psalmo:
1070 3833 1189 3902 Ferrum
1202 3831 1395 3917 pertransivit
1408 3831 1536 3898 animam
1550 3832 1623 3916 ejus.

231 3949 279 4012 16.
298 3949 428 4032 Ferrum,
444 3967 567 4018 acumen
581 3952 697 4020 mentis.
715 3952 748 4017 ln
764 3953 934 4018 Salomone:
951 3953 1070 4019 Ferrum
1084 3953 1159 4018 terro
1173 3959 1340 4030 exacuetur,
1353 3961 1384 4016 et
1396 3950 1483 4015 bomo
1497 3957 1620 4016 exacuet
1633 3949 1739 4015 faciem

191 4065 288 4146 [amici
303 4066 374 4147 sui].

232 4182 280 4250 Fl.
294 4182 426 4265 Ferrum,
444 4202 540 4250 sermo
554 4184 772 4270 increpationis.
788 4186 822 4252 ln
838 4186 1081 4254 Deuteronomio:
1096 4185 1128 4251 Si
1149 4185 1215 4269 quis
1235 4183 1339 4251 abierit
1352 4201 1420 4249 curn
1439 4183 1533 4247 amico
1553 4199 1606 4247 suo
1619 4181 1739 4266 simpli-

191 4298 266 4365 citer
280 4300 312 4365 in
325 4299 432 4369 siluam
447 4302 485 4367 ad
500 4302 579 4385 ligna
593 4303 743 4386 radenda,
758 4314 789 4372 et
802 4307 908 4372 lerrum
921 4306 960 4371 de
973 4323 1062 4370 mauu
1076 4304 1139 4388 ejus
1153 4301 1269 4382 exierit,
1283 4309 1315 4367 et
1327 4301 1453 4366 amicum
1467 4300 1531 4384 ejus
1545 4297 1694 4363 occiderit.

232 4415 283 4482 l8.
300 4419 343 4501 [p.
361 4419 430 4499 137]
448 4418 578 4498 Ferrum,
596 4419 711 4485 insidiae
723 4423 819 4487 amici.
831 4423 868 4489 ln
882 4423 1052 4528 Salomone:
1069 4421 1153 4486 Sicut
1170 4420 1287 4500 lerrum,
1303 4416 1450 4500 aeruginat
1462 4414 1574 4481 malitia
1588 4412 1678 4479 illius.

227 4568 272 4628 31.
292 4571 372 4628 eant.
391 4589 450 4642 vm,
470 4573 498 4630 6.
1026 4574 1072 4629 40.
1091 4591 1101 4631 1
1121 4575 1184 4630 Gor.
1204 4589 1264 4641 xm,
1287 4569 1311 4628 l.
1331 4600 1365 4612 -
1384 4567 1429 4625 41·
1450 4569 1488 4625 61.
1508 4566 1554 4623 36.

227 4659 271 4718 32.
290 4661 327 4718 la.
346 4679 393 4732 nx,
415 4661 462 4731 173
482 4665 594 4720 Denter.
614 4681 674 4732 vur,
694 4665 721 4721 9.
1027 4661 1073 4720 42.
1093 4660 1179 4718 Eceli.
1199 4675 1287 4728 xxvn,
1306 4659 1333 4715 6.

226 4748 271 4807 33.
291 4751 379 4808 Fxod.
398 4769 486 4825 xxxv,
504 4753 532 4810 5.
553 4754 591 4811 61.
612 4772 697 4828 supra
714 4757 742 4815 9.
1027 4751 1070 4809 44.
1088 4751 1139 4807 Job
1157 4766 1255 4818 xxvrn,
1273 4748 1308 4820 23
1327 4751 1441 4804 Deulcr.
1461 4761 1520 4815 v111,
1536 4743 1739 4814 9,xxx111,25.

226 4837 272 4892 34.
292 4841 344 4896 161)
361 4857 459 4912 uxum,
476 4841 505 4899 2.
524 4875 560 4888 -
579 4843 622 4899 35.
644 4845 695 4900 166
713 4861 770 4915 xnr,
793 4844 835 4900 18.
1030 4840 1075 4895 45.
1096 4841 1143 4896 Pe.
1164 4853 1219 4908 orv,
1241 4837 1284 4894 18.

227 4923 273 4983 36.
292 4928 393 4988 Erech.
412 4947 481 5002 xxur,
504 4931 545 4989 18.
567 4934 604 4989 Ia
628 4951 740 4990 scoram
759 4935 799 4988 ric
819 4935 856 5004 c,
875 4934 940 4989 dein
1031 4928 1077 4984 46.
1097 4931 1179 4987 Prov.
1197 4946 1286 4997 xxvnr,
1302 4926 1344 4981 17.
1358 4935 1534 4983 exacuerunt
1547 4925 1580 4979 A.
1594 4926 1741 4997 -faciem

95 5047 100 5054 ·
191 5033 252 5085 “0⁸2
272 5028 415 5092 31990901·
996 5023 1106 5075 inimici
1118 5023 1165 5074 aui
1176 5020 1201 5074 A
1211 5035 1246 5072 ex
1260 5017 1290 5087 0,
1301 5016 1350 5071 sed
1359 5015 1406 5088 qui
1418 5018 1524 5069 0661666
1536 5012 1634 5068 habuit
1646 5016 1741 5082 inimi,

226 5103 274 5159 37.
294 5108 383 5180 Apoc.
397 5127 418 5179 1,
433 5109 475 5167 15.
488 5140 524 5154 -
536 5116 610 5169 sicat
620 5114 790 5181 aurichalci,
804 5113 838 5182 A,
855 5112 939 5183 (lita,
996 5123 1047 5163 uec
1065 5107 1141 5181 plus.

191 5200 304 5251 streete
315 5199 551 5273 proGraecis,qui
564 5201 687 5273 genitivo
697 5204 804 5274 postire
815 5207 940 5259 utuntur.
1032 5197 1077 5251 47.
1097 5199 1209 5252 Deuter.
1229 5211 1288 5264 xrx,
1307 5193 1334 5251 5.
1355 5211 1445 5252 sermo
1459 5195 1686 5265 praedicationis
1705 5191 1740 5246 A.

227 5282 273 5342 38.
294 5285 395 5344 Erech.
414 5304 484 5359 xxu,
507 5288 548 5346 18.
569 5319 605 5332 -
623 5289 668 5347 39.
690 5292 806 5349 zachar.
826 5307 855 5359 v,
870 5292 899 5361 7,
912 5293 939 5346 8.
1032 5285 1077 5341 48.
1097 5284 1186 5341 Eccli.
1205 5301 1254 5354 arr,
1278 5283 1321 5356 to,
1341 5303 1403 5341 cnm
1423 5286 1502 5357 gravi
1521 5285 1665 5380 varietate.
