4044 6098
812 481 852 548 lN
877 427 1029 550 dei'UM
1051 483 1118 550 JOB

194 639 249 717 ἕως
266 639 303 706 ἀν
320 640 475 718 ἀποθάνω,
493 648 527 708 οὐ
544 643 604 738 γάρ
621 640 793 725 ἀπαλλάξω
809 648 942 713 ἀκακίαν

196 770 266 836 μου.
298 747 359 811 Vai.
384 749 454 828 792,
478 751 507 812 2.

241 858 420 946 Tencteris,
438 864 472 926 ob
488 864 698 954 κατηγορήσω
714 866 860 953 ἐμαυτοῦ,
874 856 945 931 οὐδὲ

197 965 426 1058 μεταθήσομαι,
442 969 499 1036 κάν
525 973 618 1063 μυρία
640 972 766 1064 λέγητε·
787 978 822 1039 οὑ
845 974 944 1063 προή-

196 1095 291 1160 σομαι
305 1082 363 1150 τῆς
380 1070 495 1165 ψήφου,
509 1081 535 1139 ct
551 1075 604 1139 καί
619 1067 741 1142 δοκεῖτε
756 1085 873 1141 παῦσαι
888 1076 942 1140 τὸν

195 1179 265 1244 κατ’
292 1182 365 1270 ἐμοῦ
389 1181 529 1274 ἔλεγχον.
547 1181 613 1248 Κάν
631 1182 879 1274 συγκαταθῶμαι
902 1192 943 1264 εἰς

196 1285 216 1351 ἀ
231 1287 354 1381 λέγετε,
372 1291 427 1354 ὅτε
443 1290 615 1363 νενοήκατε
639 1282 690 1356 διά
713 1293 746 1355 τί
760 1303 864 1356 ταῦτα
887 1292 943 1358 πέ-

195 1395 306 1480 πονθα,
319 1388 454 1474 δικαίους
467 1403 545 1487 ὑμᾶς
562 1402 767 1488 ἀπεφηναίην.
780 1405 845 1466 Οὐκ
858 1400 944 1465 ἀπώ-

196 1525 291 1592 σομαι
314 1505 373 1578 τὴν
399 1508 530 1570 ἀκακίαν
557 1531 633 1596 μου,
658 1507 749 1600 ἕτερα
772 1518 848 1574 νοῶν
871 1508 942 1599 περί

194 1616 289 1699 ὑμῶν,
315 1613 369 1678 καί
392 1614 483 1705 ἕτερα
506 1615 616 1708 λέγων.

238 1831 265 1895 ί.
283 1829 323 1894 Ἢ
337 1829 526 1907 ἐπελθούσης
542 1836 628 1915 αὐπῷ
644 1832 792 1926 ἀνάγκης,
810 1837 852 1926 μὴ
875 1839 942 1929 ἔχει

191 1939 263 2004 τινά
286 1941 459 2030 παρρησίαν
483 1941 587 2006 ἔναντι
610 1946 716 2020 αὺτοῢ;
744 1941 803 2006 Vct.
825 1944 893 2020 792,
908 1948 938 2012 ἀ.

232 2045 272 2112 Ὃ
295 2045 381 2137 λέγει
404 2047 545 2112 τοιοῦτόν
573 2051 668 2114 ἐστιν·
688 2048 772 2137 Ὅτι,
797 2053 898 2142 φησίν,
924 2055 940 2115 ὁ

192 2147 306 2221 ἀδικῶν
320 2161 375 2221 οὐκ
387 2157 453 2247 ἔχει
464 2161 648 2250 παρρησίαν,
658 2151 728 2226 otii
740 2155 939 2253 φθέγξασθαι,

192 2255 262 2329 οὐδὲ
286 2270 380 2330 εἰπεῖν
397 2276 500 2331 ταῦτα
516 2267 594 2357 άπερ
610 2267 672 2360 ἐγὼ
695 2278 758 2353 νῦν,
776 2269 844 2333 ἀλλ’
863 2271 943 2359 ἀφῄ-

194 2395 285 2460 ρηται
308 2372 362 2436 καί
384 2375 618 2462 ὲπεστόμισται·
634 2375 695 2467 ἐγὼ
712 2367 745 2441 δὲ
768 2387 863 2443 τοῦτο
885 2382 940 2443 οὐκ

190 2477 321 2557 ἔπαθον,
348 2481 430 2546 ἀλλά
460 2482 542 2574 λέγω
573 2486 627 2548 καί
658 2485 820 2578 ἀντιλέγω.
845 2492 883 2553 Οἱ
907 2479 940 2552 dd

189 2577 291 2652 ἄδικοι
314 2593 372 2678 οὐχ
396 2591 502 2666 οὕτως.

232 2700 307 2786 Κερ.
331 2697 404 2774 ΚΗ,
428 2695 466 2762 α’.
486 2698 577 2763 Ἔστι
599 2699 659 2792 γάρ
683 2702 816 2793 ἀργυρίῳ
843 2701 938 2778 τόπος

187 2806 255 2866 κτλ.
285 2802 345 2866 Vct
370 2803 440 2883 793,
462 2805 493 2867 λ.

188 2965 196 2974 .
231 2909 333 2975 Τοῦτό
349 2934 453 3000 φησιν,
479 2913 528 2976 ὅτι
551 2914 615 2978 ὁὲν
638 2925 702 2990 τοῖς
718 2925 865 3004 τυχοῦσιν
882 2915 940 2979 τά-

187 3007 233 3093 ξιν
257 3017 376 3108 ὁρίσας,
401 3023 509 3103 πολλῷ
534 3025 655 3109 μᾶλλον
679 3025 709 3086 ἐν
733 3031 798 3096 τοῖς
821 3019 938 3111 ἀνθρω-

185 3147 291 3200 πινοις.

233 3231 271 3316 β’,
296 3231 335 3324 γ.
361 3223 489 3321 Σίδηρος
515 3233 569 3322 μὲν
587 3234 646 3325 γάρ
667 3236 701 3298 ὲκ
724 3245 782 3327 γῆς
806 3237 936 3327 γίνεται,

185 3337 303 3428 χαλκὸς
320 3327 354 3401 ἀὲ
368 3332 421 3400 ἶσα
435 3337 511 3420 λίθῳ
527 3342 722 3428 λατομεϊται.
737 3333 830 3420 Τάξιν
847 3341 936 3408 ἔθετο

187 3446 302 3522 σκότει,
321 3445 375 3512 καί
396 3456 458 3511 πᾶν
474 3447 567 3537 πέρας
583 3447 675 3525 αὐτὸς
690 3441 936 3541 ίξακριῧάζεται.

194 3551 252 3616 t'at.
276 3554 347 3630 793,
370 3555 399 3616 1.

223 3659 298 3729 Ὀτι
320 3673 447 3754 προνοεῖ
466 3662 520 3727 καί
544 3662 631 3752 μέλει
654 3674 716 3728 τῶν
740 3664 935 3756 πραγμάτων

185 3775 278 3854 αὐτῷ,
298 3773 352 3836 καί
375 3763 460 3838 οὐδὲν
485 3777 602 3864 ἁπλῶς,
620 3764 682 3838 οὐδ’
701 3780 768 3848 εἰκῆ
786 3775 937 3867 παρέρχε-

183 3901 245 3942 ται.
255 3877 293 3942 *ii
306 3883 426 3967 μᾶλλον
439 3881 538 3945 ἐκεῖνό
551 3903 654 3969 φησιν,
667 3883 717 3945 ὅτι
729 3880 771 3946 τά
784 3881 838 3971 μὲν
853 3882 935 3947 ἀλλα

184 3975 266 4058 δῆλά
290 3987 385 4071 ἐστιν,
402 3993 421 4060 ἠ
441 3977 475 4050 δὲ
490 3989 649 4076 οἰκονομία
665 3999 720 4052 τοῦ
737 3995 817 4054 Θεοῦ
842 3989 935 4054 ἀτέκ-

185 4114 301 4183 μαρτος
326 4093 378 4156 καί
402 4091 570 4185 ἄγνωστος.

228 4201 289 4264 Καί
306 4199 374 4288 μετ’
392 4201 493 4292 ὀλίγα·
509 4205 620 4277 Καλῶς
638 4195 712 4267 εἶπε·
730 4195 824 4280 Τάξιν
845 4201 933 4269 ἔθετο

184 4307 310 4395 σκότει,
334 4298 452 4386 δεικνὺς
483 4311 532 4373 ὄτι
562 4299 626 4374 cide
656 4319 851 4399 παραχωρεῖν
880 4307 934 4372 καί

182 4407 448 4505 ὑπερεξίστασθαι.
480 4417 533 4493 Τίς
564 4415 731 4481 ἀπελαύνει
761 4415 817 4481 τὸν
841 4410 932 4504 ζόφον

217 4669 243 4704 ο.
269 4645 311 4703 10.
331 4647 396 4703 Vct.
415 4665 438 4707 rr
457 4648 472 4701 f
498 4647 557 4704 159.
803 4688 807 4694 -

218 4739 284 4809 cap.
304 4739 364 4793 XX
369 4739 447 4808 vm,
472 4737 645 4796 l.Vst.11i.
663 4737 721 4797 idi.
738 4741 798 4796 Huc
816 4739 933 4813 respicit

180 4826 340 4900 Olympiod.
361 4829 435 4899 apud
453 4829 518 4884 Jun.
539 4828 602 4884 424.

216 4937 243 4973 ο.
256 4917 285 4986 2,
298 4917 325 4974 3.
341 4917 380 4972 lb.
396 4920 462 4984 Quae
476 4939 540 4976 vero
560 4922 598 4976 ibi
611 4923 711 4977 Junius
724 4921 868 4993 congessit
881 4921 932 4974 sub

180 5009 340 5063 nominibus
351 5007 544 5082 Olympiodori
553 5015 581 5065 st
589 5011 792 5084 chrysostomi,
805 5012 935 5066 videntur

181 5096 266 5150 exiis
280 5113 342 5168 quse
356 5096 444 5152 codex
457 5099 549 5154 Vettio.
564 5101 677 5169 retinet,
690 5105 718 5154 et
731 5099 869 5154 instanter
889 5117 933 5154 ur-

184 5188 242 5254 get,
261 5187 354 5241 omnic
374 5204 435 5241 esse
455 5187 597 5258 Origenis.
611 5187 655 5242 Cf.
676 5189 806 5244 Comitol.
826 5207 854 5261 p.
869 5187 931 5246 386.

185 5307 218 5317 —-
237 5276 279 5330 Ab
299 5277 351 5332 hoc
371 5294 432 5349 cap.
453 5293 542 5332 xxvttt
561 5295 616 5333 non
634 5279 784 5348 discedam,
805 5284 872 5354 quin
892 5279 931 5336 le·

1683 494 1742 560 stt

995 639 1082 717 ciere,
1104 639 1189 704 dcccc
1206 643 1334 706 moriar:
1352 661 1423 708 cane
1436 660 1456 709 ο
1470 663 1515 708 mc
1535 663 1592 709 non
1612 648 1744 715 amovebo

996 746 1184 810 innocentiam
1205 765 1308 810 mecm

1035 852 1070 918 td
1090 864 1152 919 est:
1176 857 1381 938 memetipsum
1402 875 1461 923 non
1475 861 1631 941 accusabo,
1648 880 1746 947 neque

996 962 1209 1040 commutabor,
1231 972 1368 1028 sexcenta
1389 964 1461 1030 ticet
1485 968 1577 1032 verba
1596 968 1745 1053 dixeritis,

996 1085 1054 1135 uon
1077 1070 1208 1135 recedam
1228 1087 1245 1135 n
1266 1074 1425 1150 sententis,
1447 1074 1559 1140 etiamsi
1581 1077 1744 1144 videamini

995 1174 1151 1242 exhaurire
1160 1176 1303 1241 adversus
1314 1195 1361 1244 me
1371 1179 1617 1262 redargutionem.
1627 1182 1657 1247 Si
1666 1185 1745 1249 enim

995 1285 1032 1349 iis
1053 1302 1148 1369 queo
1164 1284 1249 1351 vohis
1264 1285 1342 1351 dicte
1362 1299 1442 1365 sunt,
1456 1291 1660 1370 consentirem,
1673 1292 1743 1357 dunt

994 1409 1098 1457 causus
1117 1413 1170 1459 our
1189 1394 1252 1460 hec
1272 1405 1398 1477 paterer,
1411 1399 1639 1480 recogitavistis,
1649 1403 1743 1486 justos

994 1519 1049 1565 ros
1071 1501 1301 1585 pronuntiarem.
1316 1503 1413 1570 tieem
1431 1523 1490 1570 non
1503 1506 1638 1592 objiciam
1658 1509 1743 1576 inno

993 1607 1130 1687 centiam,
1153 1607 1210 1672 atie
1230 1627 1319 1692 super
1338 1629 1394 1676 vos
1413 1612 1511 1678 enimc
1528 1615 1696 1696 revolvens,
1710 1629 1742 1685 et

992 1714 1051 1778 etia
1070 1733 1122 1792 ore
1142 1715 1266 1782 locutus.

1032 1823 1109 1888 Ibid.
1133 1844 1164 1890 ν.
1187 1825 1238 1889 10.
1260 1825 1365 1889 Antei
1387 1828 1555 1893 committi
1578 1831 1740 1914 necessitas,

993 1931 1077 1996 iubet
1093 1951 1128 1995 nc
1147 1931 1283 2015 fidncr'ctm
1302 1951 1400 1997 ccccm
1420 1939 1477 1998 eo?

1033 2039 1118 2120 Quod
1138 2039 1257 2119 asserit,
1280 2041 1421 2123 eiusmodi
1443 2050 1504 2108 est:
1524 2044 1667 2129 injustus,
1691 2047 1743 2112 in-

993 2148 1066 2232 quit,
1083 2166 1141 2215 non
1157 2148 1246 2214 habet
1266 2149 1415 2231 fiduciam,
1432 2163 1573 2234 nequent
1593 2154 1740 2238 loquetur,

993 2277 1089 2342 neque
1110 2268 1142 2324 ut
1162 2275 1197 2323 ea
1218 2259 1397 2340 pronuntiet,
1413 2277 1479 2341 quae
1498 2278 1554 2342 ego
1575 2279 1666 2341 nunc,
1689 2263 1743 2328 sed

993 2367 1104 2433 totlitur
1122 2375 1152 2432 et
1172 2385 1222 2432 ore
1242 2367 1467 2433 obstruerent
1486 2385 1543 2451 ego
1556 2388 1615 2434 non
1630 2369 1660 2436 id
1674 2388 1742 2456 pcc·

991 2493 1131 2553 sussum,
1145 2474 1197 2541 sed
1211 2473 1277 2539 dico
1291 2483 1321 2539 ct
1333 2475 1513 2542 contradico.
1529 2476 1626 2561 Iniqui
1641 2488 1741 2545 cutem

991 2602 1051 2649 non
1071 2602 1124 2646 src.

1029 2692 1103 2775 Cep.
1116 2691 1247 2770 xxvttt,
1263 2694 1290 2756 l.
1303 2691 1438 2757 Estenim
1450 2699 1568 2777 arqenio
1581 2693 1668 2775 ίοσκν,
1680 2704 1738 2760 otc.

1030 2903 1092 2970 Hoc
1112 2904 1196 2985 dicit,
1218 2907 1295 2990 quod
1316 2907 1365 2990 qui
1380 2907 1493 2972 vitibus
1508 2909 1741 2994 quibuscumque

991 3013 1078 3077 rebus
1099 3013 1230 3080 ordinem
1251 3015 1442 3100 prescripsit,
1459 3018 1550 3083 multo
1571 3021 1665 3102 mergis
1686 3019 1741 3086 hu·

990 3118 1087 3184 manis
1108 3120 1139 3184 in
1160 3121 1248 3185 rebus
1269 3121 1325 3185 hoc
1345 3123 1442 3188 faciet.

1029 3223 1104 3289 Ibid.
1127 3244 1158 3290 ν.
1182 3231 1219 3306 2,
1242 3227 1272 3290 3.
1296 3227 1408 3292 Etenim
1435 3231 1544 3312 serrem
1570 3233 1681 3315 quiden
1706 3236 1740 3300 dc

989 3340 1066 3397 terro
1085 3333 1131 3416 fit,
1146 3353 1195 3397 nes
1216 3341 1310 3399 cumn
1329 3337 1472 3416 similiter,
1492 3345 1525 3402 ct
1544 3339 1619 3423 topic
1639 3343 1739 3407 coedi-

989 3445 1072 3504 tur...
1090 3439 1224 3506 Ordinem
1236 3444 1333 3526 poenit
1344 3443 1471 3527 tenebrtr,
1487 3451 1514 3509 et
1528 3465 1638 3512 omnem
1652 3448 1737 3532 finem

960 3620 964 3626 ⁸
989 3550 1049 3633 ipsc
1067 3555 1274 3634 perscrutetur.

1029 3655 1169 3740 inquot
1192 3655 1327 3740 providet
1347 3657 1426 3723 Deus
1445 3668 1477 3723 et
1491 3677 1588 3725 rerunt
1607 3659 1737 3726 omnium

988 3781 1089 3829 curent
1105 3763 1193 3845 gerit,
1205 3763 1338 3848 nihilque
1349 3775 1458 3831 temere
1471 3775 1523 3830 eut
1538 3766 1657 3833 fortuito
1667 3787 1737 3835 eve-

988 3871 1043 3934 nit.
1061 3870 1112 3936 Vei
1126 3871 1223 3955 potius
1234 3871 1289 3937 hcc
1299 3871 1381 3950 dicit,
1394 3883 1498 3940 cetera
1509 3874 1630 3957 quidem
1645 3875 1737 3940 meni-

988 3980 1061 4044 testa
1072 3998 1146 4055 esse,
1161 3979 1295 4045 divinam
1307 3990 1404 4046 sutem
1418 3982 1608 4047 ‹economiam
1622 3999 1737 4048 ornnem

987 4087 1184 4171 conjecturem
1205 4096 1236 4152 et
1256 4085 1455 4169 cognitionem
1476 4089 1562 4170 longe
1586 4105 1735 4174 superare.

1027 4195 1070 4260 Et
1086 4200 1153 4279 poet
1169 4214 1275 4278 panca.
1298 4197 1389 4261 Recte
1408 4195 1498 4260 dicit:
1521 4196 1658 4260 Ordinem
1678 4216 1737 4280 po-

985 4303 1045 4368 mit
1062 4301 1197 4380 tenebris,
1212 4311 1244 4367 ut
1263 4303 1430 4369 ostenderet
1450 4303 1543 4369 solere
1563 4320 1615 4370 ees
1633 4307 1737 4371 cedere

985 4421 1015 4479 ct
1030 4413 1135 4479 iterum
1149 4411 1294 4478 recedere.
1307 4411 1383 4491 Quis
1398 4411 1533 4478 tenebras
1547 4411 1615 4478 illus
1627 4413 1735 4496 rugat?

986 4648 1079 4720 pidem
1096 4646 1272 4701 meminerim
1292 4643 1413 4715 ἀίλιψίαν
1428 4643 1568 4700 Gsiisndii
1587 4645 1617 4700 in
1635 4665 1660 4702 v.
1684 4644 1731 4700 18:

984 4741 1065 4792 Ἐοικι
1084 4741 1109 4792 di
1129 4740 1169 4792 ίπί
1187 4738 1326 4809 δυναμίνων
1351 4741 1455 4805 τάχίαι,
1482 4740 1554 4790 ciceri
1573 4741 1733 4810 γιγαρτικιῖίν.

985 4832 1060 4885 Βουο
1079 4829 1235 4886 emendavit
1252 4831 1282 4883 iu
1301 4832 1367 4883 notu
1383 4830 1511 4896 τιτάχυαι,
1530 4827 1578 4881 sed
1591 4828 1733 4882 confiden-

985 4920 1042 4974 tius
1060 4924 1165 4974 csetcrs
1182 4919 1286 4973 retinet
1303 4934 1335 4972 uc
1354 4918 1452 4971 vertit:
1479 4918 1597 4973 Videtur
1609 4933 1664 4988 pro
1683 4936 1734 4972 οιι-

987 5011 1109 5066 tentibus
1131 5013 1253 5079 positam
1277 5010 1366 5080 {uisse
1390 5008 1557 5074 dictionem,
1581 5016 1652 5076 puta
1672 5011 1732 5063 cci·

986 5105 1081 5156 naccis
1101 5099 1145 5166 (i).
1166 5099 1252 5170 Atqui
1277 5100 1334 5152 cito
1353 5097 1446 5168 recipe
1468 5093 1504 5150 ex
1529 5095 1634 5150 nostris
1652 5096 1732 5150 codd.

986 5191 1137 5262 pepercistis
1162 5193 1191 5243 et
1216 5186 1294 5259 lege:
1312 5205 1366 5259 pro
1385 5188 1579 5242 ualentibus...
1597 5197 1668 5257 puta
1689 5189 1734 5257 qi-

985 5286 1129 5356 pentibus.
