4044 6098
283 479 341 544 ite
620 541 622 545 ,
802 473 1000 542 uterorum
1023 470 1310 540 usotucoumts

284 631 475 800 ἕτερατινα
498 629 650 718 μαρτύρια
665 629 702 716 ¹.)
719 621 828 704 Βίύλος
844 626 1029 716 ἀναφέρεται
1085 638 1227 704 ponemus
1246 620 1305 687 clio
1327 605 1464 704 qnsdnn
1485 621 1665 688 testimonia.
1689 623 1834 690 Profertur

358 711 515 826 ήρΕοθο
478 727 642 824 θοροὲρο
626 735 694 800 dono
711 735 741 801 ἕο
758 761 790 798 τι
804 733 1027 863 2)ο)ρρο)οοο-ο·
1082 723 1156 789 iiber
1170 724 1287 789 Esther
1303 723 1408 792 Esther
1422 734 1518 790 umen
1532 743 1622 791 unum
1640 727 1752 811 aliquid
1766 746 1835 811 ope·

283 735 478 933 διίάρδοχαῒος
502 834 536 906 δὲ
551 841 665 926 πολλά,
683 840 779 905 καί’
752 864 807 906 ουκ
823 838 1029 932 ἐπιγράφεται
1083 840 1147 895 rate
1162 840 1217 911 ost,
1233 829 1287 895 sed
1301 829 1394 895 multo
1414 829 1628 912 Mardocbaeus3
1644 849 1741 915 neque
1759 832 1835 899 Mer·

282 941 490 1038 Μαρδοχαίου,
511 946 594 1011 ἀλλά
609 945 784 1035 Ἐσθήρτδ
802 947 899 1010 οιίτιον
923 955 1028 1022 τοῦτο,
1083 936 1203 1003 dochaeo
1223 936 1392 1016 ascribitur,
1414 935 1468 1002 scd
1488 935 1602 1011 Esther.
1623 945 1657 1003 ut
1677 939 1834 1022 praecipuae

283 1057 334 1121 ὅτι
363 1053 443 1128 αύτί)
479 1055 645 1138 βασίλισσα
675 1051 875 1142 ὑπάρχουσα,
900 1041 1029 1115 ἔκδοτον
1084 1059 1198 1108 muso}
1190 1043 1389 1126 ‚qniaqonn
1409 1042 1835 1126 esaetreginn,nondnh1u

282 1167 396 1237 ἑαυτῆς
420 1159 479 1234 τὴν
503 1156 645 1248 ψυχδνύ
630 1149 744 1223 ἔδωκεν
768 1159 842 1248 πρὸς
864 1156 925 1230 τὴν
949 1147 1030 1222 ἑκδί·
1007 1152 1132 1219 trit
1152 1151 1280 1215 animum
1300 1168 1384 1218 susm
1403 1150 1474 1217 dure
1487 1151 1525 1217 ud
1540 1151 1737 1220 vindicandos
1757 1151 1834 1218 filios

283 1293 374 1343 κησιν
398 1277 461 1332 τῶν
482 1271 554 1330 υἱῶν
571 1265 614 1330 'io
617 1265 707 1354 ραὴλ,
724 1264 800 1330 τότε
824 1256 1029 1352 διωκομένων,
1083 1259 1185 1340 lsmci,
1202 1268 1272 1324 tuuc
1293 1259 1496 1341 persecutione
1512 1259 1748 1327 consumtor)
1768 1278 1834 1326 me-

282 1375 336 1441 καί
360 1374 430 1439 άντί
456 1385 514 1450 τῆς
546 1373 722 1504 εὐεργεσίας
752 1353 873 1446 τάύτης
896 1370 949 1435 καί
972 1381 1029 1446 τῆς
1084 1367 1206 1432 morium
1221 1365 1365 1444 beneficii,
1380 1377 1543 1452 etpropter
1558 1367 1834 1452 fidemquumergu

282 1485 415 1558 πίστεως
439 1493 496 1557 τῆς
520 1485 562 1556 είς
578 1481 633 1544 τον
650 1479 728 1544 Θεον
745 1477 967 1571 γεγενημένης,
985 1502 1031 1541 τι-
1084 1473 1180 1538 Deum
1204 1475 1333 1557 professu
1360 1485 1422 1556 est,
1445 1474 1521 1539 bunc
1544 1473 1705 1540 illiluudcm
1732 1491 1834 1540 occcu-

284 1603 327 1681 μῇ
344 1592 369 1678 8)
387 1589 490 1675 ταύτῃ
509 1588 692 1679 ἐλογίσαντο
708 1597 841 1673 τιμῆσαι
855 1584 916 1658 τὴν
933 1589 1031 1674 άρχη-
1085 1589 1218 1660 suerunt,
1234 1589 1268 1645 ut
1280 1598 1394 1645 summa
1408 1599 1500 1666 quum
1520 1589 1601 1646 osset
1614 1595 1704 1646 ceusu
1725 1580 1832 1664 operis,

284 1697 340 1787 γύν
363 1705 420 1759 τοῦ
437 1695 537 1786 ἔργου.
556 1691 677 1756 Τούτου
693 1690 783 1780 χάριν
800 1689 958 1781 ἐπεγράφη
986 1690 1032 1773 βί-
1084 1687 1325 1770 propterouliber
1336 1688 1439 1752 Esther
1454 1690 1614 1772 inscriptus
1625 1688 1722 1754 fuerit.
1733 1689 1834 1773 thua

284 1795 357 1876 ύλος
370 1801 397 1886 4)
408 1799 591 1890 ἘσθήρὊν
604 1799 705 1863 τοίνυν
716 1797 829 1887 τρόπον
839 1802 1032 1889 αὺτηςγενο-
1084 1795 1210 1873 ratione,
1220 1796 1373 1878 quumiitn
1386 1804 1465 1861 esset
1474 1795 1556 1878 origo
1568 1795 1683 1874 salutis,
1695 1795 1749 1880 ipsi
1761 1795 1835 1862 liber

285 1908 380 1997 μένης
397 1908 551 1995 σωτηρίοις
569 1905 678 1990 αἴτιον,
696 1907 737 1978 εἰς
755 1901 854 1976 αὐτὴν
872 1899 1027 1991 ἀνηνέχθη
1085 1898 1238 1966 dedicatus
1258 1909 1313 1982 cst,
1335 1900 1438 1966 eodem
1459 1900 1544 1966 modo
1564 1898 1620 1984 ipsi
1642 1899 1763 1982 pavidi,
1779 1901 1832 1984 qui

282 2020 302 2090 η
331 2008 445 2100 βίύλος,
462 2015 518 2078 τὸν
535 2013 629 2077 αὐτὸν
647 2003 681 2076 δὲ
696 2010 812 2100 τρόπον
829 2009 883 2074 καί
906 2009 957 2075 ἐπί
976 2008 1031 2072 τὸν
1085 2013 1188 2070 auctor
1205 2006 1262 2072 fuit
1276 2007 1360 2070 iniis
1375 2005 1462 2088 hujus
1475 2005 1638 2086 doxologice
1651 2005 1683 2070 iu
1697 2005 1835 2070 honorem

282 2112 390 2198 Δαυίδ,
415 2119 508 2184 αὑτὸν
526 2118 625 2182 αἴτιον
642 2115 811 2208 γενόμενον
827 2126 886 2191 τῆς
903 2107 1031 2192 δοξολο-
1085 2111 1151 2193 Dei,
1173 2112 1327 2178 dedicatus
1339 2120 1384 2178 cst
1405 2111 1481 2176 liber
1500 2111 1689 2194 psalmorum.
1713 2112 1751 2178 Et
1771 2111 1836 2176 baec

283 2230 352 2320 γίοις
375 2226 494 2302 ταύτης
515 2236 573 2301 τῆς
598 2229 639 2299 τίς
655 2223 710 2288 τὸν
728 2222 819 2308 θεὸν,
835 2219 990 2310 ἀνηνέχθη
1009 2226 1029 2295 η
1082 2220 1166 2304 juxte
1188 2218 1350 2296 historiam,
1373 2236 1461 2303 quem
1481 2219 1679 2302 exposuimus.

285 2327 391 2418 βίύλος
416 2338 457 2408 είς
481 2331 584 2394 αύτύν.
610 2336 720 2393 Ταῦτα
736 2327 790 2417 μὲν
811 2328 909 2402 οὕτως
922 2326 948 2415 5)
965 2326 1032 2415 ἔχει

284 2439 369 2506 κατά
392 2439 451 2509 την
478 2441 625 2529 ίστορίαν,
648 2435 708 2511 τὴν
733 2427 1009 2528 ἀποδεδειγμένην.

330 2548 538 2640 Παρέστωσαν
562 2538 597 2612 δὲ
619 2549 647 2610 ot
669 2543 815 2637 λέγοντες
830 2543 959 2618 ἑαυτούς
982 2566 1033 2631 pt·
1125 2537 1294 2621 Exsurgant
1314 2546 1413 2604 autem
1426 2538 1469 2603 itti
1483 2539 1535 2623 qui
1549 2557 1582 2605 sc
1601 2541 1733 2608 scientias
1752 2544 1836 2627 cupi·

285 2655 442 2746 λομαθεῒς,
459 2654 513 2719 καί
534 2654 576 2744 μδ
603 2654 814 2744 τολμάτωσαν
838 2644 932 2731 άδειν,
950 2652 1033 2718 άλλά
1086 2643 1140 2710 (ios
1161 2643 1279 2724 dicunt3
1303 2644 1428 2727 necjam
1443 2645 1715 2727 andanumtais,
1729 2650 1781 2716 sed
1795 2652 1835 2716 lo·

287 2759 497 2850 βιαζέσθωσαν
521 2763 633 2853 λέγειν.
657 2761 770 2838 Ἀλλά,
796 2760 899 2892 pocot),
922 2759 1033 2849 ἤχησα
1087 2752 1137 2834 qui
1157 2761 1312 2842 cogantur,
1329 2751 1438 2816 Dicunt
1452 2760 1567 2820 numm:
1591 2754 1682 2837 «Ego
1701 2771 1719 2818 o
1730 2757 1837 2838 juscu-

287 2877 322 2937 ἐκ
336 2872 485 2946 νεότητος
499 2871 536 2960 6).
550 2868 609 2935 Διά
623 2869 774 2934 τίτοίνυν
790 2867 894 2932 καὶσὺ
913 2866 1034 2957 μὴεπι-
1088 2860 1317 2927 miscentem.»
1334 2863 1372 2925 m
1386 2879 1453 2944 quae
1467 2879 1555 2926 causo
1569 2881 1640 2944 crgo
1653 2883 1706 2929 cur
1719 2864 1789 2929 mibi
1806 2876 1838 2931 tu

288 2985 436 3072 χειρειςλ
438 2981 519 3071 έγειν
533 2978 593 3042 δι’
566 3002 621 3043 ουκ
634 2981 803 3043 ἐπίστασαι
820 2976 861 3066 μὴ
879 2975 940 3106 ραθ
944 2975 985 3040 ών
1001 2977 1033 3060 7)
1087 2967 1185 3033 dicere
1199 2966 1303 3031 nitaris
1314 2967 1392 3050 quod
1407 2985 1466 3032 non
1477 2968 1604 3047 scivisti,
1614 2969 1737 3038 edoctus
1748 2991 1837 3054 quun

286 3090 320 3152 fl
343 3088 403 3180 γὰρ
427 3088 540 3176 ἀπορία
563 3094 620 3150 τοο
644 3089 776 3212 ὰρροοῖο
793 3084 847 3149 χο)
865 3085 904 3149 το
920 3086 1036 3174 οποχοί.
1088 3091 1147 3139 non
1169 3071 1235 3136 sisi
1254 3073 1327 3138 Tum
1348 3072 1427 3137 enim
1456 3073 1620 3154 ignorantis
1648 3076 1836 3160 permenius,

288 3215 373 3280 ρημα
396 3199 451 3254 τοῦ
476 3180 632 3253 διδάσκειν
655 3187 697 3276 μὴ
719 3185 939 3319 μεμαθηκότα,
965 3187 1035 3271 βιά-
1088 3197 1177 3263 quam
1191 3180 1339 3245 affectatio
1353 3179 1506 3245 docendi'
1498 3199 1529 3245 in
1548 3199 1584 3247 eo
1603 3185 1655 3266 qni
1678 3203 1735 3250 non
1757 3185 1838 3250 didi-

287 3292 376 3377 ζεται
399 3295 550 3362 πλάσσειν
573 3295 730 3369 πλάνην
720 3296 794 3426 πρὸς
823 3295 949 3368 ἀπάτην
973 3305 1035 3358 τῶν
1090 3288 1138 3366 cit,
1159 3287 1239 3368 cogit
1259 3286 1297 3352 ad
1322 3289 1479 3353 texendum
1499 3307 1626 3355 errorem
1647 3309 1715 3356 cum
1736 3293 1839 3375 decep-

289 3409 521 3496 ακροατῶν,ο
486 3395 579 3481 δόξης
596 3402 686 3478 κένης
710 3402 808 3492 χάριν.
827 3394 920 3467 nott
943 3396 1036 3491 ρόύος
1091 3392 1169 3458 tione
1189 3392 1384 3472 audientium,
1404 3393 1743 3478 nnnaeintuitugloriae.
1760 3397 1836 3462 id
1813 3417 1839 3463 sn

288 3521 403 3599 παρῆν
425 3508 540 3605 πρύτρ
493 3533 574 3598 ερον
601 3513 698 3594 ἀσκῇς
714 3507 739 3596 8)
766 3509 886 3597 μαθεῖν,
913 3512 961 3575 ἵνα
984 3510 1039 3575 καὶ
1090 3500 1261 3567 reformidas
1262 3500 1410 3584 ,primum
1420 3504 1582 3568 exercearis
1600 3503 1630 3568 in
1644 3504 1794 3588 discendo,
1806 3515 1840 3571 ut

290 3621 393 3690 καλῶς
410 3607 534 3692 διδάξαι
547 3605 690 3700 δυνηθῃς
704 3618 936 3704 Προσχωρεν
908 3611 959 3681 οὖν
973 3627 1037 3692 τοῖς
1091 3608 1187 3690 possis
1205 3626 1271 3672 cum
1292 3609 1396 3674 decore
1416 3609 1530 3677 docere
1554 3612 1750 3677 Attendamus
1770 3631 1840 3695 ergo

289 3744 437 3814 περοκειμ
423 3721 508 3796 ’νοις
1092 3713 1130 3776 nd
1151 3713 1310 3795 proposita.

334 3826 521 3920 Ἐοορραροὶ
547 3826 607 3918 γὰρ
638 3819 777 3919 διάφοροι
807 3831 946 3921 ριοοοοοο
974 3842 1038 3908 τοῖς
1130 3819 1340 3903 inscriptiones
1361 3820 1440 3887 enim
1459 3823 1553 3888 rariae
1573 3822 1695 3907 psalmis
1717 3825 1838 3891 dantur:

290 3937 433 4029 ψαλμοῖς·
450 3935 484 4013 ἃς
500 3933 671 4026 ἐπιγραφάς
687 3940 718 4000 ἐν
734 3929 919 4027 παραδρομῇ
934 3938 1037 4032 tepeo
1093 3944 1168 4011 quas
1186 3927 1363 4010 epigraphes
1378 3929 1574 4010 perfunctorie
1584 3948 1730 4013 exponere
1741 3931 1842 3997 incon-

292 4052 347 4113 οὐκ
359 4050 413 4136 ὲχρ
415 4056 464 4120 ῆν·
477 4043 561 4109 ἀλλά
573 4042 656 4132 μετὰ
667 4042 770 4121 πάσης
784 4036 931 4125 σπουδῆς,
942 4051 1039 4139 αοορ.
1092 4053 1198 4117 gruum
1219 4044 1281 4100 est:
1306 4035 1394 4100 imno
1414 4055 1480 4100 ουιυ
1501 4038 1581 4120 omni
1601 4038 1757 4121 diligentie
1783 4059 1843 4106 ne-

290 4155 380 4228 οοοίοος
399 4152 563 4280 γινορένης
578 4162 642 4227 τοῖς
659 4151 830 4216 οοοοοοοοοο
842 4152 921 4219 ”οοο
938 4154 996 4248 γὰρ
1011 4152 1036 4247 9)
1093 4141 1216 4207 cessitas
1236 4142 1378 4208 incumbit
1402 4160 1452 4209 eas
1477 4144 1659 4210 auditoribus
1680 4147 1855 4229 pandendi..

290 4262 386 4351 λέγει·
412 4260 485 4324 ‘mr
471 4257 584 4347 ὲρτῆς
616 4258 869 4349 κληρονοροοο-ος
900 4257 1039 4350 ψολρος
1093 4250 1219 4331 Quando
1238 4249 1317 4315 enim
1337 4249 1391 4316 uit:
1416 4251 1510 4335 Super
1530 4272 1594 4316 eom
1614 4273 1687 4338 quae
1712 4255 1843 4320 hoeredi-

295 4364 337 4454 μὴ
365 4368 529 4456 άργῶςρ
488 4390 529 4453 πρ
532 4365 652 4430 ύκειται
674 4369 730 4440 η’
719 4389 808 4458 επιγρ
810 4368 887 4456 αρή
918 4365 1040 4457 μὴγέ-
1095 4365 1179 4422 tutem
1191 4359 1294 4436 recepit
1303 4363 1443 4441 psalmos,
1456 4377 1678 4442 supervacanee
1693 4380 1752 4427 uon
1763 4363 1844 4444 jacet

292 4474 397 4541 νοιτοί
417 4470 506 4536 Αύτά
522 4464 604 4537 δὲ“
572 4496 654 4536 ουτω
666 4467 938 4563 καταρτιζέσθω,
924 4497 973 4537 ινα
988 4474 1041 4538 καί
1095 4464 1258 4549 inscriptio,
1278 4465 1374 4530 obsiti
1400 4464 1458 4531 Sed
1478 4468 1519 4534 itu
1539 4470 1595 4534 rite
1615 4478 1784 4550 cooptetur,
1813 4481 1845 4536 ut

294 4580 365 4671 περί
381 4585 453 4645 Υἱοῦ
469 4579 617 4672 λέγεσθαι
641 4577 803 4665 πιστευθῇ.
823 4582 967 4668 Ψαλμδς,
985 4603 1042 4670 φη-
1094 4573 1182 4638 etiam
1208 4573 1245 4638 dc
1271 4573 1345 4638 Filio
1376 4573 1456 4639 dicta
1476 4575 1566 4641 fuisse
1586 4575 1731 4641 credatur.
1757 4576 1845 4642 Psal-

296 4689 353 4766 σίν,
371 4686 444 4776 ὑπὲρ
457 4698 514 4763 τῆς
527 4687 789 4777 κληρονομούοης.
803 4687 979 4776 Πρύκειται·
994 4687 1042 4752 Τά
1095 4701 1171 4762 mre,
1191 4682 1298 4767 iuquit,
1320 4701 1373 4767 pro
1387 4683 1539 4767 recipiente
1553 4685 1762 4750 hoereditatem.
1786 4687 1844 4752 sd·

298 4795 427 4888 ρηρκατά
444 4791 503 4885 pico
524 4793 678 4870 ἐνώτισαι,
696 4795 805 4884 Κύριεί
826 4796 962 4885 Πρύσχες
986 4806 1043 4872 τῆς
1094 4791 1182 4875 jacet:
1202 4791 1323 4861 «Verba
1340 4809 1404 4858 meo
1426 4793 1548 4859 curibus
1561 4794 1689 4879 percipe,
1706 4795 1842 4876 Domine,

297 4915 435 4996 κραυγῆς
453 4926 521 4991 μου,
540 4901 625 4979 σύνες
641 4913 699 4978 τῆς
716 4893 850 4980 δεήσειύς
869 4909 966 4992 pomo
986 4907 1044 4990 βα·
1097 4900 1215 4966 attende
1235 4901 1355 4967 clamori
1376 4919 1458 4982 meo,
1481 4903 1612 4986 intellige
1632 4921 1732 4986 preces
1753 4921 1843 4984 moue,

336 5046 359 5110 1)
381 5047 424 5100 Cf.
446 5050 580 5118 synopsis
601 5051 737 5103 Attuarios
754 5049 774 5101 Ι.
796 5049 816 5102 i.
833 5077 866 5088 -
881 5051 904 5114 ί)
925 5051 947 5100 ἕν
961 5069 988 5101 τε
1002 5048 1044 5103 14.
1099 5047 1209 5116 ignoro.
1229 5045 1320 5099 Etiam
1333 5045 1367 5098 ob
1383 5046 1528 5116 sequentis
1539 5045 1666 5116 suspicor
1683 5045 1791 5101 ύσκηοα.
1811 5077 1846 5087 -

298 5165 334 5177 -
348 5139 371 5200 8)
392 5138 424 5205 τῇ
441 5139 476 5208 γῇ
497 5135 539 5192 14.
554 5165 587 5177 -
600 5137 624 5203 ’1)
646 5134 738 5202 βιύλίιν
751 5135 779 5204 5,
802 5135 844 5193 14.
858 5169 892 5178 -
906 5139 928 5205 5)
943 5143 986 5210 μιν
1006 5138 1045 5194 οὖν
1099 5137 1123 5207 ⁷)
1142 5135 1241 5206 Pergit
1254 5132 1388 5190 nonnulis
1406 5136 1562 5190 obscuritas
1575 5136 1602 5188 in
1615 5137 1705 5190 tribue
1718 5137 1797 5192 codd.
1810 5165 1845 5178 --

300 5225 359 5278 ὄντα
381 5222 421 5278 14.
442 5253 475 5265 -
495 5225 519 5294 θ)
541 5225 627 5280 iocus
649 5228 782 5283 obscurus
802 5229 872 5283 onds
891 5229 1045 5299 haurietur,
1100 5227 1122 5288 ⁸)
1142 5225 1224 5284 ύσκειι
1243 5224 1322 5279 codd.
1344 5255 1377 5266 -
1391 5224 1414 5290 ¹¹)
1435 5227 1472 5278 ὅτι
1490 5228 1538 5296 '1¹²9
1562 5224 1602 5280 ¹⁴¹·
1625 5227 1673 5280 ¹³⁸·
1692 5243 1720 5294 v,
1743 5225 1798 5282 ¹·3·
