3998 6080
701 507 826 575 cobux
846 505 1183 572 CLAROMONTANUS
1679 509 1717 574 ’13

210 665 259 728 16.
276 665 381 746 Lepra,
404 660 535 727 doctrina
562 659 764 724 haeretieorum
786 659 857 723 lalsa
877 667 965 742 atqua
978 675 1068 737 vana,
1084 658 1132 724 uel
1146 658 1318 724 ludaeorum
1339 659 1507 740 inlidelilas,
1530 661 1595 724 sive
1616 669 1726 723 coum·
1770 639 1772 646 ¹

171 779 293 847 minatio
313 788 510 864 peccatorum.
532 778 567 842 ln
588 775 731 843 Levitico:
752 777 878 840 Locutus
897 785 943 840 ast
963 775 1107 841 Dominus
1120 775 1157 841 ad
1172 776 1294 860 Moysen
1308 785 1339 842 ει
1353 780 1461 858 Aaron,
1478 779 1595 842 dicens:
1610 776 1715 856 Homo,
1746 771 1752 782 ‘

171 896 200 959 in
221 896 305 980 cuins
329 896 370 978 [p.
393 894 464 974 113]
487 901 627 958 carnaea
647 901 716 957 cate
734 899 817 956 ortus
837 890 924 955 luerit
943 889 1079 956 diuersus
1097 893 1183 969 color,
1203 893 1269 957 sira
1289 894 1416 977 pustula,
1440 905 1492 959 ιιι
1512 893 1595 977 quasi
1617 893 1718 957 lucens

169 1012 331 1097 quippiam,
349 1010 379 1075 id
399 1018 444 1075 est
464 1009 551 1095 plaga
566 1008 667 1092 lepra,
685 1007 845 1073 adducetur
859 1006 896 1072 ad
911 1008 1007 1072 Aaron
1021 1009 1210 1089 sacerdotem,
1226 1009 1275 1075 val
1295 1009 1332 1076 ad
1354 1029 1444 1076 unum
1459 1009 1621 1094 quemlibet
1637 1008 1718 1073 sulio-

171 1148 233 1193 rum
254 1129 332 1211 ejus,
356 1127 405 1210 qui
426 1145 492 1191 cum
511 1124 623 1192 viderit
642 1125 752 1208 lepram
774 1124 804 1189 in
819 1131 897 1204 oute,
913 1132 944 1189 et
957 1123 1032 1207 pilos
1046 1123 1077 1188 in
1091 1124 1158 1190 alba
1174 1133 1308 1201 mumius,
1329 1126 1417 1209 plaga
1438 1126 1517 1211 lepra
1539 1135 1595 1208 est,
1612 1124 1649 1191 ad
1665 1143 1718 1190 ar-

171 1242 292 1307 bitrium
311 1242 375 1325 ejus
395 1240 589 1326 separabitur.

210 1356 260 1420 11.
278 1355 398 1440 leprosi
419 1355 449 1419 in
471 1354 575 1437 capite,
596 1352 723 1419 haeretici
745 1353 903 1419 Dominum
924 1355 1024 1420 lesum
1045 1354 1191 1421 Christum
1213 1355 1460 1440 blasphemantes.

210 1470 259 1533 16.
276 1469 395 1553 Leprosi
417 1467 448 1533 in
469 1468 571 1549 barba,
595 1466 626 1532 id
647 1473 693 1534 est
715 1467 843 1534 haretici
865 1469 903 1536 de
915 1468 1122 1536 Incamatione
1136 1471 1310 1554 Saloutaria
1322 1472 1370 1537 vel
1385 1473 1423 1538 de
1440 1473 1551 1539 sanctis
1571 1472 1718 1558 llpostolia

171 1603 264 1670 praua
284 1585 453 1651 sentientes.

211 1702 260 1765 16.
277 1701 395 1784 Leprosi
416 1708 477 1767 toto
497 1718 628 1785 corpore,
649 1699 739 1766 iidem
753 1701 803 1784 qui
817 1709 849 1766 et
866 1719 965 1786 supra,
980 1702 1195 1787 blasphemiam
1215 1723 1299 1770 suam
1321 1704 1350 1770 in
1371 1723 1486 1770 omnem
1500 1704 1717 1789 scripturarum

168 1815 274 1883 seriem
296 1816 513 1898 permiscentes.

211 1934 259 1998 17.
276 1931 368 2014 Lepre
389 1939 516 2011 tumens,
540 1929 642 1996 indata
664 1930 814 2016 superbia.

211 2050 260 2115 18.
275 2050 369 2131 Lepra
389 2047 521 2128 humilis,
543 2048 691 2114 simulatio
711 2047 819 2132 cordis,
842 2049 891 2114 vel
912 2048 1096 2132 blasphemia
1120 2051 1252 2134 [latensi

211 2166 260 2229 16.
276 2166 371 2249 Lepra
391 2163 513 2245 rubens,
536 2163 686 2229 iracundia
708 2165 813 2230 cordis.

211 2279 437 2363 16,11.1.εριε
459 2278 536 2360 alba,
560 2278 734 2366 hypocrisis.
757 2315 795 2336 ψ
816 2279 911 2364 Lepra
933 2280 962 2345 in
984 2281 1081 2362 domo,
1106 2280 1263 2347 infidelitas
1285 2292 1349 2376 tota
1367 2284 1396 2348 in
1418 2285 1519 2367 plebe.

213 2398 281 2460 11.“
295 2397 386 2480 Lepra
408 2396 438 2460 in
458 2395 645 2474 vestimento,
667 2395 744 2461 uitia
764 2395 871 2460 carnis.

211 2514 261 2576 11.
278 2512 371 2596 lepra
393 2510 423 2575 in
443 2528 531 2576 carne
550 2509 634 2590 vira,
657 2519 776 2592 paccata
796 2519 868 2575 sunt
887 2510 1004 2576 animae.

212 2629 262 2692 16.
279 2628 374 2713 Lepta
392 2627 532 2710 volatica,
555 2627 662 2693 vitium
683 2626 834 2711 quodlibet
856 2627 936 2694 alind
957 2646 992 2692 er
1013 2607 1052 2694 se¹
1065 2646 1220 2712 generans.

212 2747 262 2811 11.
278 2745 459 2812 Prolluvium
480 2743 608 2822 seminis,
630 2744 819 2810 immoderata
839 2744 956 2811 locutio.
978 2744 1015 2810 In
1035 2747 1180 2812 Leuitico.

212 2865 261 2926 16.
280 2866 322 2947 [p.
345 2863 414 2944 111]
437 2862 586 2928 Nocturna
606 2861 742 2945 pollutio,
763 2871 946 2945 pcccatorum
967 2863 1081 2929 occulta
1101 2863 1253 2947 cogitatio.
1277 2865 1311 2929 ln
1331 2865 1567 2932 Deuteronomio.

213 2981 262 3043 16.
279 2977 384 3045 Mulier
404 2986 594 3052 menstruata,
608 2977 705 3042 anima
720 2975 878 3044 immundis
899 2979 1127 3062 cogitationibus
1140 2980 1259 3064 polluta.
1273 2982 1309 3047 ln
1326 2981 1491 3047 llieremia:
1508 2982 1617 3048 Omnes
1630 2998 1718 3065 quae-

170 3107 270 3162 rentes
291 3114 367 3176 eam,
389 3113 449 3161 non
469 3094 617 3173 deficient,
641 3095 672 3160 in
692 3095 849 3160 menstruis
870 3099 933 3181 ejus
954 3096 1107 3162 invenient
1125 3113 1201 3161 aam.

212 3213 261 3278 11.
278 3211 389 3278 Flauus
410 3211 573 3294 sanguinis,
589 3211 720 3295 prolusio
736 3221 929 3297 peccatorum.
950 3214 984 3279 ln
1006 3214 1153 3280 Levitico:
1172 3216 1297 3280 mantus
1311 3222 1357 3280 est
1376 3213 1517 3280 Dominus
1536 3213 1575 3279 ad
1596 3213 1719 3301 ldoyscn

170 3331 290 3397 dicens:
312 3329 444 3412 Loquere
464 3327 501 3392 ad
520 3331 619 3393 Aaron
639 3335 670 3393 ει
690 3325 766 3393 lilios
786 3329 864 3412 ejus:
880 3329 973 3395 Homo
993 3330 1160 3396 desemine
1180 3341 1280 3397 restro
1293 3349 1346 3414 per
1360 3330 1494 3411 familias,
1510 3329 1559 3413 qui
1581 3329 1719 3394 habuerit

172 3447 328 3528 inaculam,
350 3464 409 3512 non
430 3446 550 3512 accedet
570 3445 608 3512 ad
630 3447 735 3528 altare,
756 3464 811 3512 nec
831 3445 934 3513 oderat
946 3464 1037 3530 panes
1050 3446 1113 3512 Deo
1129 3463 1193 3512 suo.
1211 3446 1242 3510 Si
1263 3463 1356 3512 cacus
1376 3444 1473 3526 luerit,
1495 3445 1521 3510 si
1542 3444 1674 3525 claudus,
1690 3445 1720 3509 si

172 3574 248 3630 torto
268 3581 350 3645 naso,
372 3562 398 3627 si
420 3563 512 3628 lracta
533 3581 634 3643 manu,
657 3561 682 3626 si
704 3563 828 3646 gibbus,
848 3566 873 3630 si
894 3564 982 3650 lippis
1002 3564 1109 3645 oculis,
1131 3565 1155 3628 si
1179 3562 1382 3648 impetiginem
1403 3562 1515 3627 babens
1534 3561 1564 3626 in
1585 3580 1715 3645 corpore,

172 3682 197 3745 si
217 3681 316 3765 jugam
337 3680 464 3746 scabiem
486 3680 534 3746 uel
556 3677 747 3763 ponderosus,
769 3690 800 3746 et
820 3689 938 3746 emtam

215 3798 264 3862 18.
281 3796 386 3862 Cacus
406 3795 524 3894 dieitur,
547 3795 598 3879 qui
618 3813 745 3878 superna
767 3794 830 3860 luce
850 3795 995 3880 privatus,
1018 3817 1076 3881 quo
1096 3816 1230 3880 gressum
1244 3796 1341 3876 operis
1355 3795 1456 3861 tendat
1469 3794 1589 3860 omnino
1611 3793 1718 3859 nescit:

173 3917 210 3978 de
220 3913 275 3978 luae
285 3913 417 3979 caecitate
431 3912 629 3993 sacerdotum,
642 3932 693 3996 per
707 3912 883 3979 Malachiam
897 3911 1018 3978 dicitur:
1037 3912 1068 3978 Si
1082 3911 1210 3978 olleratis
1223 3929 1331 3976 caecum
1343 3910 1380 3975 ad
1392 3909 1609 3990 immolandum,
1622 3927 1720 3974 nonne

173 4031 282 4096 rnnlum
302 4031 376 4098 estl

213 4150 262 4213 19.
278 4149 316 4213 Ει
337 4149 367 4211 in
389 4146 494 4212 bonam
515 4156 638 4231 partem,
661 4146 691 4210 in
712 4145 892 4229 Evangelio:
916 4145 947 4210 Si
967 4145 1036 4211 caeci
1058 4145 1171 4224 essetis,
1195 4162 1253 4209 non
1275 4145 1422 4210 haberetis
1443 4152 1605 4228 peecatum.

214 4265 261 4329 36.
279 4266 384 4329 durem
407 4263 566 4329 abscissam
587 4262 687 4341 habet,
708 4263 758 4346 qui
779 4261 975 4328 obedientiam
997 4261 1028 4326 in
1049 4260 1103 4327 Dei
1126 4261 1282 4345 praecptis
1303 4280 1362 4326 non
1382 4259 1510 4326 exbibet.

212 4610 255 4668 13.
275 4613 364 4671 Lavit.
382 4629 444 4684 xm,
463 4611 491 4669 2.
512 4613 589 4670 Pilos
609 4617 640 4670 in
659 4615 726 4670 albo
744 4623 864 4670 mutatos
883 4614 918 4680 A,
974 4613 1123 4690 scriptura,
1138 4611 1237 4668 incidit
1254 4611 1305 4667 hoe
1319 4611 1409 4684 prima
1426 4627 1510 4666 manu
1528 4611 1663 4683 scriplum
1678 4613 1719 4668 Da

173 4703 205 4771 G,
224 4700 317 4770 simul,
339 4717 389 4755 nec
408 4702 462 4756 nisi
482 4701 516 4756 ob
535 4718 600 4771 nxx,
621 4699 752 4774 μεταὸάλῃ
765 4705 849 4760 λευκή.
866 4705 919 4760 Se·
974 4707 1130 4760 vicinitate
1147 4706 1348 4772 membrorum,
1368 4719 1400 4756 ac
1412 4702 1522 4773 pergit:
1536 4706 1569 4757 in
1581 4702 1718 4758 Leuitico.

173 4794 288 4864 quantia
306 4793 335 4844 in
353 4790 424 4846 idam
445 4789 560 4846 Levitici
580 4795 663 4863 caput
681 4790 818 4847 recidunt.
973 4792 1082 4846 Recens
1101 4791 1212 4863 quidam
1231 4789 1376 4844 emandare
1396 4788 1503 4844 studuit
1517 4791 1559 4846 De
1571 4790 1716 4846 debilitate

209 4878 257 4936 23.
276 4882 496 4952 marocenorum
516 4880 547 4935 G.
974 4884 1176 4937 membrorum.
1190 4881 1233 4936 lln
1245 4882 1325 4948 bene,
1339 4879 1508 4935 dubitaverit
1519 4879 1632 4953 aliquis,
1653 4897 1718 4935 sus-

208 4969 254 5025 25.
274 4971 388 5024 Denter.
408 4985 486 5038 axin,
511 4967 553 5024 10.
974 4969 1084 5040 picalus
1096 4969 1142 5023 hic
1154 4967 1242 5024 latere
1256 4967 1368 5023 titulum
1381 4967 1548 5022 Eucheriani
1562 4966 1664 5036 libelli,
1678 4972 1720 5024 De

208 5058 255 5114 26.
274 5059 376 5114 1ειειιι.
396 5075 428 5128 ιι,
440 5055 488 5112 21.
595 5090 599 5098 ‚
974 5062 1107 5115 membris
1126 5061 1302 5127 Divinitatis,
1317 5058 1350 5112 de
1369 5075 1423 5130 quo
1442 5057 1524 5130 plura
1541 5059 1720 5132 disputantuu

209 5149 254 5203 21.
276 5148 364 5203 Lavit.
389 5165 447 5216 xxi,
474 5146 568 5204 17-20.
592 5149 660 5204 Post
685 5151 767 5203 verba
790 5153 920 5223 profusio
975 5151 1004 5203 in
1024 5151 1120 5220 spicil.
1142 5152 1163 5203 t.
1183 5163 1224 5216 111,
1244 5146 1353 5219 proleg.
1373 5166 1401 5220 p.
1422 5165 1479 5204 ιιιιι.

170 5249 367 5309 peccatorum,
387 5237 416 5289 in
435 5237 495 5292 solo
515 5239 546 5304 C,
569 5238 701 5292 continua
722 5237 795 5291 intra
814 5243 919 5293 textum
1009 5237 1055 5296 28.
1075 5237 1195 5294 Malach.
1216 5253 1237 5307 1,
1256 5237 1285 5292 8.
1304 5267 1340 5281 -
1358 5235 1405 5294 29.
1424 5239 1467 5294 1ο.
1488 5254 1526 5308 ιι,
1547 5238 1593 5292 ll.
