4064 6108
305 531 364 599 θύί
979 525 1172 596 OiilGENES

302 683 547 778 ἑνεργουσάντων
569 685 746 777 Αἰγυπτίων
769 683 807 748 τὸ
831 681 956 772 όλεθρον
979 681 1049 774 περὶ
1101 681 1221 748 minium
1249 681 1421 748 invehentur
1441 682 1661 770 AEgyptiomm,
1685 681 1742 748 huo
1761 681 1798 747 de
1818 700 1851 748 te

302 789 338 870 ἧς
354 817 445 884 φησιν
462 797 478 856 ὁ
494 793 667 882 προφήτης,
685 794 734 857 ὅτι
750 785 883 880 ἑπιύύοη
903 791 953 856 ἐπὶ
975 791 1047 868 τοὺς
1100 787 1216 854 dicente
1239 789 1396 871 propheta:
1425 789 1625 857 «Ascendisti
1648 807 1738 873 supet·
1757 805 1850 872 equos

300 905 409 979 ίππους
434 925 500 980 σου,
524 900 578 966 καί
600 907 619 976 ἡ
648 903 779 966 ίππασία
802 925 857 966 σου
881 901 1028 990 σωτηρία.
1102 903 1178 972 tuos,
1197 904 1228 960 et
1248 897 1390 979 equitatio
1412 906 1461 962 tua
1481 897 1610 964 salvatio
1629 907 1716 964 est.»

343 1029 376 1073 v.
400 1011 429 1073 ὅ.
452 1011 561 1094 Πόντῳ
586 1007 737 1099 ἐκάλυψεν
763 1009 881 1086 αύτούς.
1139 1022 1171 1070 v.
1195 1005 1224 1068 ὅ.
1247 1003 1391 1088 luponio
1412 1006 1603 1089 οραυίίεοε.

343 1118 478 1196 Πόντος,
504 1116 613 1204 βαθεία
637 1115 778 1191 θαλάσση
811 1115 865 1181 καί
893 1113 1046 1182 πάντοθεν
1139 1109 1251 1174 Pontus
1267 1120 1314 1175 est
1328 1111 1504 1193 profundum
1517 1129 1599 1177 mute
1611 1121 1642 1178 et
1655 1110 1850 1194 undequaque

299 1223 468 1313 τεταμένη.
1100 1225 1264 1283 extensum.

343 1349 376 1397 v.
401 1333 430 1396 6.
454 1332 488 1396 Ἡ
504 1323 591 1409 δεξιά
607 1355 672 1409 σου,
693 1329 794 1420 Κύριε,
812 1321 999 1408 δεδόξασται
1015 1333 1045 1394 ἐν
1139 1345 1171 1389 v.
1189 1327 1218 1390 6.
1235 1327 1789 1411 Deuterotuu,1)omirte,muqoifiroto
1808 1332 1852 1390 ret

301 1439 400 1529 ἰσχύϊ,
425 1444 444 1514 ἠ
471 1430 557 1516 δεξιά
582 1462 636 1502 σου
659 1437 745 1527 χείρ,
770 1437 876 1527 Κύριε,
900 1435 1045 1526 ἔθραυσεν
1099 1432 1130 1494 t'rt
1149 1433 1333 1514 sordidulum
1358 1435 1476 1502 deutera
1499 1455 1602 1501 martur
1622 1442 1690 1514 ίυο,
1712 1434 1849 1513 Domitor,

301 1545 437 1637 ἐχθρούς.
882 1531 885 1540 ’
1098 1542 1240 1622 percussit
1257 1541 1403 1608 iuiott'roo.

344 1646 453 1730 Διξιίιν
476 1650 530 1715 καί
552 1663 642 1740 χεῖμα
667 1643 746 1716 ίδίκν
771 1646 915 1741 ὀνομάζει
936 1655 952 1716 ὁ
970 1651 1047 1729 Θεὸς
1141 1647 1296 1714 Dexterunt
1315 1659 1346 1716 et
1365 1667 1486 1714 manum
1499 1650 1646 1733 propriam
1660 1657 1749 1714 rorat
1769 1648 1848 1714 Deus

297 1759 352 1824 τὸν
376 1759 457 1826 Υίόν.
481 1758 525 1823 Τδ
550 1749 583 1822 δὲ
605 1755 765 1846 ἔθραυσεν,
790 1757 861 1824 ἀντὶ
883 1768 940 1824 τοῦ
963 1759 1048 1825 συνό-
1100 1755 1218 1821 Filium.
1240 1757 1316 1822 lttud
1342 1769 1440 1825 nutem
1461 1758 1590 1841 rousodt't
1609 1758 1684 1823 idem
1706 1757 1849 1840 estquod

298 1869 424 1943 κλασεν,
450 1864 503 1931 καί
525 1864 629 1942 κενούς
654 1863 840 1957 συνέτριψεν.
1100 1863 1294 1947 ουιιοιιίαινίί,
1316 1875 1347 1931 εί
1365 1867 1404 1932 ad
1425 1867 1548 1932 nihilum
1569 1865 1720 1933 contrivit.

342 1988 374 2033 v.
398 1971 426 2035 8.
444 1971 505 2036 Καί
528 1963 580 2038 διά
602 1973 779 2062 πνεύματος
794 1983 852 2039 τοῦ
868 1972 965 2064 θυμοῦ
990 1999 1045 2040 σου
1139 1989 1172 2036 v.
1196 1972 1226 2036 8.
1249 1973 1291 2038 ut
1308 1976 1342 2038 t'tt
1361 1976 1467 2059 opirt'iu
1480 1977 1590 2058 [morio
1605 1976 1647 2038 tttt'
1659 1974 1771 2040 άίοίεατ
1782 1981 1850 2038 ortui

299 2069 403 2153 διέστη
428 2081 467 2146 τὸ
491 2073 529 2146 ύδ
557 2105 580 2170 ρ.
1101 2096 1204 2162 uquur.

342 2185 440 2262 Καινά,
456 2178 489 2252 δὲ
502 2187 581 2262 αὑτὴ
596 2186 651 2253 θέα
663 2189 797 2282 ἐγένετο·
811 2181 864 2254 δύο
880 2188 940 2282 γάρ
951 2191 1044 2280 τείχη
1139 2187 1255 2255 Novum
1283 2188 1339 2256 hoo
1365 2191 1420 2257 tuit
1446 2192 1661 2276 spectaculum:
1683 2191 1742 2258 duo
1768 2190 1848 2259 enim

297 2295 464 2385 ἐπήγνυτο·
480 2292 510 2359 ἓν
535 2294 589 2385 μὲν
610 2300 645 2361 ἑκ
670 2287 789 2388 δεξιῶν,
806 2295 837 2360 ἒν
862 2288 895 2362 δὲ
917 2291 950 2374 ἐξ
974 2302 1048 2362 εὑω-
1100 2296 1174 2360 muri
1196 2298 1338 2380 compacti
1359 2308 1437 2377 sunt,
1451 2319 1528 2365 uuus
1548 2299 1669 2384 quidem
1688 2315 1707 2363 a
1728 2299 1847 2375 dextris,

299 2400 411 2491 νόμων·
433 2393 514 2493 ύδωρ
537 2403 737 2495 πεπηγμένον
761 2395 863 2482 ύδατι,
886 2402 940 2468 καί
961 2403 1046 2496 λόγῳ
1099 2401 1174 2466 atter
1191 2405 1452 2486 verousinistri53
1468 2405 1549 2470 unda
1562 2404 1652 2470 undae
1665 2404 1801 2484 adhesit,
1817 2414 1848 2471 et

298 2509 517 2600 κρατούμενον,
542 2517 581 2586 ὡς
597 2501 651 2576 δύο
677 2501 832 2584 διαθηκῶν
855 2513 992 2600 τείχεσιν
1016 2517 1048 2577 ὁ-
1098 2508 1191 2574 uerbo
1211 2520 1347 2576 eontenta
1367 2513 1431 2592 fuit,
1455 2513 1538 2595 quasi
1560 2511 1666 2576 similis
1686 2511 1848 2595 perietibus

299 2614 569 2704 μοιούμενον,τούς
582 2616 637 2706 μὲν
649 2619 755 2682 πίστει
766 2609 980 2708 διερχομένους
993 2642 1047 2711 ρυ-
1099 2615 1222 2682 duorum
1243 2619 1506 2701 Testamentum,
1523 2639 1589 2704 quar
1609 2620 1779 2686 cusiodiunt
1797 2635 1848 2684 eos

297 2721 426 2801 λάττσν,
442 2723 604 2801 ἐθέλοντας
616 2726 674 2790 duro
688 2725 782 2815 νόμου
795 2726 849 2791 καί
862 2730 1045 2820 εὐαγγελίου
1099 2742 1165 2788 cum
1184 2724 1243 2790 fide
1263 2724 1533 2809 inierambulauteS,
1549 2727 1627 2792 ultro
1640 2737 1772 2794 seruatos
1792 2727 1848 2792 sub

296 2831 512 2920 τηρουμένους·
533 2833 680 2909 ἀπίστους
700 2824 755 2918 [δὲ]
775 2837 853 2922 ὁρμῇ
871 2841 934 2897 τῶν
958 2837 1046 2898 ἐντο-
1098 2831 1178 2914 Lege
1194 2842 1224 2896 ei
1244 2833 1300 2898 sub
1321 2833 1504 2916 Evangeli03
1528 2835 1660 2901 infideies
1680 2842 1778 2900 autem
1793 2834 1847 2896 im·

296 2940 371 3028 tuo,
396 2943 436 3015 ὡς
460 2932 626 3029 ῥοιζήματι
649 2929 783 3018 ὑδάτων,
806 2934 951 3020 κολάζον.
1099 2949 1170 3020 potu
1181 2949 1402 3023 preceptorum,
1417 2949 1557 3024 tanquam
1568 2941 1681 3008 vortice
1692 2956 1843 3024 eqourum,

1098 3046 1262 3127 castigans.

340 3173 371 3216 v.
395 3154 444 3216 12.
467 3147 638 3232 Ἐξέτεινας
653 3155 713 3229 τὴν
739 3146 842 3234 δεξιάν
866 3178 932 3234 σου,
954 3156 1047 3220 κατέ-

294 3285 363 3328 πιεν
388 3259 498 3338 αὐτούς
522 3273 574 3355 γῆ.
604 3259 666 3327 tot.
688 3261 739 3337 tto,
759 3261 788 3323 1.

335 3366 456 3456 Ὠσπερ
472 3369 531 3433 ὑπὸ
547 3377 604 3433 τοῦ
619 3368 713 3458 πυρὸς
729 3377 787 3444 τῆς
811 3358 969 3456 δυνάμεως
989 3369 1045 3430 αύ-

295 3486 359 3541 τῶν
382 3475 594 3552 ἐκλειπούσης,
618 3473 860 3548 ἐλεπτύνθησαν.

340 3601 373 3647 v.
397 3583 446 3647 tu.
472 3584 554 3649 Τότε
581 3585 733 3649 ἔσπευσαν
763 3583 915 3676 ηγεμόνες
941 3574 1045 3672 Ἐδώμ

295 3688 349 3755 καί
372 3691 520 3780 ἄρχοντες
544 3683 743 3756 uenderent.

232 3823 235 3828 ¹
340 3787 444 3884 Ἐδὼμ.
455 3795 511 3860 καί
524 3795 594 3886 Σείρ
607 3800 623 3860 ὁ
637 3797 731 3862 Ἡσαῦ
748 3791 945 3886 ὀνομάζεται,
959 3800 974 3860 d
987 3805 1044 3862 τοῦ

295 3897 406 3969 Ἰακὼό
419 3903 623 3996 ὁμογάστριος
636 3895 779 3994 ἀδελρδς,
792 3899 826 3983 ἐξ
838 3900 872 3970 ού
885 3904 938 3969 καί
949 3895 1044 3970 Ἰδου-

295 4023 380 4102 μαῖοι
399 4011 602 4106 κατάγονται·
618 4006 782 4078 Μωαύίται
807 4004 841 4078 δὲ
858 4014 918 4078 άπὸ
935 4007 1042 4093 trudi,

293 4129 350 4184 τοῦ
363 4125 429 4184 υίοῦ
441 4119 522 4185 Λώτ.
537 4119 664 4186 Τούτων
678 4125 706 4185 oi
717 4119 869 4214 ἡγεμόνες
881 4120 941 4195 τὴν
953 4126 1044 4212 ὑπερ·

295 4222 485 4308 ασπίζουσαν
501 4238 558 4293 τοῦ
575 4227 700 4318 Ἰσραὴλ
724 4229 847 4320 ἄμαχον
867 4240 957 4321 χεῖρα
980 4254 1043 4320 μοι·

295 4331 411 4411 θόντες,
437 4333 668 4424 συνεοχίθησαν
686 4329 782 4425 ρόύῳ,
799 4335 853 4402 καί
868 4337 973 4427 τρόμῳ
989 4362 1045 4403 πο-

293 4439 509 4530 λιορκηθέντες
525 4433 623 4525 δεινῷ,
641 4440 694 4506 καί
709 4442 963 4534 κατατρύχοντες
981 4443 1041 4520 τὴν

292 4544 405 4639 ψυχήν.
430 4548 473 4614 Τὸ
498 4540 532 4614 δὲ
553 4549 717 4628 ἔσπευσαν,
739 4544 969 4640 ἑθορυόήθησαν
990 4556 1043 4618 ἑκ-

293 4646 455 4721 δεδόκασιν
472 4657 580 4746 ἕτεροι.
596 4655 671 4748 Περί
687 4648 720 4722 δὲ
731 4658 803 4734 τούς
815 4658 942 4749 χρόνους
955 4651 1044 4725 ἀδια-

292 4771 427 4851 ροροῦσα
449 4768 469 4838 ἡ
495 4761 562 4828 θεία
577 4764 693 4856 γραφὴ,
710 4775 753 4840 πῆ
772 4765 827 4854 μὲν
848 4766 1042 4860 ἀπαγγέλλει

292 4873 332 4944 ὡς
348 4860 410 4943 ἤδη
428 4870 624 4962 γεγενημένα
640 4870 682 4937 τά
693 4871 877 4965 πράγματα,
888 4883 930 4960 τῇ
947 4876 1041 4966 προρ-

328 5046 353 5084 ν.
372 5027 401 5098 5,
422 5029 450 5087 6.
469 5032 535 5087 vat.
554 5029 616 5091 754.
637 5033 679 5088 Ad
697 5031 862 5088 Melitonem
881 5033 955 5088 redit
974 5034 1040 5089 Ori·

291 5135 389 5190 gener,
408 5121 437 5173 in
455 5118 573 5176 solemni
593 5121 716 5178 formula
735 5123 812 5178 Οίιιο.
833 5139 853 5190 1,
875 5120 919 5191 to,
938 5141 967 5194 p.
986 5121 1015 5178 7.

324 5225 352 5262 v.
371 5209 399 5266 8.
418 5209 488 5267 ibid.
509 5210 530 5268 f.
550 5208 615 5267 359.
635 5211 666 5266 In
686 5212 742 5266 fine
760 5211 822 5268 uod.
843 5214 999 5275 κολάζοντος.

326 5316 352 5353 ν.
377 5295 420 5354 12.
440 5300 508 5355 tbid.

1137 3170 1170 3217 ν.
1195 3153 1243 3217 tn.
1266 3151 1433 3218 deterruisti
1450 3173 1568 3220 mortum
1587 3160 1678 3236 αισα,
1700 3155 1848 3221 donavit

1098 3277 1146 3323 roo
1166 3267 1256 3326 ίιιτιι.

1138 3370 1217 3434 desi
1232 3369 1309 3452 ignis
1325 3371 1385 3437 uim
1399 3391 1500 3438 eorum
1519 3371 1729 3455 absumpisset,
1744 3370 1774 3436 in
1796 3371 1845 3437 iu-

1099 3497 1178 3542 mum
1199 3489 1396 3545 evanuerunt.

1136 3606 1170 3652 ν.
1194 3588 1244 3652 id.
1268 3585 1345 3654 Tune
1360 3593 1587 3674 properaverunt
1605 3589 1689 3655 duero
1709 3587 1802 3654 Edem
1822 3595 1850 3653 εί

1094 3685 1239 3770 primiore
1258 3686 1359 3752 Moab.

1137 3795 1231 3861 Edoni
1246 3803 1277 3861 et
1291 3795 1355 3862 Seir
1368 3798 1533 3882 appellatur
1545 3799 1635 3878 Esau,
1650 3797 1782 3863 uterinus
1796 3795 1846 3862 Ja-

1096 3900 1162 3966 eobi
1183 3901 1282 3983 irater,
1296 3921 1332 3968 er
1346 3923 1405 3987 quo
1417 3904 1539 3971 Idumaei
1554 3904 1748 3973 descendunt.
1764 3905 1845 3972 una-

1096 4008 1166 4074 bitae
1185 4018 1285 4077 auum
1304 4030 1341 4077 ex
1354 4013 1443 4080 Moab
1458 4014 1517 4079 titio
1531 4013 1597 4079 Lot.
1612 4013 1722 4079 Horum
1742 4012 1844 4091 duces,

1096 4115 1187 4197 probe
1196 4137 1285 4201 quum
1296 4121 1450 4188 novissent
1460 4141 1547 4204 quom
1560 4120 1670 4186 invieta
1681 4137 1786 4184 manus
1796 4137 1844 4183 su-

1095 4243 1146 4308 por
1158 4225 1248 4291 Isroei
1262 4228 1479 4311 extenderetur,
1491 4229 1623 4312 correpti
1635 4229 1716 4296 fuere
1730 4227 1845 4307 timore,

1095 4351 1131 4397 ue
1141 4333 1202 4417 jem
1215 4353 1327 4419 pavore
1340 4354 1422 4401 sevo
1435 4335 1598 4420 expugnati
1616 4336 1800 4420 oonsossique
1814 4334 1845 4399 in

1096 4441 1194 4506 anima
1222 4451 1315 4508 erttnt.
1338 4441 1415 4507 lttud
1434 4461 1507 4510 uero
1529 4448 1771 4528 properaverunt,
1795 4440 1846 4507 eiii

1097 4547 1272 4630 interpretes
1291 4547 1408 4615 edidere
1429 4549 1592 4614 conturbati
1609 4555 1685 4614 αιιιί.
1705 4549 1752 4614 Ad
1775 4557 1847 4616 tem-

1096 4671 1168 4737 pora
1187 4656 1266 4739 quod
1285 4665 1409 4740 spectet,
1431 4657 1600 4724 indifferens
1613 4667 1659 4724 est
1671 4673 1756 4723 suere
1769 4658 1847 4724 Sori-

1095 4771 1192 4844 ptura,
1206 4763 1364 4846 aliquando
1378 4766 1459 4830 enim
1474 4763 1625 4832 renuntiat
1643 4765 1687 4830 uti
1705 4765 1767 4850 jum
1780 4781 1846 4848 per·

1094 4871 1301 4954 acunegotta,
1313 4891 1379 4956 quae
1392 4873 1515 4940 confidit
1525 4873 1588 4940 lieri
1599 4873 1631 4941 in
1642 4873 1718 4940 serie
1735 4883 1845 4958 tempo

1131 5051 1158 5088 ν.
1180 5029 1224 5090 15.
1244 5033 1314 5088 ibid.
1334 5033 1449 5106 Aliquid
1469 5034 1582 5104 riniile,
1601 5035 1649 5090 red
1675 5040 1844 5104 truncatum,

1094 5125 1145 5178 sub
1165 5124 1278 5178 nomine
1293 5125 1424 5196 Nymni,
1437 5125 1592 5181 intruditur·
1602 5125 1633 5180 in
1646 5125 1777 5182 Caunum
1794 5125 1843 5182 Li·

1092 5215 1234 5285 priunsem
1245 5212 1371 5287 001.721,
1380 5215 1408 5270 id
1418 5216 1490 5288 qnod
1499 5216 1534 5269 ab
1545 5216 1680 5287 Gregorio
1693 5220 1749 5271 tam
1759 5214 1843 5288 longe

1093 5304 1278 5376 distorquent
1298 5305 1413 5378 origeni
1427 5305 1461 5359 od
1477 5306 1609 5360 amussim
1629 5305 1700 5360 idem
1719 5308 1841 5377 aptatur.
