4044 6098
293 460 350 522 lto

291 609 446 699 τάσωμεν.
465 613 499 676 '0
515 613 715 686 waverlenses
731 613 866 702 ἀριθμὸς,
884 614 933 676 ὅτι
956 614 1040 678 ἐστίν

292 719 378 808 ἱερὸς,
403 721 435 782 ἐν
461 717 515 806 μὲν
539 719 669 809 ἡμέραις
693 711 789 793 δῆλον
813 723 848 784 ἐκ
863 731 920 796 τῆς
937 719 958 803 1)
982 745 1041 786 πο-

291 824 508 913 λυθρυλλήτου
525 838 753 904 πεντηκοστῆς,
766 827 852 891 λύσιν
870 828 970 892 πύνων
988 831 1041 893 καί

292 932 479 1023 εύρροσύνην
505 933 726 1022 σημαινούσης·
752 926 857 1025 διόπερ
874 927 945 1000 οὐδὲ
968 960 1041 1008 νησ-

290 1040 392 1106 τεύειν
407 1040 527 1106 τούτων
542 1039 565 1123 2)
581 1051 644 1104 τῶν
661 1048 785 1130 ἡμερῶν
802 1043 952 1132 κέκριται,
971 1036 1042 1110 οὐδὲ

289 1150 403 1214 κλίνειν
427 1150 549 1243 γύνατα
563 1149 599 1239 3)·
617 1145 761 1240 σύμύολα
785 1152 844 1244 γάρ
862 1163 964 1218 ταῦτα
988 1177 1041 1241 με·

289 1257 391 1348 γάλης
415 1258 634 1350 πανηγύρεως,
660 1259 866 1348 ἀποκειμένης
898 1265 939 1336 εἰς
964 1262 1040 1348 μέλ-

290 1369 416 1443 λουσαν,
434 1361 475 1430 ὦν
500 1365 572 1431 σκιά
595 1366 679 1432 κατά
701 1368 756 1432 τὸν
780 1365 905 1456 Ἰσραὴλ
928 1364 967 1441 ἦν
991 1370 1041 1433 ἐπί

290 1483 349 1564 γῆς
363 1475 395 1553 4).
410 1471 460 1536 Ἐν
475 1463 509 1538 δέ
521 1477 680 1550 ἐνιαυτοῖς,
693 1477 709 1536 ὁ
723 1473 914 1563 καλούμενος
927 1468 1040 1540 ’tobit

291 1578 365 1669 παρ’
389 1573 549 1671 Ἐύραίοις,
574 1585 590 1644 ὁ
613 1581 829 1658 πεντηκοστὸς
852 1583 991 1659 ἐνιαυτὸς
1005 1583 1038 1664 5),

290 1685 456 1777 τυγχάνων
480 1691 589 1772 πολλῷ
614 1683 736 1778 μείζων,
753 1690 833 1778 έχων
850 1694 881 1755 ἐν
898 1702 962 1766 τοῖς
986 1684 1039 1756 ἑθ-

292 1785 472 1881 δοματικοῒς
505 1786 623 1860 δούλων
654 1796 825 1885 ἐλευθερίας
856 1798 909 1862 καί
939 1808 1038 1888 χρεῶν

292 1900 453 1977 ἀποκοπάς
468 1903 501 1978 ὓ),
526 1900 579 1966 καί
603 1902 663 1967 άπὸ
687 1906 837 1993 γεωργίας
861 1904 914 1968 καί
936 1905 1039 1982 πάσης

292 2011 462 2099 γεωπονίας
479 2010 619 2086 ἀνέσεως·
637 2015 667 2076 ἐν
679 2020 724 2094 τῷ
739 2005 920 2096 Ἰωύηλαίῳ,
936 2013 990 2077 καί
1006 2017 1041 2078 ά-

290 2115 380 2208 γρούς
404 2115 457 2182 καὶ
480 2119 596 2194 οἰκείας
620 2122 655 2183 ἐκ
678 2119 820 2210 πατέρων
848 2119 932 2185 κατά
953 2144 1039 2196 τινας

292 2222 439 2304 βιωτικάς
464 2222 685 2314 άλλοτριώσεις
709 2223 978 2290 ἀποκαθίστασθαι
993 2235 1039 2310 τῷ

290 2329 380 2421 γένει.
405 2331 449 2396 Τύ
474 2331 551 2421 ἱερὸν
575 2323 609 2395 δέ
629 2331 810 2424 εὐαγγέλιον
827 2324 907 2398 οἶδεν
932 2333 1038 2424 ἄροσιν

290 2430 554 2515 πεντηκοντάδος,
570 2437 691 2504 καὶτοῦ
709 2449 874 2531 συγγενοῦς
887 2444 971 2524 αύτῷ
987 2440 1040 2505 καί

290 2543 519 2633 παρακειμένου
529 2542 658 2634 ἀριθμοῦ
671 2557 936 2612 πεντακοσιοστοῢ
949 2545 983 2634 7).
994 2553 1039 2614 Οὺ

291 2649 351 2740 γάρ
377 2650 481 2740 μάτην
506 2651 707 2726 πεντήκοντα
724 2644 875 2744 δηναρίων
893 2655 946 2719 καί
968 2679 1040 2720 πεν-

289 2759 443 2823 τακοσίων
467 2760 573 2848 άρεσις
597 2751 719 2825 δίδοται
734 2761 769 2850 Β).
788 2763 894 2838 Οὕτως
911 2757 962 2826 ούν
986 2764 1039 2827 καί

290 2865 362 2942 τούς
386 2867 508 2955 ὕμνους,
532 2866 604 2943 τούς
629 2874 670 2943 εἰς
694 2869 773 2933 Θεὸν
790 2870 841 2934 ἐπί
864 2868 1037 2961 καθαιρέσει

290 2971 421 3062 ἐχθρῶν,
446 2974 500 3037 καί
524 2975 706 3064 εὐχαριστίᾳ
728 2985 770 3060 τῇ
795 2975 879 3040 κατά
902 2975 958 3052 τάς
982 2985 1038 3041 τοῦ

291 3086 372 3144 Θεοῦ
397 3082 587 3171 εὐεργεσίας,
612 3083 707 3170 ἐχρῆν
730 3082 883 3171 περιέχειν
906 3087 941 3146 οὺ
966 3084 1038 3171 μίαν

289 3178 542 3265 πεντηκοντάδα,
566 3187 650 3252 ἀλλά
672 3199 763 3277 τρεῖς,
789 3195 831 3265 εἰς
854 3189 952 3280 ὄνομα
975 3197 1039 3255 Πα-

289 3296 360 3387 τρδς
383 3296 437 3360 καί
461 3301 532 3362 Υίοῢ
556 3296 609 3361 καί
634 3299 724 3388 ἁγίου
748 3297 928 3386 ΙΙνεύματος
943 3296 975 3385 ⁹).

332 3403 473 3494 Περιέχει
497 3396 531 3468 δέ
554 3410 573 3479 ι)
599 3404 817 3482 πεντηκοστὰς
841 3405 923 3471 ἑπτά
945 3397 1037 3494 ἑβδο-

289 3501 399 3597 μάδας,
413 3511 562 3594 σάββατα
575 3511 755 3596 σαββάτων,
772 3511 826 3575 καί
838 3511 937 3602 ἀρχὴν
955 3512 1038 3601 μετά

287 3617 395 3682 τέλεια
418 3617 575 3702 σάββατα,
599 3618 674 3708 ὑπὲρ
697 3619 739 3684 τά
763 3620 921 3705 σάββατα,
938 3625 969 3685 ἐν
985 3626 1038 3713 ὁγ-

289 3714 378 3786 δοάδι
391 3723 513 3798 άληθῶς
526 3735 634 3801 καινῆς
648 3725 856 3801 ἀναπαύσεως.
869 3727 930 3790 Καί
942 3737 1036 3792 τοῦτο

168 3865 173 3876 ·
287 3829 339 3894 ἐπὶ
358 3839 420 3894 τῶν
436 3828 567 3920 ψαλμῶν
585 3836 601 3895 ὁ
619 3822 787 3921 δυνάμενος
804 3836 950 3925 τηρείτω·
968 3847 1037 3924 μεῖ-

287 3930 340 4015 ζον
364 3935 383 4010 ἢ
408 3937 481 4002 κατ’
505 3935 663 4028 ἄνθρωπον
686 3939 724 4003 τὸ
748 3938 799 4004 ἐπὶ
821 3939 946 4024 πάντων
963 3942 1035 4020 τοὺς

286 4150 414 4216 dirersis
424 4149 721 4234 superscriptionibus
731 4151 888 4232 habentur,
900 4154 1037 4239 antiquo·

286 4257 350 4302 rum
371 4240 502 4304 virorum
530 4239 581 4302 ille
611 4239 729 4304 traditio
749 4250 812 4318 est,
835 4243 913 4325 qupd
941 4261 979 4308 ex
999 4263 1035 4310 eo

287 4328 412 4409 psalmo,
432 4327 517 4408 eujus
536 4335 637 4391 auctor
652 4329 898 4413 superscriptione
914 4349 1034 4416 praepo-

287 4414 384 4494 uitur,
414 4413 465 4497 qui
493 4414 631 4496 deinceps
658 4415 723 4482 siue
750 4426 901 4483 auctorum
926 4439 1035 4505 super-

325 4581 347 4647 Ι)
368 4586 441 4639 titos
460 4587 504 4644 τῆς
531 4583 607 4655 Mag.
627 4585 710 4640 male.
730 4617 764 4628 -
782 4585 806 4652 2)
827 4589 849 4642 ἐν
875 4591 974 4652 ταύταις
994 4593 1032 4650 id.

286 4675 448 4745 prescitos
468 4695 488 4726 τ.
508 4695 532 4732 η.
554 4705 585 4716 -
607 4673 630 4739 3)
651 4675 776 4749 Duplicis
800 4679 958 4736 traditionis
982 4683 1033 4736 Hi-

286 4765 389 4836 larius,
411 4781 504 4837 graeca
522 4772 616 4821 nostra
634 4772 746 4822 secutus
764 4767 867 4840 libere,
887 4773 1032 4827 confirmet

287 4855 363 4911 Prot.
378 4873 405 4910 n.
428 4851 470 4911 12.
490 4859 531 4912 An
553 4859 687 4929 πανήγυρις
704 4863 802 4932 μεγάλη
816 4859 917 4916 alludit
934 4863 968 4917 ad
987 4881 1033 4918 εο-

286 4944 404 5000 ίειιιιιειη
428 4947 499 5017 apud
526 4949 639 5003 Graecos
665 4951 822 5004 coronidem
848 4950 1031 5021 Pentecosten,

284 5036 329 5093 τὴν
342 5035 514 5110 γονυκλισίανί
530 5039 698 5110 δυερίοεθεε
716 5041 894 5110 ταπεινώσεως,
914 5043 961 5096 sed
980 5045 1031 5098 ob·

285 5124 450 5180 stentcodd.
464 5153 498 5166 -
513 5127 535 5190 ⁴)
557 5127 661 5182 Graves
680 5125 786 5184 lecum
806 5130 872 5187 Vel.
893 5130 1032 5202 incipiunt

284 5216 385 5288 quibus
398 5215 540 5288 supplerit
557 5217 674 5273 Barber.
693 5218 785 5274 Etiam
805 5219 939 5274 Οοιειιείε
958 5219 1029 5291 epod

813 459 1011 527 violontttt
1032 458 1321 528 euonuootlnltn

1094 619 1269 676 scrutemur.
1298 609 1459 676 Numerum
1485 611 1763 694 quinquagesimum
1789 632 1845 680 sa-

1094 734 1176 781 crum
1196 716 1309 798 baberi,
1325 727 1468 800 quantum
1484 716 1603 800 quidem
1617 719 1656 783 ad
1670 719 1743 798 dies,
1762 730 1843 804 patet

1093 839 1130 886 eu
1144 823 1320 904 famigerato
1334 822 1516 904 Pentecoste,
1529 843 1596 908 quae
1608 824 1695 890 linem
1710 827 1843 892 laborum

1094 941 1125 996 et
1139 930 1274 995 laetitiam
1288 939 1459 1014 auguratum
1476 932 1613 1015 quocirca
1627 933 1777 999 decretum
1798 944 1846 1000 est

1070 1129 1073 1136 ,
1094 1057 1190 1122 ueque
1204 1037 1280 1104 iutra
1302 1037 1356 1103 lros
1377 1038 1440 1104 dies
1458 1039 1603 1122 ieiunare,
1616 1058 1711 1123 neque
1727 1040 1845 1107 flectere

1094 1163 1203 1229 geuua;
1219 1146 1283 1212 bae
1303 1148 1382 1212 enirn
1394 1147 1482 1230 sigua
1496 1155 1566 1212 suut
1579 1165 1701 1212 summa
1721 1147 1846 1213 celebri-

1096 1253 1177 1333 tatis,
1194 1255 1223 1319 iu
1239 1254 1367 1320 loturum
1382 1263 1555 1333 reservatae,
1566 1256 1649 1339 cujus
1660 1256 1765 1321 umbra
1779 1265 1845 1322 arat

1094 1361 1174 1445 apud
1196 1369 1343 1427 terrenum
1357 1361 1458 1427 lsrael.
1475 1364 1627 1443 Quantum
1645 1382 1719 1430 vero
1732 1364 1771 1428 ad
1791 1379 1845 1428 au-

1093 1485 1159 1546 nos,
1176 1467 1277 1547 cyclus
1290 1469 1505 1553 quinquaginta
1520 1487 1675 1550 annorum,
1691 1470 1741 1554 qui
1756 1486 1845 1535 roca·

1095 1574 1183 1639 batur
1196 1573 1279 1639 lobel
1290 1575 1368 1656 opud
1382 1575 1535 1654 Hebraeos,
1550 1576 1642 1641 multo
1657 1576 1844 1658 praestautior

1093 1693 1167 1763 erat,
1188 1701 1290 1766 quom,
1305 1683 1446 1749 revolutis
1466 1682 1712 1762 hebdomadibus,
1727 1683 1844 1750 adesset

1093 1810 1246 1858 serrorum
1257 1792 1403 1872 liberatio,
1417 1794 1542 1857 cessatio
1553 1791 1728 1872 debitorum,
1742 1794 1842 1856 remis·

1093 1900 1138 1962 sio
1149 1898 1337 1980 agriculturae
1348 1908 1379 1963 et
1390 1901 1599 1981 cujuscumque
1609 1898 1708 1964 rustici
1719 1897 1840 1978 laboris,

1093 2004 1182 2071 immo
1198 2005 1229 2071 iu
1244 2006 1300 2070 boc
1309 2005 1440 2088 jubilaeo,
1455 2005 1590 2071 solebant
1603 2005 1666 2089 agri
1687 2015 1718 2072 et
1738 2006 1841 2072 domus

1094 2132 1111 2180 a
1132 2114 1266 2198 patribus
1280 2123 1408 2197 recepta,
1425 2124 1493 2198 post
1512 2115 1667 2181 nonnullas
1687 2117 1761 2180 ritae
1779 2133 1843 2180 mu-

1094 2222 1231 2300 tationes,
1242 2225 1345 2305 generi
1356 2223 1483 2289 restitui.
1497 2224 1618 2289 Sacrum
1628 2242 1700 2290 vero
1711 2242 1842 2306 evauge-

1092 2327 1165 2393 lium
1179 2330 1264 2395 nouit
1278 2330 1522 2397 condonationem
1544 2332 1574 2396 iu
1594 2331 1840 2417 quiuquagesimo

1094 2455 1214 2502 numero
1228 2448 1260 2503 et
1279 2437 1524 2520 quingentesimo,
1541 2438 1672 2521 quicum
1690 2442 1841 2522 superiore

1093 2545 1227 2626 geruinus
1246 2554 1278 2608 et
1297 2545 1446 2628 proximus
1460 2555 1516 2610 est.
1532 2545 1615 2609 llaud
1630 2545 1710 2610 euim
1731 2545 1839 2610 trustra

1093 2650 1226 2714 remissio
1247 2651 1466 2735 quinquaginta
1492 2649 1677 2717 denariorum
1698 2659 1729 2716 et
1748 2649 1840 2733 quin-

1092 2762 1249 2838 gentorum
1269 2759 1452 2841 proponitur.
1476 2757 1591 2825 Similes
1619 2775 1690 2840 ergo
1710 2757 1840 2842 oportuit

1092 2873 1123 2930 et
1143 2865 1197 2929 bos
1218 2865 1342 2949 hymnos
1357 2865 1417 2930 Deo
1432 2865 1555 2945 dicatos,
1573 2883 1626 2948 pro
1645 2864 1752 2931 deletis
1773 2863 1840 2929 bos

1095 2969 1185 3050 tibus,
1202 2979 1232 3036 et
1244 2969 1282 3034 ad
1304 2971 1416 3053 gratias
1430 2970 1562 3052 agendas
1582 2979 1702 3054 propter
1722 2979 1838 3053 recepta

1090 3096 1108 3143 a
1129 3078 1192 3145 Deo
1213 3079 1365 3156 beneficia,
1379 3080 1530 3145 continere
1543 3097 1602 3144 non
1617 3088 1730 3144 tautum
1750 3094 1844 3142 uuam·

1091 3186 1344 3270 quinquagenam,
1360 3186 1412 3252 sed
1426 3195 1485 3252 tres
1505 3186 1536 3250 in
1557 3185 1674 3252 nomine
1693 3185 1788 3250 Patris
1810 3193 1840 3250 et

1091 3291 1157 3356 Filii
1178 3302 1209 3358 et
1229 3292 1323 3358 sancti
1345 3293 1482 3375 Spiritus.

1131 3400 1341 3484 complectitur
1354 3419 1427 3482 uero
1442 3399 1614 3467 Pentecoste
1634 3410 1746 3483 septem
1767 3399 1839 3466 beb-

1091 3507 1243 3588 domadas,
1258 3507 1383 3573 subbata
1401 3507 1600 3586 sabbatorum,
1617 3518 1647 3573 et
1668 3517 1734 3590 post
1754 3507 1838 3572 abso-

1091 3615 1152 3680 luta
1163 3614 1298 3695 sabbeta,
1316 3615 1431 3679 initium
1446 3614 1523 3679 ultra
1537 3614 1673 3694 sabbata,
1689 3615 1720 3678 iu
1732 3623 1836 3679 cetura

1090 3737 1157 3803 quae
1170 3738 1242 3785 rere
1256 3729 1302 3786 est
1316 3739 1401 3786 norae
1414 3721 1532 3803 quietis.
1549 3721 1624 3785 Etsi
1640 3720 1707 3804 quis
1728 3707 1836 3804 p'otest,

1090 3828 1121 3894 id
1140 3835 1256 3912 quoque
1276 3829 1414 3895 observet
1435 3830 1465 3894 iu
1486 3829 1617 3914 psalmis.
1641 3829 1699 3894 Sed
1723 3829 1839 3894 excedit

1090 3933 1240 4001 bominum
1254 3937 1420 4003 facultatem
1435 3938 1571 4003 iuvenire
1585 3937 1712 4002 rationes
1727 3937 1758 4002 in
1773 3937 1838 4022 qui·

1087 4156 1245 4240 scriptione
1264 4155 1443 4233 succedunt,
1465 4155 1529 4238 ejus
1556 4173 1623 4223 esse
1647 4155 1835 4221 existimandi

1088 4256 1168 4326 suut,
1183 4246 1234 4330 qui
1249 4246 1406 4312 anterioris
1419 4245 1524 4329 psalmi
1539 4255 1640 4311 auewr
1655 4245 1833 4327 inscribitur,

1088 4336 1223 4420 usquein
1237 4354 1303 4401 eum
1319 4335 1462 4418 psalmum
1476 4333 1507 4398 in
1521 4352 1580 4418 quo
1594 4352 1700 4402 nomeu
1714 4335 1834 4402 alteriue

1087 4428 1213 4493 auctoris
1233 4427 1415 4512 praeleretur.

1087 4597 1165 4670 Mag.
1185 4597 1288 4653 deficit:
1308 4594 1367 4650 'Est
1380 4600 1425 4668 γῆς
1439 4597 1545 4655 ἐνιαυτὸς
1565 4597 1576 4648 ὁ
1596 4601 1652 4648 καλ
1673 4595 1837 4668 interposita

1087 4687 1258 4741 exciderunt.
1279 4715 1311 4728 -
1327 4685 1350 4750 5)
1372 4687 1465 4755 ἀριθμῷ
1482 4685 1589 4746 ἐνιαυτύς
1608 4688 1726 4758 τυγχάνει
1744 4688 1835 4739 δούλων

1086 4775 1125 4828 id.
1146 4776 1248 4828 ilerum
1260 4772 1386 4829 mutilus.
1400 4803 1435 4816 ·-
1448 4773 1471 4839 ὅ)
1493 4778 1624 4834 ἀποκοπάς
1637 4780 1680 4826 καί
1693 4775 1716 4826 εί
1726 4794 1751 4826 τι
1764 4777 1835 4840 ἄλλο,

1086 4880 1136 4918 uec
1155 4861 1236 4934 plura
1254 4864 1292 4919 id.
1313 4863 1487 4934 usqueadeo
1509 4864 1576 4935 ἱερόν.
1593 4864 1659 4919 Mox
1672 4863 1693 4919 l.
1707 4863 1763 4934 leg.
1782 4865 1836 4914 lsa-

1086 4973 1131 5005 σεν.
1145 4983 1180 4996 -
1192 4951 1216 5019 7)
1236 4957 1427 5014 πεντηκοσιοίδος
1447 4957 1653 5010 πενιηκοσιοστοῦ
1667 4957 1708 5009 sic
1720 4954 1834 5007 Boeben.

1085 5072 1120 5084 -
1133 5044 1157 5107 8)
1178 5041 1244 5098 Luc.
1265 5057 1326 5110 xru,
1346 5041 1398 5110 413
1418 5058 1474 5113 xvr,
1492 5041 1528 5097 bl
1548 5073 1581 5084 -
1603 5044 1627 5108 l)
1648 5042 1700 5097 Hie
1719 5042 1833 5098 Barber.

1086 5129 1169 5186 telem
1188 5131 1339 5204 abrumpit,
1352 5131 1407 5185 nisi
1421 5130 1493 5202 quod
1506 5129 1603 5187 multia
1615 5131 1736 5202 omissis,
1745 5147 1835 5204 peuce

1085 5219 1186 5275 subdet
1203 5237 1265 5292 quae
1285 5219 1361 5274 inire
1379 5225 1521 5276 sonetur.
