3998 6080
715 528 841 594 uonux
862 528 1198 600 curuouourruos
1521 505 1525 514 ’
1670 543 1729 608 rru

221 682 269 746 66.
285 680 440 766 Memphis,
454 682 605 750 luteritus.
621 683 656 749 in
670 685 762 750 Osee:
777 687 924 769 AEgyptus
939 688 1133 770 congregabit
1146 707 1206 766 eos,
1220 697 1250 755 et
1264 687 1411 772 Memphis
1425 689 1548 772 sepeliet
1560 709 1620 756 eos.

219 803 268 867 66.
283 799 384 866 Panis.
400 802 434 867 ln
449 801 552 868 Esaia:
568 801 655 867 Stulti
672 803 819 888 principes
833 804 958 869 Peneus.

218 922 267 986 57.
282 921 411 1006 Phyton,
430 923 470 986 Os
490 921 667 1004 defectionis.
690 921 725 987 ln
745 921 861 989 Exodo:
883 924 921 989 itt
940 923 1164 990 edificaverunt
1185 923 1323 992 civitates
1343 924 1500 1006 Pharaoni,
1519 925 1646 1010 Phyton,
1667 929 1726 996 Ra-

175 1061 284 1120 masse,
298 1049 329 1106 et
342 1040 444 1121 Saron,
461 1040 491 1106 id
505 1049 551 1106 est
563 1039 734 1124 Heliopolis.

217 1161 268 1226 58.
282 1160 437 1237 humasse,
453 1158 708 1235 Omocstioliruue,
723 1155 873 1241 Eliopolis,
887 1156 993 1223 civitas
1006 1158 1087 1236 solis,
1102 1158 1150 1223 ubi
1165 1168 1195 1224 ει
1209 1175 1308 1244 supra.

217 1283 266 1346 69.
283 1281 359 1346 item
371 1281 525 1361 Ramassc,
542 1280 682 1343 Comesllo
698 1278 801 1356 hoece,
813 1275 845 1344 ic
864 1285 910 1344 cst
930 1274 1080 1359 cupiditas
1093 1277 1207 1343 mundi.
1224 1277 1259 1342 ln
1273 1277 1375 1344 Exodo
1389 1279 1427 1343 Et
1440 1279 1552 1362 egressi
1568 1279 1623 1346 iiiii
1633 1281 1724 1351 lsrael

175 1400 214 1468 6ε
226 1401 367 1466 Ιίειιιεεεε
379 1407 524 1466 venerunt
539 1399 569 1463 in
581 1399 695 1465 Socout

217 1521 266 1585 69.
284 1520 398 1600 Soccot,
416 1519 619 1594 Tohmoocolc,
636 1517 665 1583 id
679 1525 724 1582 εει
737 1521 902 1582 contemtus
916 1514 1030 1596 muudi,
1046 1523 1077 1581 et
1090 1513 1239 1599 expeditio
1253 1514 1284 1581 in
1299 1515 1351 1582 via
1366 1514 1430 1582 Dei.
1448 1515 1482 1582 ln
1495 1517 1605 1584 Exodo.

216 1639 264 1704 61.
281 1638 367 1718 Otun,
385 1637 490 1720 Signo,
506 1635 536 1700 id
551 1644 598 1701 εει
611 1635 679 1700 fidei
694 1635 743 1700 vei
757 1633 913 1701 virtutum.

218 1758 266 1821 69.
283 1754 455 1838 aphricum,
471 1753 606 1820 Ascra-rio
620 1757 759 1832 tortuoso,
775 1753 805 1818 id
819 1763 867 1820 est
880 1753 1036 1820 difficultas
1051 1753 1081 1818 in
1096 1771 1196 1838 opere,
1212 1753 1278 1819 sive
1291 1755 1428 1835 angustia
1443 1753 1474 1819 in
1488 1754 1539 1820 via
1553 1754 1619 1820 Dei.

217 1875 266 1940 63.
283 1873 463 1956 Magdaium,
484 1871 596 1953 Turris,
612 1889 732 1955 operum
746 1871 903 1954 protectus,
915 1873 995 1938 sicut
1009 1880 1054 1938 cst
1067 1871 1140 1937 illud
1154 1871 1185 1936 in
1195 1871 1376 1955 Evangelio:
1393 1872 1468 1952 Quis
1478 1891 1514 1938 er
1525 1871 1610 1938 vobis
1621 1873 1725 1940 volens

180 1992 282 2057 turrim
297 1989 468 2055 mdiiicare‘l
940 2047 952 2068 ,

219 2107 267 2171 61.
284 2105 458 2190 Beisephon,
480 2105 620 2172 Accensio
639 2105 779 2188 speculae.
802 2108 950 2171 Ascensus
964 2105 1054 2185 anim,
1069 2105 1190 2172 adactus
1204 2104 1341 2190 speculae,
1361 2106 1491 2189 pertinet
1510 2105 1549 2172 ad
1569 2105 1667 2174 iidem.
1689 2108 1725 2174 ln

179 2224 289 2290 Exodo.

218 2341 267 2406 66.
285 2340 390 2419 Mirra,
406 2339 589 2420 Ammituulo,
606 2339 635 2404 id
649 2348 696 2405 est
708 2339 795 2421 Legis
808 2337 917 2404 littera.
933 2337 969 2403 ln
982 2339 1099 2404 Exodo:
1116 2337 1267 2406 Venerunt
1281 2339 1334 2404 iiiii
1348 2339 1438 2407 lsrael
1453 2339 1483 2405 in
1498 2340 1601 2420 hiirra,
1616 2351 1646 2407 et
1664 2360 1724 2408 non

178 2464 315 2539 poterant
331 2455 430 2520 bibere
444 2473 551 2538 aquam
565 2454 602 2520 de
614 2453 719 2532 Mirra,
734 2455 802 2538 quia
817 2471 916 2520 amara
929 2463 1003 2520 erat.

218 2573 266 2635 66.
282 2571 372 2653 Elim,
388 2572 507 2652 trous,
526 2572 626 2636 iurtcs.
642 2569 676 2635 in
691 2569 807 2634 Exodo:
826 2569 863 2634 lit
879 2579 1024 2634 venerunt
1046 2570 1076 2634 in
1091 2569 1180 2651 lilim,
1195 2571 1226 2637 id
1239 2581 1285 2637 est
1297 2571 1352 2637 iiiii
1367 2573 1469 2652 lsrael,
1485 2573 1533 2639 ubi
1548 2583 1634 2640 crant
1647 2574 1725 2640 duo-

175 2673 267 2756 decim
285 2692 326 2775 [p.
342 2691 412 2772 999]
429 2690 533 2768 tontes,
549 2689 580 2754 id
594 2697 641 2753 εει
650 2688 849 2773 apostolorum
863 2685 1008 2752 doctrina.

221 2807 269 2871 67.
286 2807 360 2890 Svn,
377 2806 513 2870 Tertullo.
528 2805 563 2870 in
577 2806 693 2870 Exodo:
710 2807 748 2870 Et
762 2812 909 2869 venerunt
924 2805 955 2867 in
969 2802 1113 2868 desertum
1130 2801 1193 2867 Sin.

217 2923 265 2987 68.
282 2921 453 3006 liaphpdin,
473 2923 591 2989 Varum
598 2923 717 3006 judicii,
730 2925 780 3007 qui
793 2923 873 2986 enirn
884 2919 1043 2988 hencexiit
1054 2919 1090 2985 de
1101 2919 1274 2998 tentatione,
1285 2937 1406 3012 securus
1417 2921 1502 2986 venit
1515 2922 1552 2987 ad
1565 2922 1722 3006 judicium,

174 3026 268 3104 ubi'et
281 3056 380 3122 supra.

215 3161 263 3224 69.
279 3159 375 3237 Sinai,
391 3147 543 3238 Mensura,
558 3159 624 3224 sive
638 3156 825 3236 Mandalum,
839 3157 905 3221 sive
923 3154 1061 3234 Tantalio,
1077 3153 1126 3219 vel
1141 3153 1276 3219 Tumulus
1288 3161 1473 3221 mmtuorcm.

214 3275 261 3338 79.
280 3273 411 3339 Madian.
428 3273 461 3337 in
476 3272 604 3356 pmimo:
622 3271 719 3336 Pacci
733 3272 811 3336 sicut
824 3270 945 3338 Madian
958 3279 989 3335 et
1005 3271 1125 3349 Sisara,
1141 3279 1171 3336 ει
1184 3273 1262 3336 sicut
1275 3271 1365 3336 labin
1380 3271 1410 3336 in
1425 3281 1553 3338 torrenta
1566 3273 1665 3339 Cison.

215 3391 263 3454 71.
281 3389 375 3478 Vallis
389 3389 504 3468 Gerari,
520 3389 666 3467 Macerio,
687 3389 735 3456 vel
758 3389 859 3471 Sepes,
882 3404 1013 3471 praesens
1033 3387 1221 3453 mundus.1n
1242 3388 1368 3454 Genesi:
1385 3387 1474 3458 Venit
1491 3389 1572 3455 enim
1585 3390 1669 3454 isaac
1690 3393 1722 3455 in

175 3506 282 3572 vallem
296 3507 424 3572 Geraris.

216 3623 264 3686 79.
281 3621 428 3699 Samaria,
444 3621 523 3704 quod
536 3628 582 3686 est
597 3621 748 3699 Custodia,
762 3619 965 3685 haereticorum
986 3619 1190 3686 conciliabula.
1206 3621 1241 3685 ln
1254 3621 1346 3686 Osee:
1361 3621 1466 3686 Pereat
1483 3622 1627 3703 Samaria,
1642 3643 1721 3708 quu-

163 3739 253 3804 niam
266 3740 304 3805 ad
319 3739 546 3805 amaritudinum
560 3739 722 3804 concitavit
736 3739 891 3804 Dominum
907 3757 1010 3820 suum;
1028 3738 1126 3818 gladio
1141 3748 1259 3822 percat:
1276 3740 1392 3822 parvuli
1408 3740 1588 3821 [eii]dantur.

213 3854 261 3918 73.
280 3853 424 3932 Samaria,
441 3855 524 3936 plebs
537 3853 706 3918 tainorum
722 3852 866 3920 idolatrie
880 3854 972 3919 cultui
992 3854 1154 3920 dedita-ln
1176 3853 1315 3920 Michaea:
1332 3853 1444 3922 Ponam
1457 3856 1621 3922 Samarium
1635 3861 1721 3942 quasi

173 3987 310 4033 acervum
322 3969 461 4053 lapidum
477 3971 507 4033 iu
523 3988 639 4052 agrum,
654 3988 721 4040 curn
735 3969 887 4051 plantatur
898 3973 999 4048 vinea,
1011 3979 1042 4034 ει
1055 3970 1208 4037 detraham
1222 3973 1253 4037 in
1268 3972 1347 4038 valle
1360 3972 1474 4057 lapides
1488 3976 1563 4058 ejus.

206 4079 263 4149 71.
281 4084 424 4163 sichima,
440 4085 599 4164 Humerum,
615 4086 647 4152 id
661 4095 707 4151 est
721 4089 864 4170 operatio.
882 4087 916 4152 1n
931 4087 1059 4174 psalmo:
1074 4087 1220 4167 Laetabur,
1233 4099 1265 4154 et
1277 4089 1412 4155 dividam
1427 4089 1599 4157 Sichinram.

212 4199 260 4263 76.
278 4199 402 4278 Dotain,
417 4201 566 4283 vessarim
581 4201 623 4264 ihi
638 4201 718 4265 eninr
732 4199 888 4268 deficiente
900 4203 1069 4284 dilectione,
1085 4205 1138 4269 iiiii
1152 4206 1243 4271 Jacob
1264 4207 1302 4272 da
1315 4215 1408 4272 morte
1421 4206 1529 4291 loseph
1550 4211 1652 4273 fratris
1673 4211 1720 4274 sui

174 4327 386 4382 tractaverunt.

212 4434 261 4497 76.
278 4435 361 4512 isia,
377 4433 510 4514 Elocuta,
528 4433 593 4498 sive
608 4432 760 4512 Gaudium,
777 4436 808 4500 id
822 4443 869 4499 est
882 4435 1012 4501 Ecclesia
1028 4436 1066 4502 ud
1087 4453 1212 4520 superna
1227 4439 1374 4504 viritutum
1394 4437 1535 4520 madibus
1551 4439 1717 4522 proficiens.

169 4549 204 4614 ln
219 4551 414 4636 Apocalypsi:
431 4551 561 4616 loannes
576 4553 617 4633 [p.
638 4553 706 4631 993]
723 4563 836 4636 septem
850 4553 992 4630 ecclesiis,
1007 4571 1073 4636 quae
1086 4564 1155 4619 sunt
1168 4553 1200 4618 in
1213 4555 1294 4618 Asia.

204 4765 250 4820 55.
266 4769 335 4822 Osee
350 4783 388 4834 rx,
403 4767 430 4820 6.
445 4796 480 4808 -
490 4766 537 4821 56.
557 4767 593 4822 1ε.
614 4783 672 4838 xix,
696 4765 738 4837 lt,
761 4767 803 4823 13.
817 4799 853 4810 —
870 4767 915 4824 57.
972 4773 999 4823 to
1010 4770 1119 4840 vSr'na,
1134 4770 1213 4838 Sitis,
1227 4767 1281 4824 eol.
1301 4766 1380 4823 1193.
1399 4768 1530 4824 Lexicurn
1545 4772 1635 4824 autam
1649 4770 1721 4842 quod

169 4855 258 4910 Exod.
278 4871 298 4922 r,
321 4853 364 4912 11.
378 4885 413 4896 -
424 4853 469 4910 58.
492 4858 641 4913 Commctio
663 4861 755 4913 tineae
775 4858 794 4911 G
812 4859 865 4912 bis.
879 4888 916 4900 -
972 4857 1721 4932 Origenisdicitur,habehcol.124leipa,Eleoctic

167 4943 214 5013 59,
234 4945 321 5000 Exud.
341 4962 372 5014 11,
391 4943 437 4998 37.
457 4973 492 4987 -
509 4944 556 5000 63.
578 4945 643 5000 Luc.
666 4961 729 5014 ιιι,
748 4946 794 5001 28.
815 4977 850 4990 -
867 4947 912 5003 64.
969 4951 1196 5018 sempiternarum
1210 4950 1288 5014 Sitis,
1310 4949 1506 5018 Praeceptum.
1527 4949 1594 5012 Quis
1615 4964 1665 5002 nos
1684 4947 1720 5000 ad

169 5035 208 5088 aot
219 5045 298 5088 actus
314 5035 429 5104 specula
442 5035 472 5088 0.
485 5063 519 5076 ·-
533 5033 578 5090 65.
599 5035 686 5090 Exud.
701 5051 747 5106 xv,
761 5035 806 5090 23.
822 5068 855 5078 -
867 5037 913 5092 66.
970 5039 1019 5092 has
1036 5039 1120 5092 tricas
1136 5042 1185 5092 aut
1198 5039 1299 5092 incitas
1311 5038 1422 5108 adiget?
1435 5068 1471 5082 -
1484 5037 1531 5093 70.
1547 5038 1593 5092 Ρε.
1608 5053 1717 5104 nxxxrr,

168 5123 207 5178 lb.
221 5139 269 5191 xv,
287 5120 332 5178 27.
346 5152 381 5167 -·
394 5123 439 5178 68.
459 5125 498 5180 lb.
519 5141 607 5192 xxurr,
629 5123 653 5179 1.
672 5156 707 5166 -
726 5125 771 5180 69.
789 5129 866 5182 Sinai
885 5130 914 5181 in
971 5123 1013 5182 10.
1033 5157 1068 5168 -
1085 5124 1131 5180 71.
1153 5127 1222 5180 Gen.
1242 5142 1323 5194 xxvi,
1336 5127 1364 5181 6.
1379 5129 1463 5182 uallis
1478 5128 1620 5184 Gerarum
1634 5129 1664 5183 G·
1680 5153 1716 5166 -

168 5211 326 5282 fragmento
351 5229 379 5269 vv
402 5212 586 5282 vallarsiano,
606 5215 711 5269 Patroi.
734 5213 813 5283 1183,
828 5209 913 5269 inter-
969 5216 1048 5286 Sepia
1068 5212 1200 5268 c.-72.
1221 5215 1291 5267 Osca
1304 5230 1362 5284 ειν,
1385 5214 1409 5270 1.
1423 5215 1515 5270 -73,
1536 5216 1623 5271 Mich.
1646 5233 1666 5284 r,
1686 5214 1714 5268 6.

166 5307 296 5375 pretatur
307 5303 384 5358 Pisto
392 5309 561 5375 smpiternam
568 5303 609 5358 vel
620 5306 732 5371 Odium,
741 5305 770 5358 in
779 5305 915 5375 fragmen·
967 5335 1003 5347 -
1020 5304 1065 5360 74.
1080 5305 1127 5360 Ρε.
1142 5320 1196 5375 nux,
1207 5305 1234 5360 8.
1246 5334 1282 5346 -
1290 5303 1335 5362 76.
1348 5309 1435 5379 Apoc.
1447 5307 1510 5377 1,4;
1522 5307 1601 5362 Cant.
1613 5321 1652 5375 rv,
1669 5303 1713 5359 15.
