4044 6098
282 496 340 562 888
957 495 1149 566 umorum

281 655 376 730 ἐστιν,
399 651 471 724 ἤτοι
493 650 532 715 τὸ
555 647 639 715 κατοί
663 639 847 736 συνείδησιν,
871 648 890 722 ἢ
916 649 969 714 καί
991 650 1029 715 τὸ
1084 651 1135 736 qni
1156 669 1216 717 non
1229 651 1383 734 comburit,
1407 654 1546 721 nimirum
1560 659 1760 739 conscientiae,
1781 662 1830 725 vni

281 761 483 849 ἀποκείμενον
507 763 626 834 ἐντοῖς
658 758 822 846 μέλλουσιν
856 749 1030 832 δικαιωτη-
1084 757 1160 824 alitus
1183 761 1235 844 qui
1255 773 1422 830 reservetur
1448 763 1479 829 in
1506 765 1610 831 tuturis
1634 766 1763 851 judiciis.
1790 772 1833 834 Ac

283 870 363 959 ρίσις.
387 868 448 933 Καὶ
471 872 512 943 ὡς
537 867 596 933 ὑπὸ
619 867 723 958 πυρὸς,
740 866 845 957 φησίν,
870 865 1026 940 &vetuti-
1086 867 1180 934 vetuti
1199 886 1252 952 per
1268 867 1377 950 ignem,
1394 870 1448 952 nit,
1464 871 1596 939 funditus
1608 873 1783 957 destruetur,
1801 884 1833 940 ut

281 1002 382 1055 σεται,
407 978 458 1041 ἵνα
482 977 563 1064 εἴπῃ·
587 967 668 1042 Οὐδὲ
690 987 793 1066 ταφῆς
818 970 967 1054 ἀξιοῦται.
1085 975 1179 1042 dicut:
1193 996 1287 1061 noque
1301 979 1390 1044 ctiam
1405 978 1517 1045 tumulo
1531 980 1639 1063 dignus
1652 983 1829 1048 censebitur.

324 1083 382 1150 κθ’.
394 1086 479 1158 Αὕτη
494 1090 513 1159 η
529 1084 613 1173 μερίς
629 1083 789 1175 ἀνθρώπου
804 1077 932 1161 &osteor
947 1083 1031 1173 παρὰ
1124 1102 1156 1147 v.
1180 1085 1230 1148 88.
1253 1083 1336 1149 Haeo
1347 1091 1388 1149 est
1399 1105 1472 1168 pars
1486 1087 1605 1152 inminui
1618 1089 1703 1172 impii
1723 1110 1743 1156 a
1765 1090 1832 1153 Do-

280 1191 472 1284 Κυρίου,καί
494 1203 604 1281 κτῆμα
627 1192 830 1282 ὑπαρχόντων
847 1197 932 1275 αὐτῷ
947 1191 1032 1282 παρὰ
1084 1191 1171 1272 utinm
1194 1199 1223 1256 et
1239 1195 1378 1276 possessio
1399 1194 1535 1260 bonorum
1561 1197 1625 1278 rjus
1652 1216 1672 1259 o
1695 1198 1833 1279 superui-

279 1311 336 1367 τοῦ
360 1299 537 1366 ἐπισκόπου.
568 1298 629 1362 Vae.
655 1297 726 1362 ibid.
1085 1296 1205 1380 pilonio.

322 1405 398 1472 Καθ’
416 1407 454 1482 ἣν
471 1413 491 1482 ἡ
509 1405 576 1472 θεία
592 1405 662 1471 κατ’
680 1410 777 1471 αὑτοῦ
793 1415 925 1471 κινεῖται
949 1396 1032 1477 δίκη·
1126 1405 1247 1489 Propter
1265 1407 1341 1473 trnnc
1361 1416 1473 1491 purtem
1486 1409 1628 1476 aduersus
1648 1428 1714 1475 eum
1728 1411 1832 1476 divina

281 1517 346 1580 εἴτε
368 1524 425 1580 τοῦ
441 1519 476 1580 ἐκ
491 1524 662 1605 περιτομῆς
679 1506 731 1578 διὰ
747 1513 877 1602 Χριστὸν
895 1519 936 1588 εἰς
954 1513 1032 1578 Θεὸν
1086 1511 1217 1578 vindicte
1232 1523 1379 1596 moretur,
1391 1517 1458 1582 sire
1473 1516 1603 1584 incritor
1614 1517 1833 1584 circumcisione

281 1617 507 1714 ἀσεόήσαντος,
524 1624 588 1688 εἰπε
603 1631 660 1688 τοῦ
672 1613 860 1713 παραδόξου,
879 1620 933 1687 εἴθ’
952 1623 1032 1698 ὅπως
1086 1621 1336 1688 adversariorum
1351 1624 1388 1689 oh
1402 1623 1550 1690 Christum
1565 1625 1656 1709 impie
1675 1626 1831 1704 rebellans,

280 1733 358 1800 ποτὲ
381 1725 527 1812 ἀσεόοῦς,
548 1737 633 1816 αὐτῷ
658 1733 740 1823 μερίς
765 1736 848 1797 ἐστιν
871 1737 892 1806 η
918 1721 1034 1804 δηλου-
1086 1729 1152 1796 sive
1165 1730 1325 1811 insaniens,
1339 1741 1391 1796 aut
1406 1731 1463 1798 etio
1481 1751 1665 1817 quocumque
1677 1733 1763 1800 modo
1778 1734 1833 1798 inn-

282 1842 369 1930 μένη.
382 1879 426 1891 --
439 1839 580 1906 λίάνθανε
591 1842 638 1916 τίς
655 1841 819 1916 ἐπίσκοπος
836 1830 944 1905 ἐνθάδε
960 1842 1035 1903 ‹inuo-
1087 1838 1166 1921 pius,
1179 1838 1233 1922 ipsi
1246 1838 1340 1921 portio
1350 1837 1497 1904 doctoratu
1508 1849 1599 1905 est·
1610 1839 1753 1906 Edooetor
1765 1839 1833 1924 quis

283 1945 398 2036 μάσθη·
422 1947 472 2012 όπι
495 1946 571 2024 Θεὸς
587 1948 752 2023 ἐπίσκοπος
773 1947 906 2037 εἴρηται,
929 1943 983 2010 καί
1006 1950 1035 2010 οἱ
1087 1945 1232 2028 inspector
1252 1953 1305 2011 aut
1332 1945 1486 2029 episcopus
1508 1945 1557 2011 hic
1576 1947 1743 2013 nominatus
1770 1947 1833 2013 sit?

282 2057 444 2121 ἐπίσκοποι
458 2056 574 2121 ἐκείνου
589 2054 650 2129 τόν
667 2055 771 2120 εἰκόνα
785 2053 882 2120 παντί
896 2062 942 2138 τῷ
964 2052 1036 2144 τρό-
1087 2052 1168 2118 Deus
1181 2055 1336 2135 episcopus
1355 2051 1452 2118 dictus
1471 2059 1529 2132 est,
1550 2063 1582 2119 et
1602 2053 1732 2138 episcopi
1755 2054 1835 2120 itttus

282 2188 332 2247 πῳ
355 2168 606 2254 φιλοτιμοῦνται,
622 2167 651 2228 ot
666 2161 760 2228 καλοί
775 2161 829 2226 καί
844 2159 966 2252 ἀγαθοὶ,
982 2184 1036 2252 φο-
1090 2161 1249 2243 inroginen
1266 2160 1443 2241 omnimodo,
1466 2161 1491 2226 ei
1507 2162 1576 2228 boni
1598 2162 1741 2247 probique
1760 2163 1830 2247 sint,

284 2281 351 2361 ρείν.
375 2269 436 2335 Καὶ
460 2271 563 2362 ὥσπερ
579 2275 595 2334 ὁ
612 2268 828 2360 μιμησάμενος
847 2268 951 2334 εἰκόνα
975 2271 1035 2352 βα·
1087 2269 1162 2336 ierre
1175 2270 1358 2336 annituntur.
1380 2270 1419 2335 Et
1432 2269 1508 2336 siout
1521 2271 1571 2355 qui
1588 2271 1719 2337 imitetur
1732 2271 1834 2355 inrugi-

282 2376 417 2453 σιλικὴν,
441 2385 575 2466 τιμᾶται
598 2375 649 2440 ἐπί
670 2385 717 2459 τῷ
739 2379 844 2451 καλῶς
867 2373 965 2448 αὐτὴν
983 2397 1035 2462 μι-
1089 2396 1156 2444 nom
1170 2377 1294 2460 regiam,
1310 2376 1468 2444 honoretur
1483 2386 1545 2443 turn
1560 2396 1596 2442 cx
1617 2377 1750 2462 eoquod
1772 2376 1836 2460 put·

282 2482 452 2572 μήσασθαι·
474 2491 608 2572 τιμᾶται
631 2473 665 2548 δὲ
692 2481 746 2548 καί
776 2481 828 2546 ἐπὶ
857 2491 904 2566 τῷ
935 2481 1034 2556 αιἰι-λν
1087 2482 1300 2550 chreimitetus
1320 2483 1377 2564 sit3
1392 2484 1560 2548 tumetium
1579 2481 1750 2563 honoratur,
1765 2481 1833 2564 quia

279 2589 517 2679 κεκοσμηκέναι·
540 2589 637 2666 οὕτως
661 2589 810 2681 μακάριος
832 2591 997 2666 ἐπίσκοπος
1018 2595 1034 2654 ὁ
1089 2589 1248 2673 imaginem
1261 2590 1431 2656 exornavit:
1448 2590 1488 2654 iu
1501 2589 1604 2656 beatus
1617 2587 1833 2672 episcopusqut

281 2698 397 2774 νοήσας
419 2698 474 2762 τόν
486 2695 645 2764 reorterio
662 2682 841 2790 ἐπίσκοπον,
861 2698 915 2762 καί
930 2690 1034 2778 ζηλῶν
1088 2694 1174 2762 norit
1195 2713 1297 2761 verum
1317 2699 1495 2780 episcopum,
1517 2712 1644 2778 eumque
1669 2693 1832 2772 aemulnturq

281 2802 389 2892 αὐτόν,
405 2801 458 2866 καί
473 2802 631 2896 γενόμενος
647 2809 687 2880 ὡς
704 2807 734 2868 ἑν
752 2801 921 2894 ἀνθρώποις
945 2804 1033 2883 Θεὸς,
1089 2806 1178 2889 fitque
1198 2805 1341 2871 ceninter
1355 2803 1488 2871 homines
1501 2804 1601 2886 Deua
1616 2804 1666 2871 vei
1681 2803 1732 2887 qui
1747 2803 1836 2868 habet

281 2906 302 2981 ἢ
327 2913 343 2972 ὁ
365 2908 446 2999 ἔχων
477 2910 643 2976 ἐπίσκοπον
671 2911 728 2976 τὸν
757 2920 908 2977 ποιοῦντα
940 2912 1033 2978 αὐτόν
1087 2913 1256 2996 episcopum
1275 2931 1345 2978 eum
1366 2912 1414 2995 qui
1430 2911 1527 2996 ipsum
1540 2928 1572 2976 re
1589 2929 1661 2977 vera
1682 2911 1749 2977 teuit
1769 2910 1833 2993 epi-

281 3013 405 3092 ἀληθῶς
428 3020 459 3082 ἐν
483 3023 604 3109 Χριστῷ
629 3017 730 3092 Ἰησοῦ
753 3021 940 3112 ἐπίσκοπον,
964 3045 989 3084 ω
1012 3027 1032 3096 ἡ
1087 3038 1209 3104 eropum
1236 3019 1266 3085 in
1290 3019 1410 3085 Christo
1432 3019 1521 3100 ἰσων,
1547 3018 1594 3084 cui
1619 3019 1714 3101 gioria
1737 3017 1777 3083 sit
1804 3026 1834 3082 et

282 3114 360 3202 δόξα
380 3122 434 3189 καί
455 3123 494 3189 τὸ
518 3124 631 3217 κράτος
654 3131 696 3204 εἰς
726 3126 799 3205 τοὺς
830 3132 942 3204 αἰῶνας
970 3137 1033 3193 τῶν
1088 3127 1241 3210 imperium
1260 3127 1293 3192 in
1313 3127 1420 3192 saeoutu
1440 3125 1624 3191 saeculorum.
1647 3127 1752 3192 Amen.

282 3231 412 3297 αἰώνων.
432 3231 542 3321 Ἀμήν.
1582 3301 1584 3305 .

327 3343 402 3429 Κεφ.
425 3339 502 3430 ΚΝ,
528 3339 578 3420 rei,
602 3339 651 3427 ιβ’.
669 3339 718 3406 Τὰ
741 3333 775 3408 δὲ
797 3333 907 3408 παιίία
931 3346 1033 3408 αὐτῶν
1128 3339 1629 3426 Cap.XXi,1i‚12.Etinfantee
1648 3340 1836 3406 commerui·

282 3441 522 3537 προσπαίζουσι,
547 3441 757 3527 ἀναλαόόντες
785 3447 957 3542 ψαλτήριον
981 3451 1035 3516 καί
1089 3455 1151 3516 tout
1170 3449 1287 3528 toeidue,
1308 3455 1429 3512 tenentes
1450 3456 1617 3533 tympanum
1636 3456 1664 3514 st
1682 3450 1835 3527 α’ίίσισσι,

282 3549 422 3642 κιθάραν,
454 3551 508 3617 καί
539 3555 752 3644 εὐφραίνονται
781 3567 866 3647 φωνῇ
898 3552 1033 3645 ψαλμοῦ.
1087 3566 1113 3623 εἰ
1126 3555 1307 3641 ramerud
1318 3557 1442 3621 sonitum
1456 3557 1573 3640 peoimi.

290 3655 352 3720 Vnt.
375 3657 446 3735 788,
470 3660 498 3722 t.

331 3761 408 3835 Ἰδοὺ
432 3769 486 3834 καί
508 3770 550 3836 τὰ
567 3770 655 3862 μωρὰ
669 3763 779 3837 παιδία
795 3776 897 3837 αὐτῶν
913 3776 1034 3852 ἑαυτοῖς
1127 3771 1201 3837 Ecce
1219 3769 1303 3837 stulti
1319 3788 1420 3836 eorum
1434 3771 1489 3836 titii
1503 3772 1579 3838 inter
1592 3770 1706 3856 seipsos
1720 3771 1833 3837 ludunt.

283 3871 535 3968 προσπαίζοντα,
551 3878 683 3971 Λέγουσι
698 3878 758 3973 γὰρ
782 3880 871 3945 αὐτοὶ
894 3877 1032 3972 ψαλμοὺς
1086 3878 1146 3963 1μεί
1166 3898 1283 3964 quoquc
1296 3880 1425 3964 prntmos
1439 3881 1544 3948 dicunt
1557 3880 1705 3950 Valentini
1720 3889 1752 3946 et
1764 3879 1837 3946 odas

285 3991 493 4052 Οὺαλεντινοῦ
509 3988 563 4054 καί
584 3980 665 4072 ῲίοἰς
682 3982 873 4068 Βασιλείδου,
891 3989 945 4054 καί
967 4014 1035 4055 τοι·
1086 3985 1236 4070 Basilidis,
1253 3995 1282 4053 et
1302 3987 1438 4071 quodam
1452 3986 1617 4072 hujusmodi
1632 3986 1833 4072 pronuntiant,

283 4095 365 4160 αῦτά
386 4119 458 4160 τινα
481 4094 681 4190 φθέγγονται,
698 4097 928 4189 εὐφραινόμενοι
944 4109 1030 4188 φωνῇ
1086 4094 1222 4164 iaetuntes
1242 4114 1317 4164 voce
1336 4096 1452 4182 psalmi.

283 4198 418 4291 ψαλμοῦ.

319 4472 345 4509 ο.
360 4449 405 4509 29.
421 4453 521 4523 Hebes,
535 4456 606 4508 teste
621 4451 771 4525 doxoiogiu
784 4459 812 4509 et
823 4454 929 4526 insigni
942 4470 1031 4527 peree-
1086 4450 1323 4524 hierarchieepud
1334 4450 1490 4522 ἰιοειείίοοι,
1498 4451 1719 4508 Christianorum
1726 4453 1834 4518 mimos,

282 4541 361 4610 nesi,
380 4539 523 4598 homilium
548 4539 665 4612 Origeni
689 4541 829 4611 habiturn,
848 4543 890 4596 nti
909 4558 961 4614 per
979 4547 1032 4610 eet,
1086 4541 1277 4594 consentiente
1295 4539 1356 4594 sine
1374 4538 1433 4595 nlla
1452 4541 1588 4596 verietete
1607 4543 1718 4597 vetusto
1741 4542 1834 4598 Vetic.

283 4646 377 4686 oorsnr
395 4629 512 4702 quodum
531 4629 674 4702 episcopo,
687 4646 780 4702 quern,
792 4631 818 4686 si
829 4632 876 4686 hic
894 4635 1031 4699 tenemus,
1085 4642 1116 4685 ιιι
1136 4627 1156 4683 1.
1180 4626 1241 4682 178.

283 4719 432 4790 υἰορίυοι,
446 4735 532 4774 unum
544 4734 579 4774 ex
591 4719 690 4791 primis
704 4719 1032 4777 Adementinioonrmen·
1124 4719 1190 4788 Cup.
1210 4718 1293 4786 XXI,
1314 4716 1363 4787 11,
1386 4715 1428 4774 12.
1448 4717 1491 4774 Ex
1510 4720 1602 4776 Vetic.
1622 4735 1633 4776 1
1652 4719 1673 4775 1.
1694 4717 1742 4786 89,
1760 4735 1792 4773 ιιι
1811 4719 1833 4775 1.

282 4806 380 4876 tomis,
399 4808 527 4879 suspicor
543 4807 633 4862 fuisse
651 4813 778 4864 sunctum
796 4808 977 4864 Demetrium.
998 4837 1031 4850 -
1089 4804 1149 4877 178,
1166 4823 1194 4862 νι
1209 4805 1229 4862 t.
1242 4807 1288 4876 87,
1303 4808 1394 4863 Peuce
1405 4808 1520 4864 dederet
1533 4808 1662 4864 Comitol.
1677 4807 1740 4877 345,
1755 4807 1837 4880 pluro

283 4895 326 4948 Ex
345 4896 410 4951 Vut.
430 4912 440 4950 r
458 4896 481 4953 1.
500 4896 547 4967 87,
561 4913 592 4952 ιιι
612 4896 633 4952 f.
651 4895 712 4967 174,
725 4913 776 4952 νιιι
789 4897 809 4954 1.
821 4896 885 4965 270,
899 4913 1030 4969 ριιοσυιι·
1086 4896 1259 4954 ῦιίἰειιιίἰυι.
1280 4897 1346 4952 Ηιοο
1365 4914 1432 4954 vero
1443 4898 1589 4954 Fabricius
1601 4915 1685 4970 quum
1699 4897 1771 4970 opud
1784 4898 1835 4952 Ju-

282 4985 359 5040 tibns
368 4985 472 5057 partim
480 4984 564 5041 Junio
571 4983 636 5056 358,
647 4986 750 5059 partim
761 4985 908 5042 Gellendio
919 4983 974 5042 ool.
984 4985 1031 5057 76,
1085 4988 1162 5041 nium
1177 5005 1232 5042 non
1244 4987 1408 5058 invenisset,
1423 4986 1530 5044 frustra
1547 4989 1684 5060 urguebat
1699 4986 1744 5041 hic
1756 4985 1835 5042 desi·

283 5071 363 5126 Huno
381 5087 448 5128 vero
463 5070 555 5129 locum
574 5072 702 5130 conferre
720 5077 839 5146 praestet
850 5089 913 5128 cum
931 5072 1032 5143 eltero,
1084 5074 1178 5131 dereri
1197 5077 1358 5149 Origenem.
1377 5079 1435 5134 Nec
1455 5077 1562 5134 frustra
1579 5077 1608 5132 id
1625 5077 1729 5149 legerit
1746 5073 1836 5133 Melo-

283 5175 363 5230 quem
378 5160 540 5217 Geitendius
552 5165 660 5236 primus
669 5163 756 5218 edidit
767 5181 796 5236 p.
809 5161 854 5230 77,
867 5162 901 5218 de
912 5163 1031 5236 quedem
1085 5165 1182 5221 dorum
1203 5182 1357 5239 greeoorunr
1377 5166 1500 5239 diligens
1518 5168 1677 5241 inquisitor.
