<?xml version="1.0" encoding="UTF-8"?>
<!DOCTYPE html PUBLIC "-//W3C//DTD XHTML 1.0 Transitional//EN"
    "http://www.w3.org/TR/xhtml1/DTD/xhtml1-transitional.dtd">
<html xmlns="http://www.w3.org/1999/xhtml" xml:lang="en" lang="en">
 <head>
  <title>
</title>
<meta http-equiv="Content-Type" content="text/html;charset=utf-8" />
  <meta name='ocr-system' content='tesseract 3.04.00' />
  <meta name='ocr-capabilities' content='ocr_page ocr_carea ocr_par ocr_line ocrx_word'/>
</head>
<body>
  <div class='ocr_page' id='page_1' title='image "./analectasacrasp01pitrgoog_0433.png"; bbox 0 0 4044 6098; ppageno 0'>
   <div class='ocr_carea' id='block_1_1' title="bbox 288 479 1162 548">
    <p class='ocr_par' dir='ltr' id='par_1_1' title="bbox 288 479 1162 548">
     <span class='ocr_line' id='line_1_1' title="bbox 288 479 1162 548; baseline 0.006 -5"><span class='ocrx_word' id='word_1_1' title='bbox 288 479 346 544; x_wconf 81' lang='grc'><strong>376</strong></span> <span class='ocrx_word' id='word_1_2' title='bbox 971 482 1162 548; x_wconf 77' lang='lat' dir='ltr'><strong>ualentius</strong></span> 
     </span>
    </p>
   </div>
   <div class='ocr_carea' id='block_1_2' title="bbox 286 629 1881 2748">
    <p class='ocr_par' dir='ltr' id='par_1_2' title="bbox 286 629 1839 1034">
     <span class='ocr_line' id='line_1_2' title="bbox 286 629 1839 730; baseline 0.008 -33"><span class='ocrx_word' id='word_1_3' title='bbox 286 634 416 712; x_wconf 81' lang='grc' dir='ltr'>ἐκεῖνον;</span> <span class='ocrx_word' id='word_1_4' title='bbox 429 633 522 700; x_wconf 88' lang='grc' dir='ltr'>πόθεν</span> <span class='ocrx_word' id='word_1_5' title='bbox 536 629 663 713; x_wconf 81' lang='grc' dir='ltr'>εὐταξία</span> <span class='ocrx_word' id='word_1_6' title='bbox 674 635 814 708; x_wconf 78' lang='grc' dir='ltr'>τοσαύτη</span> <span class='ocrx_word' id='word_1_7' title='bbox 829 639 860 700; x_wconf 86' lang='grc' dir='ltr'><strong>ἐν</strong></span> <span class='ocrx_word' id='word_1_8' title='bbox 873 635 1036 727; x_wconf 89' lang='grc' dir='ltr'>πράγματι</span> <span class='ocrx_word' id='word_1_9' title='bbox 1091 636 1176 701; x_wconf 89' lang='lat' dir='ltr'><strong>Unde</strong></span> <span class='ocrx_word' id='word_1_10' title='bbox 1196 636 1226 700; x_wconf 86' lang='lat' dir='ltr'><strong>in</strong></span> <span class='ocrx_word' id='word_1_11' title='bbox 1247 637 1301 701; x_wconf 86' lang='lat' dir='ltr'><strong>teti</strong></span> <span class='ocrx_word' id='word_1_12' title='bbox 1315 656 1353 728; x_wconf 82' lang='lat' dir='ltr'><strong>re</strong></span> <span class='ocrx_word' id='word_1_13' title='bbox 1375 647 1473 703; x_wconf 87' lang='lat' dir='ltr'><strong>tantus</strong></span> <span class='ocrx_word' id='word_1_14' title='bbox 1492 640 1587 706; x_wconf 78' lang='lat' dir='ltr'><strong>ordo?</strong></span> <span class='ocrx_word' id='word_1_15' title='bbox 1602 641 1717 711; x_wconf 80' lang='lat' dir='ltr'>Deinde</span> <span class='ocrx_word' id='word_1_16' title='bbox 1737 655 1839 730; x_wconf 86' lang='lat' dir='ltr'><strong>poten-</strong></span> 
     </span>
     <span class='ocr_line' id='line_1_3' title="bbox 287 734 1839 836; baseline 0.01 -31"><span class='ocrx_word' id='word_1_17' title='bbox 287 741 419 826; x_wconf 85' lang='grc' dir='ltr'>τοιούτῳ</span> <span class='ocrx_word' id='word_1_18' title='bbox 428 769 436 822; x_wconf 86' lang='grc'><strong>;</strong></span> <span class='ocrx_word' id='word_1_19' title='bbox 453 736 521 807; x_wconf 83' lang='grc' dir='ltr'>εἶτα</span> <span class='ocrx_word' id='word_1_20' title='bbox 535 742 595 816; x_wconf 84' lang='grc' dir='ltr'><strong>τὴν</strong></span> <span class='ocrx_word' id='word_1_21' title='bbox 613 734 751 832; x_wconf 77' lang='grc' dir='ltr'>δύναμιν,</span> <span class='ocrx_word' id='word_1_22' title='bbox 769 739 837 808; x_wconf 83' lang='grc' dir='ltr'>εἶτα</span> <span class='ocrx_word' id='word_1_23' title='bbox 854 743 913 818; x_wconf 79' lang='grc' dir='ltr'><strong>τὴν</strong></span> <span class='ocrx_word' id='word_1_24' title='bbox 928 747 1035 835; x_wconf 79' lang='grc' dir='ltr'>σοφίαν</span> <span class='ocrx_word' id='word_1_25' title='bbox 1093 742 1163 806; x_wconf 88' lang='lat' dir='ltr'><strong>tiam</strong></span> <span class='ocrx_word' id='word_1_26' title='bbox 1176 744 1251 827; x_wconf 88' lang='lat' dir='ltr'><strong>ejus,</strong></span> <span class='ocrx_word' id='word_1_27' title='bbox 1267 746 1374 812; x_wconf 91' lang='lat' dir='ltr'><strong>deinde</strong></span> <span class='ocrx_word' id='word_1_28' title='bbox 1384 749 1559 831; x_wconf 82' lang='lat' dir='ltr'><strong>sapientiam</strong></span> <span class='ocrx_word' id='word_1_29' title='bbox 1574 761 1701 833; x_wconf 78' lang='lat' dir='ltr'><strong>enarrat,</strong></span> <span class='ocrx_word' id='word_1_30' title='bbox 1719 771 1839 836; x_wconf 86' lang='lat' dir='ltr'><strong>persua·</strong></span> 
     </span>
     <span class='ocr_line' id='line_1_4' title="bbox 288 842 1726 942; baseline 0.009 -28"><span class='ocrx_word' id='word_1_31' title='bbox 288 853 382 915; x_wconf 86' lang='grc' dir='ltr'>αὐτοῦ</span> <span class='ocrx_word' id='word_1_32' title='bbox 399 842 569 942; x_wconf 70' lang='grc' dir='ltr'>διηγεῖται,</span> <span class='ocrx_word' id='word_1_33' title='bbox 584 849 697 916; x_wconf 90' lang='grc' dir='ltr'>πείθων</span> <span class='ocrx_word' id='word_1_34' title='bbox 715 851 757 940; x_wconf 81' lang='grc' dir='ltr'><strong>μίν</strong></span> <span class='ocrx_word' id='word_1_35' title='bbox 777 849 875 916; x_wconf 79' lang='grc' dir='ltr'>θέλειν</span> <span class='ocrx_word' id='word_1_36' title='bbox 892 855 1036 918; x_wconf 74' lang='grc' dir='ltr'>ἀπαιτεῖν</span> <span class='ocrx_word' id='word_1_37' title='bbox 1092 849 1166 914; x_wconf 87' lang='lat' dir='ltr'><strong>dens</strong></span> <span class='ocrx_word' id='word_1_38' title='bbox 1186 870 1219 917; x_wconf 87' lang='lat' dir='ltr'><strong>so</strong></span> <span class='ocrx_word' id='word_1_39' title='bbox 1239 853 1316 919; x_wconf 82' lang='lat' dir='ltr'><strong>notis</strong></span> <span class='ocrx_word' id='word_1_40' title='bbox 1336 854 1373 919; x_wconf 84' lang='lat' dir='ltr'><strong>ab</strong></span> <span class='ocrx_word' id='word_1_41' title='bbox 1393 873 1428 920; x_wconf 87' lang='lat' dir='ltr'><strong>eu</strong></span> <span class='ocrx_word' id='word_1_42' title='bbox 1448 857 1575 923; x_wconf 88' lang='lat' dir='ltr'><strong>rationes</strong></span> <span class='ocrx_word' id='word_1_43' title='bbox 1596 859 1726 940; x_wconf 76' lang='lat' dir='ltr'><strong>exigere.</strong></span> 
     </span>
     <span class='ocr_line' id='line_1_5' title="bbox 288 956 539 1034; baseline 0 -13"><span class='ocrx_word' id='word_1_44' title='bbox 288 956 381 1022; x_wconf 80' lang='grc' dir='ltr'>αὐτὸν</span> <span class='ocrx_word' id='word_1_45' title='bbox 406 957 539 1034; x_wconf 88' lang='grc' dir='ltr'>εὐθύνας.</span> 
     </span>
    </p>

    <p class='ocr_par' dir='ltr' id='par_1_3' title="bbox 288 1063 1840 1370">
     <span class='ocr_line' id='line_1_6' title="bbox 333 1063 1839 1156; baseline 0.009 -28"><span class='ocrx_word' id='word_1_46' title='bbox 333 1067 408 1154; x_wconf 80' lang='grc' dir='ltr'>Κεφ.</span> <span class='ocrx_word' id='word_1_47' title='bbox 432 1063 507 1141; x_wconf 66' lang='lat' dir='ltr'><strong>Ka,</strong></span> <span class='ocrx_word' id='word_1_48' title='bbox 531 1065 571 1156; x_wconf 85' lang='grc' dir='ltr'><strong>γ’.</strong></span> <span class='ocrx_word' id='word_1_49' title='bbox 597 1065 648 1140; x_wconf 85' lang='grc' dir='ltr'>Ὡς</span> <span class='ocrx_word' id='word_1_50' title='bbox 672 1065 726 1128; x_wconf 87' lang='grc' dir='ltr'><strong>ὅτε</strong></span> <span class='ocrx_word' id='word_1_51' title='bbox 758 1067 849 1156; x_wconf 88' lang='grc' dir='ltr'>ηύγει</span> <span class='ocrx_word' id='word_1_52' title='bbox 879 1068 896 1128; x_wconf 88' lang='lat' dir='ltr'><strong>d</strong></span> <span class='ocrx_word' id='word_1_53' title='bbox 926 1063 1038 1155; x_wconf 80' lang='grc' dir='ltr'>λύχνος</span> <span class='ocrx_word' id='word_1_54' title='bbox 1134 1065 1206 1149; x_wconf 86' lang='lat' dir='ltr'><strong>Cap.</strong></span> <span class='ocrx_word' id='word_1_55' title='bbox 1229 1066 1333 1147; x_wconf 75' lang='lat' dir='ltr'><strong>xxix,</strong></span> <span class='ocrx_word' id='word_1_56' title='bbox 1356 1071 1384 1134; x_wconf 88' lang='lat'><strong>3.</strong></span> <span class='ocrx_word' id='word_1_57' title='bbox 1409 1071 1494 1136; x_wconf 75' lang='lat' dir='ltr'><strong>Sicut</strong></span> <span class='ocrx_word' id='word_1_58' title='bbox 1511 1092 1576 1138; x_wconf 79' lang='lat' dir='ltr'><strong>cum</strong></span> <span class='ocrx_word' id='word_1_59' title='bbox 1597 1073 1709 1140; x_wconf 76' lang='lat' dir='ltr'><strong>lucebat·</strong></span> <span class='ocrx_word' id='word_1_60' title='bbox 1726 1075 1839 1141; x_wconf 70' lang='lat' dir='ltr'><strong>luem</strong></span> 
     </span>
     <span class='ocr_line' id='line_1_7' title="bbox 288 1171 1840 1264; baseline 0.007 -28"><span class='ocrx_word' id='word_1_61' title='bbox 288 1175 383 1238; x_wconf 83' lang='grc' dir='ltr'>αὐτοῦ</span> <span class='ocrx_word' id='word_1_62' title='bbox 396 1171 470 1264; x_wconf 85' lang='grc' dir='ltr'>ὑπὲρ</span> <span class='ocrx_word' id='word_1_63' title='bbox 482 1177 619 1263; x_wconf 77' lang='grc' dir='ltr'>κεφαλῆς</span> <span class='ocrx_word' id='word_1_64' title='bbox 633 1177 702 1262; x_wconf 87' lang='grc' dir='ltr'>μου,</span> <span class='ocrx_word' id='word_1_65' title='bbox 719 1173 774 1236; x_wconf 88' lang='grc' dir='ltr'><strong>ὅτε</strong></span> <span class='ocrx_word' id='word_1_66' title='bbox 788 1181 834 1254; x_wconf 88' lang='grc' dir='ltr'><strong>τῷ</strong></span> <span class='ocrx_word' id='word_1_67' title='bbox 847 1172 928 1262; x_wconf 76' lang='lat' dir='ltr'><strong>porci</strong></span> <span class='ocrx_word' id='word_1_68' title='bbox 942 1177 1037 1238; x_wconf 81' lang='grc' dir='ltr'>αὐτοῦ</span> <span class='ocrx_word' id='word_1_69' title='bbox 1092 1175 1155 1255; x_wconf 78' lang='lat' dir='ltr'><strong>ejus</strong></span> <span class='ocrx_word' id='word_1_70' title='bbox 1175 1193 1259 1258; x_wconf 83' lang='lat' dir='ltr'><strong>super</strong></span> <span class='ocrx_word' id='word_1_71' title='bbox 1280 1182 1370 1258; x_wconf 81' lang='lat' dir='ltr'><strong>caput</strong></span> <span class='ocrx_word' id='word_1_72' title='bbox 1387 1197 1496 1257; x_wconf 83' lang='lat' dir='ltr'><strong>mcum,</strong></span> <span class='ocrx_word' id='word_1_73' title='bbox 1518 1179 1632 1262; x_wconf 81' lang='lat' dir='ltr'><strong>quando</strong></span> <span class='ocrx_word' id='word_1_74' title='bbox 1652 1200 1718 1246; x_wconf 86' lang='lat' dir='ltr'><strong>cunt·</strong></span> <span class='ocrx_word' id='word_1_75' title='bbox 1736 1181 1840 1248; x_wconf 80' lang='lat' dir='ltr'><strong>iumine</strong></span> 
     </span>
     <span class='ocr_line' id='line_1_8' title="bbox 288 1277 1564 1370; baseline 0.005 -25"><span class='ocrx_word' id='word_1_76' title='bbox 288 1279 480 1370; x_wconf 76' lang='grc' dir='ltr'>ἐπορευόμην</span> <span class='ocrx_word' id='word_1_77' title='bbox 504 1281 535 1345; x_wconf 81' lang='grc' dir='ltr'><strong>ὲν</strong></span> <span class='ocrx_word' id='word_1_78' title='bbox 559 1279 674 1344; x_wconf 83' lang='grc' dir='ltr'>σκύτει.</span> <span class='ocrx_word' id='word_1_79' title='bbox 704 1277 765 1342; x_wconf 81' lang='lat' dir='ltr'><strong>Vei.</strong></span> <span class='ocrx_word' id='word_1_80' title='bbox 789 1278 859 1354; x_wconf 78' lang='lat' dir='ltr'><strong>itit,</strong></span> <span class='ocrx_word' id='word_1_81' title='bbox 884 1277 913 1340; x_wconf 84' lang='lat'><strong>1.</strong></span> <span class='ocrx_word' id='word_1_82' title='bbox 1092 1284 1157 1364; x_wconf 75' lang='lat' dir='ltr'><strong>ejus</strong></span> <span class='ocrx_word' id='word_1_83' title='bbox 1178 1283 1363 1348; x_wconf 81' lang='lat' dir='ltr'><strong>ambulabam</strong></span> <span class='ocrx_word' id='word_1_84' title='bbox 1383 1289 1415 1348; x_wconf 83' lang='lat' dir='ltr'><strong>in</strong></span> <span class='ocrx_word' id='word_1_85' title='bbox 1437 1287 1564 1350; x_wconf 75' lang='grc' dir='ltr'>ίικεθιίε.</span> 
     </span>
    </p>

    <p class='ocr_par' dir='ltr' id='par_1_4' title="bbox 287 1378 1881 1795">
     <span class='ocr_line' id='line_1_9' title="bbox 328 1378 1839 1480; baseline 0.008 -28"><span class='ocrx_word' id='word_1_86' title='bbox 328 1385 403 1452; x_wconf 87' lang='grc' dir='ltr'><strong>Ὅτι</strong></span> <span class='ocrx_word' id='word_1_87' title='bbox 426 1387 485 1479; x_wconf 86' lang='grc' dir='ltr'><strong>γάρ</strong></span> <span class='ocrx_word' id='word_1_88' title='bbox 510 1378 561 1452; x_wconf 80' lang='grc' dir='ltr'><strong>διὰ</strong></span> <span class='ocrx_word' id='word_1_89' title='bbox 576 1397 672 1452; x_wconf 84' lang='grc' dir='ltr'>τοῦτο</span> <span class='ocrx_word' id='word_1_90' title='bbox 688 1381 795 1466; x_wconf 83' lang='grc' dir='ltr'>ἐζήτει</span> <span class='ocrx_word' id='word_1_91' title='bbox 809 1385 869 1460; x_wconf 87' lang='grc' dir='ltr'><strong>τὴν</strong></span> <span class='ocrx_word' id='word_1_92' title='bbox 885 1385 1036 1477; x_wconf 83' lang='grc' dir='ltr'>προτέραν</span> <span class='ocrx_word' id='word_1_93' title='bbox 1132 1391 1184 1454; x_wconf 79' lang='lat' dir='ltr'><strong>Ait</strong></span> <span class='ocrx_word' id='word_1_94' title='bbox 1204 1391 1282 1456; x_wconf 85' lang='lat' dir='ltr'><strong>enim</strong></span> <span class='ocrx_word' id='word_1_95' title='bbox 1302 1393 1380 1476; x_wconf 88' lang='lat' dir='ltr'><strong>quod</strong></span> <span class='ocrx_word' id='word_1_96' title='bbox 1401 1393 1467 1458; x_wconf 90' lang='lat' dir='ltr'><strong>ideo</strong></span> <span class='ocrx_word' id='word_1_97' title='bbox 1487 1397 1637 1480; x_wconf 86' lang='lat' dir='ltr'><strong>repetebat</strong></span> <span class='ocrx_word' id='word_1_98' title='bbox 1665 1399 1839 1465; x_wconf 82' lang='lat' dir='ltr'><strong>anteriorem</strong></span> 
     </span>
     <span class='ocr_line' id='line_1_10' title="bbox 288 1486 1840 1587; baseline 0.007 -27"><span class='ocrx_word' id='word_1_99' title='bbox 288 1497 470 1587; x_wconf 61' lang='grc' dir='ltr'>εὐπραγίαν,</span> <span class='ocrx_word' id='word_1_100' title='bbox 495 1497 544 1558; x_wconf 82' lang='grc' dir='ltr'><strong>ἵνα</strong></span> <span class='ocrx_word' id='word_1_101' title='bbox 567 1486 675 1584; x_wconf 79' lang='grc' dir='ltr'>δειχθῇ</span> <span class='ocrx_word' id='word_1_102' title='bbox 694 1504 750 1559; x_wconf 83' lang='grc' dir='ltr'>τοῦ</span> <span class='ocrx_word' id='word_1_103' title='bbox 766 1501 846 1560; x_wconf 82' lang='grc' dir='ltr'>Θεοῦ</span> <span class='ocrx_word' id='word_1_104' title='bbox 862 1502 881 1570; x_wconf 81' lang='grc' dir='ltr'>ἡ</span> <span class='ocrx_word' id='word_1_105' title='bbox 900 1495 1038 1584; x_wconf 86' lang='grc' dir='ltr'>πρόνοια,</span> <span class='ocrx_word' id='word_1_106' title='bbox 1092 1498 1325 1582; x_wconf 78' lang='lat' dir='ltr'><strong>prosperitatem,</strong></span> <span class='ocrx_word' id='word_1_107' title='bbox 1341 1507 1373 1563; x_wconf 90' lang='lat' dir='ltr'><strong>ot</strong></span> <span class='ocrx_word' id='word_1_108' title='bbox 1393 1501 1593 1567; x_wconf 76' lang='lat' dir='ltr'><strong>ostenderetur</strong></span> <span class='ocrx_word' id='word_1_109' title='bbox 1607 1502 1662 1568; x_wconf 86' lang='lat' dir='ltr'><strong>Dei</strong></span> <span class='ocrx_word' id='word_1_110' title='bbox 1684 1505 1840 1587; x_wconf 80' lang='lat' dir='ltr'><strong>prouiden-</strong></span> 
     </span>
     <span class='ocr_line' id='line_1_11' title="bbox 288 1595 1881 1694; baseline 0.006 -26"><span class='ocrx_word' id='word_1_111' title='bbox 288 1595 384 1677; x_wconf 79' lang='grc' dir='ltr'>δῆλον</span> <span class='ocrx_word' id='word_1_112' title='bbox 408 1605 443 1670; x_wconf 85' lang='grc' dir='ltr'><strong>ὲκ</strong></span> <span class='ocrx_word' id='word_1_113' title='bbox 466 1612 523 1668; x_wconf 85' lang='grc' dir='ltr'>τοῦ</span> <span class='ocrx_word' id='word_1_114' title='bbox 546 1602 658 1694; x_wconf 86' lang='grc' dir='ltr'>λέγειν·</span> <span class='ocrx_word' id='word_1_115' title='bbox 677 1601 757 1668; x_wconf 92' lang='grc' dir='ltr'><strong>Ὅτε</strong></span> <span class='ocrx_word' id='word_1_116' title='bbox 772 1607 788 1666; x_wconf 89' lang='grc' dir='ltr'>ὁ</span> <span class='ocrx_word' id='word_1_117' title='bbox 805 1603 882 1679; x_wconf 80' lang='grc' dir='ltr'>Θεὸς</span> <span class='ocrx_word' id='word_1_118' title='bbox 905 1602 1039 1693; x_wconf 84' lang='grc' dir='ltr'>ἐρύλατ-</span> <span class='ocrx_word' id='word_1_119' title='bbox 1091 1603 1148 1684; x_wconf 83' lang='lat' dir='ltr'><strong>tia,</strong></span> <span class='ocrx_word' id='word_1_120' title='bbox 1171 1605 1308 1669; x_wconf 86' lang='lat' dir='ltr'><strong>nimirum</strong></span> <span class='ocrx_word' id='word_1_121' title='bbox 1329 1605 1468 1672; x_wconf 87' lang='lat' dir='ltr'><strong>dicendo:</strong></span> <span class='ocrx_word' id='word_1_122' title='bbox 1492 1608 1618 1688; x_wconf 86' lang='lat' dir='ltr'><strong>Quando</strong></span> <span class='ocrx_word' id='word_1_123' title='bbox 1638 1611 1719 1678; x_wconf 84' lang='lat' dir='ltr'><strong>Deus</strong></span> <span class='ocrx_word' id='word_1_124' title='bbox 1738 1620 1840 1677; x_wconf 78' lang='lat' dir='ltr'><strong>crustu·</strong></span> <span class='ocrx_word' id='word_1_125' title='bbox 1874 1670 1881 1678; x_wconf 96' lang='lat'>.</span> 
     </span>
     <span class='ocr_line' id='line_1_12' title="bbox 287 1707 1270 1795; baseline 0.005 -25"><span class='ocrx_word' id='word_1_126' title='bbox 287 1707 323 1771; x_wconf 86' lang='grc' dir='ltr'><strong>τέ</strong></span> <span class='ocrx_word' id='word_1_127' title='bbox 347 1729 395 1795; x_wconf 85' lang='grc' dir='ltr'><strong>με.</strong></span> <span class='ocrx_word' id='word_1_128' title='bbox 1092 1711 1192 1779; x_wconf 91' lang='lat' dir='ltr'><strong>diebat</strong></span> <span class='ocrx_word' id='word_1_129' title='bbox 1212 1731 1270 1778; x_wconf 90' lang='lat' dir='ltr'><strong>me.</strong></span> 
     </span>
    </p>

    <p class='ocr_par' dir='ltr' id='par_1_5' title="bbox 289 1795 1840 2010">
     <span class='ocr_line' id='line_1_13' title="bbox 333 1795 1840 1894; baseline 0.006 -16"><span class='ocrx_word' id='word_1_130' title='bbox 333 1803 371 1878; x_wconf 76' lang='grc' dir='ltr'><strong>θ’.</strong></span> <span class='ocrx_word' id='word_1_131' title='bbox 389 1811 469 1878; x_wconf 87' lang='grc' dir='ltr'><strong>Ὅτε</strong></span> <span class='ocrx_word' id='word_1_132' title='bbox 491 1815 507 1874; x_wconf 90' lang='grc' dir='ltr'>ὁ</span> <span class='ocrx_word' id='word_1_133' title='bbox 531 1811 609 1888; x_wconf 79' lang='grc' dir='ltr'>Θεὸς</span> <span class='ocrx_word' id='word_1_134' title='bbox 631 1810 802 1885; x_wconf 73' lang='grc' dir='ltr'>ἐπισκοπὴν</span> <span class='ocrx_word' id='word_1_135' title='bbox 826 1795 969 1876; x_wconf 77' lang='grc' dir='ltr'>ἐποιεῖτο</span> <span class='ocrx_word' id='word_1_136' title='bbox 980 1819 1037 1875; x_wconf 86' lang='grc' dir='ltr'>τού</span> <span class='ocrx_word' id='word_1_137' title='bbox 1130 1820 1207 1886; x_wconf 80' lang='lat' dir='ltr'><strong>lirid.</strong></span> <span class='ocrx_word' id='word_1_138' title='bbox 1230 1841 1261 1887; x_wconf 79' lang='lat' dir='ltr'><strong>v.</strong></span> <span class='ocrx_word' id='word_1_139' title='bbox 1286 1822 1315 1886; x_wconf 80' lang='grc' dir='ltr'>ί,</span> <span class='ocrx_word' id='word_1_140' title='bbox 1339 1822 1411 1887; x_wconf 77' lang='lat' dir='ltr'><strong>Cum</strong></span> <span class='ocrx_word' id='word_1_141' title='bbox 1430 1822 1510 1888; x_wconf 74' lang='lat' dir='ltr'><strong>Deos</strong></span> <span class='ocrx_word' id='word_1_142' title='bbox 1529 1825 1715 1894; x_wconf 72' lang='grc' dir='ltr'>ηίνίίηίίηηιιη</span> <span class='ocrx_word' id='word_1_143' title='bbox 1729 1828 1840 1894; x_wconf 73' lang='lat' dir='ltr'><strong>Bornos</strong></span> 
     </span>
     <span class='ocr_line' id='line_1_14' title="bbox 289 1910 1410 2010; baseline 0.008 -25"><span class='ocrx_word' id='word_1_144' title='bbox 289 1921 374 1986; x_wconf 79' lang='grc' dir='ltr'>οἴκου</span> <span class='ocrx_word' id='word_1_145' title='bbox 399 1944 467 2010; x_wconf 90' lang='grc' dir='ltr'>μου.</span> <span class='ocrx_word' id='word_1_146' title='bbox 498 1920 551 1984; x_wconf 82' lang='lat' dir='ltr'><strong>Vct</strong></span> <span class='ocrx_word' id='word_1_147' title='bbox 582 1921 651 1998; x_wconf 81' lang='lat' dir='ltr'><strong>ibi,</strong></span> <span class='ocrx_word' id='word_1_148' title='bbox 674 1923 701 1984; x_wconf 88' lang='lat'><strong>1.</strong></span> <span class='ocrx_word' id='word_1_149' title='bbox 1091 1945 1169 1992; x_wconf 83' lang='lat' dir='ltr'><strong>meuc</strong></span> <span class='ocrx_word' id='word_1_150' title='bbox 1188 1929 1324 2010; x_wconf 80' lang='lat' dir='ltr'><strong>suct&#39;ebui.</strong></span> <span class='ocrx_word' id='word_1_151' title='bbox 1405 1910 1410 1919; x_wconf 35' lang='grc' dir='ltr'>Ι</span> 
     </span>
    </p>

    <p class='ocr_par' dir='ltr' id='par_1_6' title="bbox 289 2019 1842 2661">
     <span class='ocr_line' id='line_1_15' title="bbox 334 2019 1842 2125; baseline 0.005 -23"><span class='ocrx_word' id='word_1_152' title='bbox 334 2028 369 2093; x_wconf 90' lang='grc' dir='ltr'><strong>Ὁ</strong></span> <span class='ocrx_word' id='word_1_153' title='bbox 392 2019 427 2094; x_wconf 69' lang='grc' dir='ltr'><strong>δὲ</strong></span> <span class='ocrx_word' id='word_1_154' title='bbox 451 2027 630 2118; x_wconf 71' lang='grc' dir='ltr'>Σύμμαχος·</span> <span class='ocrx_word' id='word_1_155' title='bbox 647 2027 761 2094; x_wconf 73' lang='grc' dir='ltr'>Ὁπότε</span> <span class='ocrx_word' id='word_1_156' title='bbox 777 2025 996 2117; x_wconf 65' lang='grc' dir='ltr'>περιέφραοοεν</span> <span class='ocrx_word' id='word_1_157' title='bbox 1021 2027 1037 2086; x_wconf 76' lang='grc' dir='ltr'>ὅ</span> <span class='ocrx_word' id='word_1_158' title='bbox 1131 2035 1325 2117; x_wconf 78' lang='lat' dir='ltr'><strong>Symmachus</strong></span> <span class='ocrx_word' id='word_1_159' title='bbox 1352 2056 1440 2104; x_wconf 80' lang='lat' dir='ltr'><strong>vero:</strong></span> <span class='ocrx_word' id='word_1_160' title='bbox 1465 2038 1585 2117; x_wconf 81' lang='lat' dir='ltr'><strong>Quando</strong></span> <span class='ocrx_word' id='word_1_161' title='bbox 1610 2043 1842 2125; x_wconf 76' lang='lat' dir='ltr'><strong>circumsepiebat</strong></span> 
     </span>
     <span class='ocr_line' id='line_1_16' title="bbox 290 2133 1838 2225; baseline 0.01 -24"><span class='ocrx_word' id='word_1_162' title='bbox 290 2135 367 2212; x_wconf 82' lang='grc' dir='ltr'>Θεὸς</span> <span class='ocrx_word' id='word_1_163' title='bbox 381 2135 441 2210; x_wconf 77' lang='grc' dir='ltr'><strong>τὴν</strong></span> <span class='ocrx_word' id='word_1_164' title='bbox 458 2136 576 2210; x_wconf 86' lang='grc' dir='ltr'>σκηνίιν</span> <span class='ocrx_word' id='word_1_165' title='bbox 595 2160 663 2225; x_wconf 80' lang='grc' dir='ltr'>μου.</span> <span class='ocrx_word' id='word_1_166' title='bbox 681 2136 770 2225; x_wconf 82' lang='grc' dir='ltr'>Ὁρᾷς</span> <span class='ocrx_word' id='word_1_167' title='bbox 787 2135 835 2198; x_wconf 85' lang='grc' dir='ltr'><strong>ὅτι</strong></span> <span class='ocrx_word' id='word_1_168' title='bbox 851 2143 945 2198; x_wconf 73' lang='grc' dir='ltr'>τοῦτο</span> <span class='ocrx_word' id='word_1_169' title='bbox 969 2133 1038 2196; x_wconf 70' lang='grc' dir='ltr'>ἕπε·</span> <span class='ocrx_word' id='word_1_170' title='bbox 1092 2143 1172 2208; x_wconf 76' lang='lat' dir='ltr'><strong>beas</strong></span> <span class='ocrx_word' id='word_1_171' title='bbox 1192 2145 1405 2210; x_wconf 78' lang='lat' dir='ltr'><strong>tubernaculum</strong></span> <span class='ocrx_word' id='word_1_172' title='bbox 1424 2165 1526 2210; x_wconf 79' lang='lat' dir='ltr'><strong>mcum</strong></span> <span class='ocrx_word' id='word_1_173' title='bbox 1550 2147 1640 2215; x_wconf 87' lang='lat' dir='ltr'><strong>Vides</strong></span> <span class='ocrx_word' id='word_1_174' title='bbox 1661 2149 1838 2217; x_wconf 86' lang='lat' dir='ltr'><strong>desiderium</strong></span> 
     </span>
     <span class='ocr_line' id='line_1_17' title="bbox 289 2230 1839 2336; baseline 0.003 -19"><span class='ocrx_word' id='word_1_175' title='bbox 289 2243 392 2334; x_wconf 76' lang='grc' dir='ltr'>θύμει,</span> <span class='ocrx_word' id='word_1_176' title='bbox 407 2243 467 2318; x_wconf 75' lang='grc' dir='ltr'><strong>τὴν</strong></span> <span class='ocrx_word' id='word_1_177' title='bbox 483 2243 656 2317; x_wconf 75' lang='grc' dir='ltr'>ἐπισκοπὴν</span> <span class='ocrx_word' id='word_1_178' title='bbox 672 2243 725 2308; x_wconf 79' lang='grc' dir='ltr'>καὶ</span> <span class='ocrx_word' id='word_1_179' title='bbox 740 2242 800 2316; x_wconf 75' lang='grc' dir='ltr'><strong>τὴν</strong></span> <span class='ocrx_word' id='word_1_180' title='bbox 817 2241 960 2331; x_wconf 81' lang='grc' dir='ltr'>πρόνοιαν</span> <span class='ocrx_word' id='word_1_181' title='bbox 978 2230 1039 2305; x_wconf 75' lang='grc' dir='ltr'>δεῖ·</span> <span class='ocrx_word' id='word_1_182' title='bbox 1091 2251 1155 2334; x_wconf 87' lang='lat' dir='ltr'><strong>ejus</strong></span> <span class='ocrx_word' id='word_1_183' title='bbox 1175 2269 1238 2316; x_wconf 81' lang='lat' dir='ltr'><strong>esse</strong></span> <span class='ocrx_word' id='word_1_184' title='bbox 1252 2262 1285 2316; x_wconf 88' lang='lat' dir='ltr'><strong>ut</strong></span> <span class='ocrx_word' id='word_1_185' title='bbox 1299 2252 1497 2318; x_wconf 77' lang='lat' dir='ltr'><strong>visitationem</strong></span> <span class='ocrx_word' id='word_1_186' title='bbox 1509 2263 1541 2318; x_wconf 91' lang='lat' dir='ltr'><strong>et</strong></span> <span class='ocrx_word' id='word_1_187' title='bbox 1554 2254 1771 2336; x_wconf 84' lang='lat' dir='ltr'><strong>providentiam</strong></span> <span class='ocrx_word' id='word_1_188' title='bbox 1785 2255 1839 2322; x_wconf 87' lang='lat' dir='ltr'><strong>Dei</strong></span> 
     </span>
     <span class='ocr_line' id='line_1_18' title="bbox 290 2338 1837 2446; baseline 0.003 -23"><span class='ocrx_word' id='word_1_189' title='bbox 290 2346 341 2431; x_wconf 78' lang='grc' dir='ltr'>ξαι</span> <span class='ocrx_word' id='word_1_190' title='bbox 357 2360 414 2416; x_wconf 82' lang='grc' dir='ltr'>τοῦ</span> <span class='ocrx_word' id='word_1_191' title='bbox 431 2357 519 2416; x_wconf 74' lang='grc' dir='ltr'>Θεοῦ.</span> <span class='ocrx_word' id='word_1_192' title='bbox 535 2351 609 2426; x_wconf 66' lang='lat' dir='ltr'><strong>iiior</strong></span> <span class='ocrx_word' id='word_1_193' title='bbox 626 2341 712 2415; x_wconf 77' lang='grc' dir='ltr'>διύτε</span> <span class='ocrx_word' id='word_1_194' title='bbox 729 2343 813 2438; x_wconf 80' lang='grc' dir='ltr'>εἶχον</span> <span class='ocrx_word' id='word_1_195' title='bbox 830 2348 904 2440; x_wconf 80' lang='grc' dir='ltr'>ἐγὼ,</span> <span class='ocrx_word' id='word_1_196' title='bbox 922 2338 1038 2422; x_wconf 75' lang='grc' dir='ltr'>δίκαιος</span> <span class='ocrx_word' id='word_1_197' title='bbox 1093 2359 1278 2423; x_wconf 76' lang='lat' dir='ltr'><strong>manifestam</strong></span> <span class='ocrx_word' id='word_1_198' title='bbox 1291 2359 1388 2423; x_wconf 85' lang='lat' dir='ltr'><strong>iaciat.</strong></span> <span class='ocrx_word' id='word_1_199' title='bbox 1411 2360 1513 2425; x_wconf 83' lang='lat' dir='ltr'><strong>iunior</strong></span> <span class='ocrx_word' id='word_1_200' title='bbox 1534 2361 1649 2442; x_wconf 85' lang='lat' dir='ltr'><strong>quando</strong></span> <span class='ocrx_word' id='word_1_201' title='bbox 1669 2380 1750 2428; x_wconf 85' lang='lat' dir='ltr'><strong>eram</strong></span> <span class='ocrx_word' id='word_1_202' title='bbox 1770 2381 1837 2446; x_wconf 83' lang='lat' dir='ltr'><strong>ego,</strong></span> 
     </span>
     <span class='ocr_line' id='line_1_19' title="bbox 290 2454 1839 2554; baseline 0.001 -22"><span class='ocrx_word' id='word_1_203' title='bbox 290 2459 342 2537; x_wconf 77' lang='grc' dir='ltr'><strong>ὧν,</strong></span> <span class='ocrx_word' id='word_1_204' title='bbox 353 2458 456 2550; x_wconf 80' lang='grc' dir='ltr'>φησὶν,</span> <span class='ocrx_word' id='word_1_205' title='bbox 469 2457 528 2531; x_wconf 80' lang='grc' dir='ltr'><strong>τὴν</strong></span> <span class='ocrx_word' id='word_1_206' title='bbox 542 2459 696 2548; x_wconf 78' lang='grc' dir='ltr'>χρήσιμον</span> <span class='ocrx_word' id='word_1_207' title='bbox 708 2455 778 2545; x_wconf 76' lang='grc' dir='ltr'>ἐμοὶ</span> <span class='ocrx_word' id='word_1_208' title='bbox 789 2454 1038 2528; x_wconf 53' lang='lat' dir='ltr'><strong>bitinacium</strong></span> <span class='ocrx_word' id='word_1_209' title='bbox 1089 2465 1150 2550; x_wconf 86' lang='lat' dir='ltr'><strong>jam</strong></span> <span class='ocrx_word' id='word_1_210' title='bbox 1174 2467 1289 2549; x_wconf 82' lang='lat' dir='ltr'><strong>justus,</strong></span> <span class='ocrx_word' id='word_1_211' title='bbox 1311 2466 1420 2548; x_wconf 90' lang='lat' dir='ltr'><strong>inquit,</strong></span> <span class='ocrx_word' id='word_1_212' title='bbox 1442 2466 1600 2551; x_wconf 86' lang='lat' dir='ltr'><strong>proficuam</strong></span> <span class='ocrx_word' id='word_1_213' title='bbox 1622 2469 1694 2533; x_wconf 92' lang='lat' dir='ltr'><strong>mihi</strong></span> <span class='ocrx_word' id='word_1_214' title='bbox 1723 2471 1839 2554; x_wconf 86' lang='lat' dir='ltr'><strong>copiam</strong></span> 
     </span>
     <span class='ocr_line' id='line_1_20' title="bbox 291 2562 1840 2661; baseline 0.008 -31"><span class='ocrx_word' id='word_1_215' title='bbox 291 2568 414 2658; x_wconf 80' lang='grc' dir='ltr'>ἀρετήν·</span> <span class='ocrx_word' id='word_1_216' title='bbox 439 2575 516 2630; x_wconf 86' lang='grc' dir='ltr'>πᾶσι</span> <span class='ocrx_word' id='word_1_217' title='bbox 539 2565 599 2655; x_wconf 81' lang='grc' dir='ltr'><strong>γὰρ</strong></span> <span class='ocrx_word' id='word_1_218' title='bbox 622 2569 725 2640; x_wconf 85' lang='grc' dir='ltr'>καλῶς</span> <span class='ocrx_word' id='word_1_219' title='bbox 749 2562 903 2655; x_wconf 77' lang='grc' dir='ltr'>ἐχρώμην.</span> <span class='ocrx_word' id='word_1_220' title='bbox 1091 2573 1270 2656; x_wconf 81' lang='lat' dir='ltr'><strong>comparavi,</strong></span> <span class='ocrx_word' id='word_1_221' title='bbox 1284 2575 1432 2639; x_wconf 87' lang='lat' dir='ltr'><strong>virtutem.</strong></span> <span class='ocrx_word' id='word_1_222' title='bbox 1446 2575 1638 2660; x_wconf 82' lang='lat' dir='ltr'><strong>Quacumque</strong></span> <span class='ocrx_word' id='word_1_223' title='bbox 1649 2576 1729 2642; x_wconf 90' lang='lat' dir='ltr'><strong>enim</strong></span> <span class='ocrx_word' id='word_1_224' title='bbox 1744 2596 1776 2643; x_wconf 91' lang='lat' dir='ltr'><strong>re</strong></span> <span class='ocrx_word' id='word_1_225' title='bbox 1790 2594 1840 2661; x_wconf 93' lang='lat' dir='ltr'><strong>op·</strong></span> 
     </span>
    </p>

    <p class='ocr_par' dir='ltr' id='par_1_7' title="bbox 1093 2679 1295 2748">
     <span class='ocr_line' id='line_1_21' title="bbox 1093 2679 1295 2748; baseline 0 -4"><span class='ocrx_word' id='word_1_226' title='bbox 1093 2679 1162 2746; x_wconf 91' lang='lat' dir='ltr'><strong>time</strong></span> <span class='ocrx_word' id='word_1_227' title='bbox 1182 2681 1295 2748; x_wconf 89' lang='lat' dir='ltr'><strong>utebar.</strong></span> 
     </span>
    </p>
   </div>
   <div class='ocr_carea' id='block_1_3' title="bbox 291 2774 1041 3090">
    <p class='ocr_par' dir='ltr' id='par_1_8' title="bbox 291 2774 1041 3090">
     <span class='ocr_line' id='line_1_22' title="bbox 334 2774 1038 2870; baseline -0.011 -23"><span class='ocrx_word' id='word_1_228' title='bbox 334 2776 371 2862; x_wconf 85' lang='grc' dir='ltr'><strong>ζ’.</strong></span> <span class='ocrx_word' id='word_1_229' title='bbox 390 2781 469 2847; x_wconf 89' lang='grc' dir='ltr'><strong>Ὅτε</strong></span> <span class='ocrx_word' id='word_1_230' title='bbox 494 2774 721 2870; x_wconf 77' lang='grc' dir='ltr'>ἐξεπορευύμην</span> <span class='ocrx_word' id='word_1_231' title='bbox 747 2775 864 2869; x_wconf 81' lang='grc' dir='ltr'>ὄρθριος</span> <span class='ocrx_word' id='word_1_232' title='bbox 883 2779 914 2840; x_wconf 85' lang='grc' dir='ltr'><strong>ὲν</strong></span> <span class='ocrx_word' id='word_1_233' title='bbox 937 2775 1038 2852; x_wconf 86' lang='grc' dir='ltr'>πόλει,</span> 
     </span>
     <span class='ocr_line' id='line_1_23' title="bbox 291 2875 1037 2975; baseline -0.016 -21"><span class='ocrx_word' id='word_1_234' title='bbox 291 2893 321 2954; x_wconf 85' lang='grc' dir='ltr'><strong>ἐν</strong></span> <span class='ocrx_word' id='word_1_235' title='bbox 346 2881 380 2955; x_wconf 74' lang='grc' dir='ltr'><strong>δὲ</strong></span> <span class='ocrx_word' id='word_1_236' title='bbox 403 2889 567 2964; x_wconf 82' lang='grc' dir='ltr'>πλατείαις</span> <span class='ocrx_word' id='word_1_237' title='bbox 583 2886 704 2953; x_wconf 83' lang='grc' dir='ltr'>ἑτίθετύ</span> <span class='ocrx_word' id='word_1_238' title='bbox 721 2909 780 2975; x_wconf 87' lang='grc' dir='ltr'><strong>μου</strong></span> <span class='ocrx_word' id='word_1_239' title='bbox 797 2889 813 2948; x_wconf 92' lang='grc' dir='ltr'>ὁ</span> <span class='ocrx_word' id='word_1_240' title='bbox 830 2875 941 2974; x_wconf 77' lang='grc' dir='ltr'>δίφρος.</span> <span class='ocrx_word' id='word_1_241' title='bbox 961 2880 1037 2946; x_wconf 84' lang='lat' dir='ltr'><strong>ibid.</strong></span> 
     </span>
     <span class='ocr_line' id='line_1_24' title="bbox 336 2984 1041 3090; baseline -0.007 -27"><span class='ocrx_word' id='word_1_242' title='bbox 336 2994 396 3064; x_wconf 81' lang='grc' dir='ltr'><strong>Οἷα</strong></span> <span class='ocrx_word' id='word_1_243' title='bbox 415 2996 475 3090; x_wconf 88' lang='grc' dir='ltr'><strong>γάρ</strong></span> <span class='ocrx_word' id='word_1_244' title='bbox 499 3021 546 3072; x_wconf 90' lang='grc' dir='ltr'>τις</span> <span class='ocrx_word' id='word_1_245' title='bbox 570 2995 674 3087; x_wconf 88' lang='grc' dir='ltr'>ἄρχων</span> <span class='ocrx_word' id='word_1_246' title='bbox 697 2993 752 3058; x_wconf 85' lang='grc' dir='ltr'><strong>καί</strong></span> <span class='ocrx_word' id='word_1_247' title='bbox 768 2984 955 3070; x_wconf 77' lang='grc' dir='ltr'>διδάσκαλος</span> <span class='ocrx_word' id='word_1_248' title='bbox 971 2997 1041 3085; x_wconf 90' lang='grc' dir='ltr'>ἀρε-</span> 
     </span>
    </p>
   </div>
   <div class='ocr_carea' id='block_1_4' title="bbox 290 3095 1040 3520">
    <p class='ocr_par' dir='ltr' id='par_1_9' title="bbox 290 3095 1040 3411">
     <span class='ocr_line' id='line_1_25' title="bbox 290 3095 1040 3193; baseline 0 -25"><span class='ocrx_word' id='word_1_249' title='bbox 290 3115 359 3180; x_wconf 82' lang='grc' dir='ltr'>τῆς,</span> <span class='ocrx_word' id='word_1_250' title='bbox 373 3107 431 3193; x_wconf 95' lang='grc' dir='ltr'>οὐχ</span> <span class='ocrx_word' id='word_1_251' title='bbox 442 3104 528 3186; x_wconf 87' lang='grc' dir='ltr'>ὕπνῳ</span> <span class='ocrx_word' id='word_1_252' title='bbox 540 3102 595 3166; x_wconf 88' lang='grc' dir='ltr'><strong>καί</strong></span> <span class='ocrx_word' id='word_1_253' title='bbox 606 3100 712 3190; x_wconf 86' lang='grc' dir='ltr'>μέθαις</span> <span class='ocrx_word' id='word_1_254' title='bbox 728 3096 908 3190; x_wconf 75' lang='grc' dir='ltr'>ἐσχόλαζεν,</span> <span class='ocrx_word' id='word_1_255' title='bbox 924 3102 993 3168; x_wconf 85' lang='grc' dir='ltr'>ἀλλ’</span> <span class='ocrx_word' id='word_1_256' title='bbox 1007 3095 1040 3180; x_wconf 76' lang='grc' dir='ltr'><strong>ἐξ</strong></span> 
     </span>
     <span class='ocr_line' id='line_1_26' title="bbox 291 3209 1038 3305; baseline -0.005 -27"><span class='ocrx_word' id='word_1_257' title='bbox 291 3211 418 3305; x_wconf 79' lang='grc' dir='ltr'>ἀγάπης</span> <span class='ocrx_word' id='word_1_258' title='bbox 433 3209 557 3287; x_wconf 80' lang='grc' dir='ltr'>ἑωθινὸς</span> <span class='ocrx_word' id='word_1_259' title='bbox 571 3214 602 3276; x_wconf 82' lang='grc' dir='ltr'><strong>ὲν</strong></span> <span class='ocrx_word' id='word_1_260' title='bbox 617 3220 686 3286; x_wconf 85' lang='grc' dir='ltr'>ταῖς</span> <span class='ocrx_word' id='word_1_261' title='bbox 706 3211 870 3285; x_wconf 87' lang='grc' dir='ltr'>πλατείαις</span> <span class='ocrx_word' id='word_1_262' title='bbox 886 3209 1038 3288; x_wconf 78' lang='grc' dir='ltr'>καθῆστο,</span> 
     </span>
     <span class='ocr_line' id='line_1_27' title="bbox 292 3317 1038 3411; baseline 0 -27"><span class='ocrx_word' id='word_1_263' title='bbox 292 3321 384 3411; x_wconf 85' lang='grc' dir='ltr'>νόμος</span> <span class='ocrx_word' id='word_1_264' title='bbox 400 3319 454 3384; x_wconf 82' lang='grc' dir='ltr'><strong>καί</strong></span> <span class='ocrx_word' id='word_1_265' title='bbox 469 3318 566 3396; x_wconf 86' lang='grc' dir='ltr'>τύπος</span> <span class='ocrx_word' id='word_1_266' title='bbox 577 3329 642 3395; x_wconf 86' lang='grc' dir='ltr'>τοῖς</span> <span class='ocrx_word' id='word_1_267' title='bbox 658 3322 690 3383; x_wconf 82' lang='grc' dir='ltr'><strong>ἐν</strong></span> <span class='ocrx_word' id='word_1_268' title='bbox 706 3329 746 3403; x_wconf 82' lang='grc' dir='ltr'><strong>τῇ</strong></span> <span class='ocrx_word' id='word_1_269' title='bbox 764 3318 855 3382; x_wconf 88' lang='grc' dir='ltr'>πόλει</span> <span class='ocrx_word' id='word_1_270' title='bbox 869 3317 1038 3408; x_wconf 82' lang='grc' dir='ltr'>γινόμενος.</span> 
     </span>
    </p>

    <p class='ocr_par' dir='ltr' id='par_1_10' title="bbox 338 3411 1037 3520">
     <span class='ocr_line' id='line_1_28' title="bbox 338 3411 1037 3520; baseline -0.004 -28"><span class='ocrx_word' id='word_1_271' title='bbox 338 3411 546 3520; x_wconf 68' lang='grc' dir='ltr'>ιγ’.Ἐύλογία</span> <span class='ocrx_word' id='word_1_272' title='bbox 571 3425 785 3514; x_wconf 65' lang='grc' dir='ltr'>ἀπολλυμένου</span> <span class='ocrx_word' id='word_1_273' title='bbox 808 3424 855 3490; x_wconf 85' lang='grc' dir='ltr'>ἐπ’</span> <span class='ocrx_word' id='word_1_274' title='bbox 873 3425 928 3514; x_wconf 82' lang='grc' dir='ltr'>ἐμὲ</span> <span class='ocrx_word' id='word_1_275' title='bbox 944 3424 1037 3491; x_wconf 85' lang='grc' dir='ltr'>ἔλθοι.</span> 
     </span>
    </p>
   </div>
   <div class='ocr_carea' id='block_1_5' title="bbox 290 3632 1039 4815">
    <p class='ocr_par' dir='ltr' id='par_1_11' title="bbox 291 3632 1038 3828">
     <span class='ocr_line' id='line_1_29' title="bbox 337 3632 1038 3733; baseline -0.006 -23"><span class='ocrx_word' id='word_1_276' title='bbox 337 3645 486 3733; x_wconf 78' lang='grc' dir='ltr'>Σευήρου,</span> <span class='ocrx_word' id='word_1_277' title='bbox 510 3646 545 3708; x_wconf 84' lang='grc' dir='ltr'><strong>ἐκ</strong></span> <span class='ocrx_word' id='word_1_278' title='bbox 568 3653 626 3718; x_wconf 81' lang='grc' dir='ltr'>τῆς</span> <span class='ocrx_word' id='word_1_279' title='bbox 649 3641 723 3733; x_wconf 78' lang='grc' dir='ltr'>πρὸς</span> <span class='ocrx_word' id='word_1_280' title='bbox 747 3639 916 3715; x_wconf 78' lang='grc' dir='ltr'>Ἰουλιανὴν</span> <span class='ocrx_word' id='word_1_281' title='bbox 934 3632 1038 3706; x_wconf 74' lang='grc' dir='ltr'>διάκο-</span> 
     </span>
     <span class='ocr_line' id='line_1_30' title="bbox 291 3755 543 3828; baseline -0.016 -10"><span class='ocrx_word' id='word_1_282' title='bbox 291 3776 341 3818; x_wconf 93' lang='grc' dir='ltr'>νον</span> <span class='ocrx_word' id='word_1_283' title='bbox 366 3755 543 3828; x_wconf 80' lang='grc' dir='ltr'>ἐπιστολῆς.</span> 
     </span>
    </p>

    <p class='ocr_par' dir='ltr' id='par_1_12' title="bbox 290 3858 1039 4815">
     <span class='ocr_line' id='line_1_31' title="bbox 338 3858 1037 3951; baseline -0.001 -26"><span class='ocrx_word' id='word_1_284' title='bbox 338 3859 372 3925; x_wconf 91' lang='lat'><strong>‘0</strong></span> <span class='ocrx_word' id='word_1_285' title='bbox 385 3859 493 3948; x_wconf 88' lang='grc' dir='ltr'>Κύριος</span> <span class='ocrx_word' id='word_1_286' title='bbox 509 3863 540 3924; x_wconf 84' lang='grc' dir='ltr'><strong>ἐν</strong></span> <span class='ocrx_word' id='word_1_287' title='bbox 557 3859 751 3951; x_wconf 79' lang='grc' dir='ltr'>εὐαγγελίοις</span> <span class='ocrx_word' id='word_1_288' title='bbox 770 3858 872 3948; x_wconf 80' lang='grc' dir='ltr'>φησίν,</span> <span class='ocrx_word' id='word_1_289' title='bbox 889 3859 1037 3950; x_wconf 79' lang='grc' dir='ltr'>περὶτῶν</span> 
     </span>
     <span class='ocr_line' id='line_1_32' title="bbox 292 3965 1038 4057; baseline -0.003 -25"><span class='ocrx_word' id='word_1_290' title='bbox 292 3977 337 4052; x_wconf 85' lang='grc' dir='ltr'><strong>τῷ</strong></span> <span class='ocrx_word' id='word_1_291' title='bbox 361 3965 470 4055; x_wconf 84' lang='grc' dir='ltr'>κόσμῳ</span> <span class='ocrx_word' id='word_1_292' title='bbox 486 3965 675 4056; x_wconf 89' lang='grc' dir='ltr'>νεκρούντων</span> <span class='ocrx_word' id='word_1_293' title='bbox 696 3966 833 4042; x_wconf 86' lang='grc' dir='ltr'>ἑαυτούς,</span> <span class='ocrx_word' id='word_1_294' title='bbox 858 3965 877 4038; x_wconf 76' lang='grc' dir='ltr'><strong>ἢ</strong></span> <span class='ocrx_word' id='word_1_295' title='bbox 903 3966 976 4057; x_wconf 82' lang='grc' dir='ltr'>πρὸς</span> <span class='ocrx_word' id='word_1_296' title='bbox 1000 3967 1038 4030; x_wconf 80' lang='grc' dir='ltr'><strong>τὸ</strong></span> 
     </span>
     <span class='ocr_line' id='line_1_33' title="bbox 291 4064 1039 4163; baseline -0.001 -25"><span class='ocrx_word' id='word_1_297' title='bbox 291 4082 347 4138; x_wconf 83' lang='grc' dir='ltr'>τοῦ</span> <span class='ocrx_word' id='word_1_298' title='bbox 372 4073 541 4163; x_wconf 87' lang='grc' dir='ltr'>μαρτυρίου</span> <span class='ocrx_word' id='word_1_299' title='bbox 564 4064 691 4138; x_wconf 75' lang='grc' dir='ltr'>στάδιον</span> <span class='ocrx_word' id='word_1_300' title='bbox 714 4073 752 4137; x_wconf 78' lang='grc' dir='ltr'><strong>τὸ</strong></span> <span class='ocrx_word' id='word_1_301' title='bbox 781 4083 871 4162; x_wconf 84' lang='grc' dir='ltr'>σῶμα</span> <span class='ocrx_word' id='word_1_302' title='bbox 899 4065 1039 4138; x_wconf 76' lang='grc' dir='ltr'>ἐκδιδόν-</span> 
     </span>
     <span class='ocr_line' id='line_1_34' title="bbox 292 4180 1036 4271; baseline -0.001 -25"><span class='ocrx_word' id='word_1_303' title='bbox 292 4206 372 4258; x_wconf 85' lang='grc' dir='ltr'>των,</span> <span class='ocrx_word' id='word_1_304' title='bbox 396 4180 416 4253; x_wconf 76' lang='grc' dir='ltr'><strong>ἢ</strong></span> <span class='ocrx_word' id='word_1_305' title='bbox 441 4181 514 4271; x_wconf 79' lang='grc' dir='ltr'>πρὸς</span> <span class='ocrx_word' id='word_1_306' title='bbox 545 4180 616 4257; x_wconf 90' lang='grc' dir='ltr'>τούς</span> <span class='ocrx_word' id='word_1_307' title='bbox 639 4192 698 4256; x_wconf 82' lang='grc' dir='ltr'>τῆς</span> <span class='ocrx_word' id='word_1_308' title='bbox 720 4183 881 4259; x_wconf 73' lang='grc' dir='ltr'>ἀσκήσεως</span> <span class='ocrx_word' id='word_1_309' title='bbox 908 4183 1036 4259; x_wconf 86' lang='grc' dir='ltr'>πόνους,</span> 
     </span>
     <span class='ocr_line' id='line_1_35' title="bbox 292 4279 1038 4375; baseline 0.005 -23"><span class='ocrx_word' id='word_1_310' title='bbox 292 4287 460 4375; x_wconf 82' lang='grc' dir='ltr'>καὶταύτῃ</span> <span class='ocrx_word' id='word_1_311' title='bbox 476 4279 649 4353; x_wconf 77' lang='grc' dir='ltr'>δοκούντων</span> <span class='ocrx_word' id='word_1_312' title='bbox 662 4289 789 4367; x_wconf 86' lang='grc' dir='ltr'>ἑαυτούς</span> <span class='ocrx_word' id='word_1_313' title='bbox 799 4291 973 4356; x_wconf 83' lang='grc' dir='ltr'>ἀπολλύναι</span> <span class='ocrx_word' id='word_1_314' title='bbox 985 4292 1038 4356; x_wconf 86' lang='grc' dir='ltr'><strong>καὶ</strong></span> 
     </span>
     <span class='ocr_line' id='line_1_36' title="bbox 292 4398 1037 4488; baseline 0.004 -26"><span class='ocrx_word' id='word_1_315' title='bbox 292 4401 476 4462; x_wconf 84' lang='grc' dir='ltr'>ἀποκτεῖναι</span> <span class='ocrx_word' id='word_1_316' title='bbox 499 4407 545 4482; x_wconf 81' lang='grc' dir='ltr'><strong>τῷ</strong></span> <span class='ocrx_word' id='word_1_317' title='bbox 569 4398 785 4488; x_wconf 80' lang='grc' dir='ltr'>στερίσκεσθαι</span> <span class='ocrx_word' id='word_1_318' title='bbox 807 4411 865 4476; x_wconf 70' lang='grc' dir='ltr'>τῆς</span> <span class='ocrx_word' id='word_1_319' title='bbox 888 4403 1037 4485; x_wconf 78' lang='grc' dir='ltr'>βιωτικῆς</span> 
     </span>
     <span class='ocr_line' id='line_1_37' title="bbox 292 4501 1036 4597; baseline 0.007 -29"><span class='ocrx_word' id='word_1_320' title='bbox 292 4501 502 4582; x_wconf 77' lang='grc' dir='ltr'>ἀπολαύσεως·</span> <span class='ocrx_word' id='word_1_321' title='bbox 519 4507 553 4570; x_wconf 93' lang='lat'><strong>&#39;0</strong></span> <span class='ocrx_word' id='word_1_322' title='bbox 571 4505 725 4582; x_wconf 85' lang='grc' dir='ltr'>ἀπολέσας</span> <span class='ocrx_word' id='word_1_323' title='bbox 741 4507 800 4580; x_wconf 77' lang='grc' dir='ltr'><strong>τὴν</strong></span> <span class='ocrx_word' id='word_1_324' title='bbox 818 4505 920 4597; x_wconf 77' lang='grc' dir='ltr'>ψυχὴν</span> <span class='ocrx_word' id='word_1_325' title='bbox 941 4514 1036 4573; x_wconf 84' lang='grc' dir='ltr'>αὐτοῦ</span> 
     </span>
     <span class='ocr_line' id='line_1_38' title="bbox 290 4609 1037 4703; baseline 0.007 -27"><span class='ocrx_word' id='word_1_326' title='bbox 290 4611 392 4678; x_wconf 85' lang='grc' dir='ltr'>ἕνεκεν</span> <span class='ocrx_word' id='word_1_327' title='bbox 409 4617 494 4702; x_wconf 85' lang='grc' dir='ltr'>ἐμοῦ,</span> <span class='ocrx_word' id='word_1_328' title='bbox 512 4613 634 4703; x_wconf 82' lang='grc' dir='ltr'>εὑρήσει</span> <span class='ocrx_word' id='word_1_329' title='bbox 650 4616 759 4690; x_wconf 83' lang='grc' dir='ltr'>αὐτήν.</span> <span class='ocrx_word' id='word_1_330' title='bbox 777 4623 840 4680; x_wconf 85' lang='grc' dir='ltr'>Τοῦ</span> <span class='ocrx_word' id='word_1_331' title='bbox 864 4609 916 4680; x_wconf 78' lang='grc' dir='ltr'>οὖν</span> <span class='ocrx_word' id='word_1_332' title='bbox 940 4617 1037 4694; x_wconf 85' lang='grc' dir='ltr'>οὕτως</span> 
     </span>
     <span class='ocr_line' id='line_1_39' title="bbox 291 4719 1037 4815; baseline 0.008 -32"><span class='ocrx_word' id='word_1_333' title='bbox 291 4719 517 4810; x_wconf 82' lang='grc' dir='ltr'>ἀπολλυμένου,</span> <span class='ocrx_word' id='word_1_334' title='bbox 543 4721 627 4786; x_wconf 87' lang='grc' dir='ltr'><strong>κατά</strong></span> <span class='ocrx_word' id='word_1_335' title='bbox 649 4721 708 4795; x_wconf 70' lang='grc' dir='ltr'><strong>τὴν</strong></span> <span class='ocrx_word' id='word_1_336' title='bbox 733 4732 789 4787; x_wconf 82' lang='grc' dir='ltr'>τοῦ</span> <span class='ocrx_word' id='word_1_337' title='bbox 814 4729 959 4813; x_wconf 75' lang='grc' dir='ltr'>Σωτῆρος</span> <span class='ocrx_word' id='word_1_338' title='bbox 975 4747 1037 4815; x_wconf 82' lang='grc' dir='ltr'><strong>φω-</strong></span> 
     </span>
    </p>
   </div>
   <div class='ocr_carea' id='block_1_6' title="bbox 329 4895 1034 4967">
    <p class='ocr_par' dir='ltr' id='par_1_13' title="bbox 329 4895 1034 4967">
     <span class='ocr_line' id='line_1_40' title="bbox 329 4895 1034 4967; baseline 0 -13"><span class='ocrx_word' id='word_1_339' title='bbox 329 4897 395 4967; x_wconf 81' lang='lat' dir='ltr'><strong>Cap.</strong></span> <span class='ocrx_word' id='word_1_340' title='bbox 415 4898 531 4966; x_wconf 82' lang='lat' dir='ltr'><em>XXIX,</em></span> <span class='ocrx_word' id='word_1_341' title='bbox 550 4895 585 4964; x_wconf 88' lang='grc'><strong>3,</strong></span> <span class='ocrx_word' id='word_1_342' title='bbox 604 4898 632 4953; x_wconf 84' lang='grc'><strong>4.</strong></span> <span class='ocrx_word' id='word_1_343' title='bbox 652 4900 716 4954; x_wconf 82' lang='lat' dir='ltr'><strong>vat.</strong></span> <span class='ocrx_word' id='word_1_344' title='bbox 737 4914 757 4955; x_wconf 88' lang='lat'><strong>11</strong></span> <span class='ocrx_word' id='word_1_345' title='bbox 777 4899 799 4952; x_wconf 86' lang='grc' dir='ltr'><strong>ί.</strong></span> <span class='ocrx_word' id='word_1_346' title='bbox 823 4898 883 4954; x_wconf 86' lang='grc'><strong>167.</strong></span> <span class='ocrx_word' id='word_1_347' title='bbox 904 4899 948 4954; x_wconf 82' lang='lat' dir='ltr'><strong>Cf.</strong></span> <span class='ocrx_word' id='word_1_348' title='bbox 968 4903 1034 4955; x_wconf 85' lang='lat' dir='ltr'><strong>buo.</strong></span> 
     </span>
    </p>
   </div>
   <div class='ocr_carea' id='block_1_7' title="bbox 289 4985 1036 5236">
    <p class='ocr_par' dir='ltr' id='par_1_14' title="bbox 289 4985 1036 5236">
     <span class='ocr_line' id='line_1_41' title="bbox 289 4985 1036 5062; baseline 0.008 -23"><span class='ocrx_word' id='word_1_349' title='bbox 289 5005 318 5059; x_wconf 86' lang='lat' dir='ltr'><strong>p.</strong></span> <span class='ocrx_word' id='word_1_350' title='bbox 336 4985 400 5056; x_wconf 85' lang='grc'>439,</span> <span class='ocrx_word' id='word_1_351' title='bbox 420 4987 520 5042; x_wconf 88' lang='lat' dir='ltr'><strong>Comit.</strong></span> <span class='ocrx_word' id='word_1_352' title='bbox 538 4987 603 5056; x_wconf 78' lang='lat'>3993</span> <span class='ocrx_word' id='word_1_353' title='bbox 622 4990 701 5044; x_wconf 89' lang='lat' dir='ltr'><strong>ambo</strong></span> <span class='ocrx_word' id='word_1_354' title='bbox 720 4988 821 5044; x_wconf 88' lang='lat' dir='ltr'><strong>ultima</strong></span> <span class='ocrx_word' id='word_1_355' title='bbox 837 4988 1036 5062; x_wconf 83' lang='lat' dir='ltr'><strong>Olympiodoro</strong></span> 
     </span>
     <span class='ocr_line' id='line_1_42' title="bbox 289 5076 641 5146; baseline 0.02 -21"><span class='ocrx_word' id='word_1_356' title='bbox 289 5078 446 5146; x_wconf 78' lang='lat' dir='ltr'><strong>assignant,</strong></span> <span class='ocrx_word' id='word_1_357' title='bbox 464 5077 512 5130; x_wconf 84' lang='lat' dir='ltr'><strong>sed</strong></span> <span class='ocrx_word' id='word_1_358' title='bbox 530 5076 641 5132; x_wconf 85' lang='lat' dir='ltr'><strong>mutila.</strong></span> 
     </span>
     <span class='ocr_line' id='line_1_43' title="bbox 328 5162 1036 5236; baseline 0.008 -20"><span class='ocrx_word' id='word_1_359' title='bbox 328 5182 354 5216; x_wconf 83' lang='grc' dir='ltr'><strong>υ.</strong></span> <span class='ocrx_word' id='word_1_360' title='bbox 374 5162 402 5219; x_wconf 86' lang='grc'><strong>7.</strong></span> <span class='ocrx_word' id='word_1_361' title='bbox 422 5166 486 5222; x_wconf 88' lang='lat' dir='ltr'><strong>Vat.</strong></span> <span class='ocrx_word' id='word_1_362' title='bbox 507 5183 526 5220; x_wconf 90' lang='lat' dir='ltr'><strong>rr</strong></span> <span class='ocrx_word' id='word_1_363' title='bbox 546 5167 568 5218; x_wconf 86' lang='lat' dir='ltr'><strong>i.</strong></span> <span class='ocrx_word' id='word_1_364' title='bbox 590 5163 654 5236; x_wconf 75' lang='lat'>1683</span> <span class='ocrx_word' id='word_1_365' title='bbox 675 5169 704 5221; x_wconf 95' lang='lat' dir='ltr'><strong>in</strong></span> <span class='ocrx_word' id='word_1_366' title='bbox 717 5168 782 5222; x_wconf 87' lang='lat' dir='ltr'><strong>Vat.</strong></span> <span class='ocrx_word' id='word_1_367' title='bbox 803 5185 811 5221; x_wconf 88' lang='lat'>1</span> <span class='ocrx_word' id='word_1_368' title='bbox 832 5167 853 5220; x_wconf 80' lang='lat' dir='ltr'><strong>i.</strong></span> <span class='ocrx_word' id='word_1_369' title='bbox 871 5165 1036 5222; x_wconf 76' lang='lat' dir='ltr'><strong>iiidicitur</strong></span> 
     </span>
    </p>
   </div>
   <div class='ocr_carea' id='block_1_8' title="bbox 291 5249 1034 5328">
    <p class='ocr_par' dir='ltr' id='par_1_15' title="bbox 291 5249 1034 5328">
     <span class='ocr_line' id='line_1_44' title="bbox 291 5249 1034 5328; baseline 0.013 -24"><span class='ocrx_word' id='word_1_370' title='bbox 291 5249 495 5326; x_wconf 71' lang='lat' dir='ltr'><strong>Olympiodori‚</strong></span> <span class='ocrx_word' id='word_1_371' title='bbox 509 5261 540 5310; x_wconf 87' lang='lat' dir='ltr'><strong>ui</strong></span> <span class='ocrx_word' id='word_1_372' title='bbox 552 5258 624 5326; x_wconf 85' lang='lat' dir='ltr'><strong>apud</strong></span> <span class='ocrx_word' id='word_1_373' title='bbox 642 5257 755 5312; x_wconf 80' lang='lat' dir='ltr'><strong>iunium</strong></span> <span class='ocrx_word' id='word_1_374' title='bbox 774 5277 802 5328; x_wconf 88' lang='lat' dir='ltr'><strong>p.</strong></span> <span class='ocrx_word' id='word_1_375' title='bbox 824 5257 885 5312; x_wconf 81' lang='lat' dir='ltr'><strong>tiu.</strong></span> <span class='ocrx_word' id='word_1_376' title='bbox 901 5261 928 5312; x_wconf 89' lang='lat' dir='ltr'><strong>ei</strong></span> <span class='ocrx_word' id='word_1_377' title='bbox 941 5258 1034 5314; x_wconf 89' lang='lat' dir='ltr'><strong>Corni-</strong></span> 
     </span>
    </p>
   </div>
   <div class='ocr_carea' id='block_1_9' title="bbox 1090 2786 1840 4593">
    <p class='ocr_par' dir='ltr' id='par_1_16' title="bbox 1093 2786 1839 2980">
     <span class='ocr_line' id='line_1_45' title="bbox 1131 2786 1839 2874; baseline 0.007 -23"><span class='ocrx_word' id='word_1_378' title='bbox 1131 2786 1206 2851; x_wconf 89' lang='lat' dir='ltr'><strong>lbid.</strong></span> <span class='ocrx_word' id='word_1_379' title='bbox 1229 2807 1261 2854; x_wconf 77' lang='lat' dir='ltr'><strong>u.</strong></span> <span class='ocrx_word' id='word_1_380' title='bbox 1284 2789 1303 2852; x_wconf 84' lang='lat'><strong>7</strong></span> <span class='ocrx_word' id='word_1_381' title='bbox 1308 2837 1323 2874; x_wconf 62' lang='lat'><strong>.,</strong></span> <span class='ocrx_word' id='word_1_382' title='bbox 1338 2789 1411 2853; x_wconf 86' lang='lat' dir='ltr'><strong>Cum</strong></span> <span class='ocrx_word' id='word_1_383' title='bbox 1431 2789 1545 2854; x_wconf 83' lang='lat' dir='ltr'><strong>eatbam</strong></span> <span class='ocrx_word' id='word_1_384' title='bbox 1564 2795 1723 2856; x_wconf 82' lang='lat' dir='ltr'><strong>matutinus</strong></span> <span class='ocrx_word' id='word_1_385' title='bbox 1742 2795 1775 2855; x_wconf 80' lang='grc' dir='ltr'><strong>ιἰι</strong></span> <span class='ocrx_word' id='word_1_386' title='bbox 1795 2793 1839 2856; x_wconf 82' lang='lat' dir='ltr'><strong>ci-</strong></span> 
     </span>
     <span class='ocr_line' id='line_1_46' title="bbox 1093 2895 1777 2980; baseline 0.004 -22"><span class='ocrx_word' id='word_1_387' title='bbox 1093 2895 1190 2974; x_wconf 84' lang='lat' dir='ltr'><strong>or&#39;totc,</strong></span> <span class='ocrx_word' id='word_1_388' title='bbox 1211 2903 1239 2958; x_wconf 89' lang='lat' dir='ltr'><strong>ct</strong></span> <span class='ocrx_word' id='word_1_389' title='bbox 1257 2899 1286 2960; x_wconf 88' lang='grc' dir='ltr'><strong>ιἰι</strong></span> <span class='ocrx_word' id='word_1_390' title='bbox 1305 2895 1409 2980; x_wconf 83' lang='lat' dir='ltr'><strong>piotcic</strong></span> <span class='ocrx_word' id='word_1_391' title='bbox 1429 2897 1587 2980; x_wconf 83' lang='lat' dir='ltr'><strong>ponebatur</strong></span> <span class='ocrx_word' id='word_1_392' title='bbox 1607 2898 1676 2962; x_wconf 84' lang='lat' dir='ltr'><strong>mibi</strong></span> <span class='ocrx_word' id='word_1_393' title='bbox 1694 2897 1777 2963; x_wconf 84' lang='lat' dir='ltr'><strong>seila.</strong></span> 
     </span>
    </p>

    <p class='ocr_par' dir='ltr' id='par_1_17' title="bbox 1092 3003 1840 3411">
     <span class='ocr_line' id='line_1_47' title="bbox 1133 3003 1840 3090; baseline 0.008 -24"><span class='ocrx_word' id='word_1_394' title='bbox 1133 3003 1229 3068; x_wconf 90' lang='lat' dir='ltr'><strong>Instar</strong></span> <span class='ocrx_word' id='word_1_395' title='bbox 1249 3005 1328 3068; x_wconf 88' lang='lat' dir='ltr'><strong>enim</strong></span> <span class='ocrx_word' id='word_1_396' title='bbox 1349 3005 1491 3088; x_wconf 91' lang='lat' dir='ltr'><strong>principis</strong></span> <span class='ocrx_word' id='word_1_397' title='bbox 1510 3006 1637 3090; x_wconf 88' lang='lat' dir='ltr'><strong>aiicujus</strong></span> <span class='ocrx_word' id='word_1_398' title='bbox 1658 3017 1689 3072; x_wconf 87' lang='lat' dir='ltr'><strong>et</strong></span> <span class='ocrx_word' id='word_1_399' title='bbox 1718 3005 1840 3072; x_wconf 85' lang='lat' dir='ltr'><strong>virtutis</strong></span> 
     </span>
     <span class='ocr_line' id='line_1_48' title="bbox 1093 3110 1837 3194; baseline 0.009 -21"><span class='ocrx_word' id='word_1_400' title='bbox 1093 3110 1239 3193; x_wconf 81' lang='lat' dir='ltr'><strong>magistri,</strong></span> <span class='ocrx_word' id='word_1_401' title='bbox 1255 3129 1312 3175; x_wconf 93' lang='lat' dir='ltr'><strong>non</strong></span> <span class='ocrx_word' id='word_1_402' title='bbox 1327 3129 1428 3175; x_wconf 91' lang='lat' dir='ltr'><strong>somno</strong></span> <span class='ocrx_word' id='word_1_403' title='bbox 1441 3120 1471 3176; x_wconf 92' lang='lat' dir='ltr'><strong>et</strong></span> <span class='ocrx_word' id='word_1_404' title='bbox 1485 3112 1680 3178; x_wconf 85' lang='lat' dir='ltr'><strong>ebrietatibus</strong></span> <span class='ocrx_word' id='word_1_405' title='bbox 1701 3115 1837 3194; x_wconf 81' lang='lat' dir='ltr'><strong>vacabat,</strong></span> 
     </span>
     <span class='ocr_line' id='line_1_49' title="bbox 1092 3218 1839 3303; baseline 0.007 -21"><span class='ocrx_word' id='word_1_406' title='bbox 1092 3218 1280 3284; x_wconf 74' lang='lat' dir='ltr'><strong>sedenibus</strong></span> <span class='ocrx_word' id='word_1_407' title='bbox 1300 3220 1347 3284; x_wconf 82' lang='lat' dir='ltr'><strong>ier</strong></span> <span class='ocrx_word' id='word_1_408' title='bbox 1367 3230 1398 3284; x_wconf 89' lang='lat' dir='ltr'><strong>et</strong></span> <span class='ocrx_word' id='word_1_409' title='bbox 1423 3221 1572 3303; x_wconf 83' lang='lat' dir='ltr'><strong>crcmpiar</strong></span> <span class='ocrx_word' id='word_1_410' title='bbox 1593 3221 1703 3298; x_wconf 88' lang='lat' dir='ltr'><strong>iactus,</strong></span> <span class='ocrx_word' id='word_1_411' title='bbox 1726 3241 1839 3287; x_wconf 91' lang='lat' dir='ltr'><strong>summo</strong></span> 
     </span>
     <span class='ocr_line' id='line_1_50' title="bbox 1092 3325 1807 3411; baseline 0.006 -21"><span class='ocrx_word' id='word_1_412' title='bbox 1092 3342 1178 3392; x_wconf 86' lang='lat' dir='ltr'><strong>mane</strong></span> <span class='ocrx_word' id='word_1_413' title='bbox 1198 3325 1321 3391; x_wconf 86' lang='lat' dir='ltr'><strong>caritate</strong></span> <span class='ocrx_word' id='word_1_414' title='bbox 1341 3343 1480 3392; x_wconf 86' lang='lat' dir='ltr'><strong>accensus</strong></span> <span class='ocrx_word' id='word_1_415' title='bbox 1501 3328 1530 3392; x_wconf 95' lang='lat' dir='ltr'><strong>in</strong></span> <span class='ocrx_word' id='word_1_416' title='bbox 1552 3327 1659 3411; x_wconf 87' lang='lat' dir='ltr'><strong>plateis</strong></span> <span class='ocrx_word' id='word_1_417' title='bbox 1677 3327 1807 3394; x_wconf 87' lang='lat' dir='ltr'><strong>sedebat.</strong></span> 
     </span>
    </p>

    <p class='ocr_par' dir='ltr' id='par_1_18' title="bbox 1091 3434 1839 3608">
     <span class='ocr_line' id='line_1_51' title="bbox 1133 3434 1839 3521; baseline 0.006 -23"><span class='ocrx_word' id='word_1_418' title='bbox 1133 3434 1208 3498; x_wconf 93' lang='lat' dir='ltr'><strong>ibid.</strong></span> <span class='ocrx_word' id='word_1_419' title='bbox 1231 3454 1262 3500; x_wconf 86' lang='grc' dir='ltr'><strong>ν.</strong></span> <span class='ocrx_word' id='word_1_420' title='bbox 1287 3437 1336 3500; x_wconf 86' lang='grc'><strong>13.</strong></span> <span class='ocrx_word' id='word_1_421' title='bbox 1354 3435 1517 3502; x_wconf 77' lang='lat' dir='ltr'><strong>Benedictio</strong></span> <span class='ocrx_word' id='word_1_422' title='bbox 1533 3438 1677 3519; x_wconf 74' lang='lat' dir='ltr'><strong>perauctis</strong></span> <span class='ocrx_word' id='word_1_423' title='bbox 1697 3457 1782 3521; x_wconf 82' lang='lat' dir='ltr'><strong>cuper</strong></span> <span class='ocrx_word' id='word_1_424' title='bbox 1796 3456 1839 3502; x_wconf 84' lang='lat' dir='ltr'><strong>otc</strong></span> 
     </span>
     <span class='ocr_line' id='line_1_52' title="bbox 1091 3543 1194 3608; baseline 0.029 -2"><span class='ocrx_word' id='word_1_425' title='bbox 1091 3543 1194 3608; x_wconf 81' lang='grc' dir='ltr'>οοοίοί.</span> 
     </span>
    </p>

    <p class='ocr_par' dir='ltr' id='par_1_19' title="bbox 1090 3651 1837 3823">
     <span class='ocr_line' id='line_1_53' title="bbox 1133 3651 1837 3734; baseline 0.003 -18"><span class='ocrx_word' id='word_1_426' title='bbox 1133 3651 1262 3731; x_wconf 67' lang='grc' dir='ltr'>[δεινος</span> <span class='ocrx_word' id='word_1_427' title='bbox 1277 3672 1313 3715; x_wconf 83' lang='lat' dir='ltr'><strong>co</strong></span> <span class='ocrx_word' id='word_1_428' title='bbox 1326 3651 1445 3734; x_wconf 81' lang='lat' dir='ltr'><strong>epistota</strong></span> <span class='ocrx_word' id='word_1_429' title='bbox 1465 3651 1505 3718; x_wconf 85' lang='lat' dir='ltr'><strong>od</strong></span> <span class='ocrx_word' id='word_1_430' title='bbox 1524 3651 1672 3718; x_wconf 80' lang='lat' dir='ltr'><strong>bubonum</strong></span> <span class='ocrx_word' id='word_1_431' title='bbox 1688 3653 1837 3718; x_wconf 75' lang='lat' dir='ltr'><strong>Dinonis-</strong></span> 
     </span>
     <span class='ocr_line' id='line_1_54' title="bbox 1090 3777 1163 3823; baseline -0.027 0"><span class='ocrx_word' id='word_1_432' title='bbox 1090 3777 1163 3823; x_wconf 85' lang='lat' dir='ltr'><strong>sura.</strong></span> 
     </span>
    </p>

    <p class='ocr_par' dir='ltr' id='par_1_20' title="bbox 1091 3865 1840 4593">
     <span class='ocr_line' id='line_1_55' title="bbox 1131 3865 1838 3953; baseline 0.006 -22"><span class='ocrx_word' id='word_1_433' title='bbox 1131 3867 1272 3932; x_wconf 87' lang='lat' dir='ltr'><strong>Dominus</strong></span> <span class='ocrx_word' id='word_1_434' title='bbox 1299 3865 1372 3931; x_wconf 90' lang='lat' dir='ltr'><strong>dicit</strong></span> <span class='ocrx_word' id='word_1_435' title='bbox 1391 3866 1422 3932; x_wconf 95' lang='lat' dir='ltr'><strong>in</strong></span> <span class='ocrx_word' id='word_1_436' title='bbox 1442 3865 1625 3950; x_wconf 78' lang='lat' dir='ltr'><strong>evangeliis,</strong></span> <span class='ocrx_word' id='word_1_437' title='bbox 1647 3867 1686 3933; x_wconf 90' lang='lat' dir='ltr'><strong>de</strong></span> <span class='ocrx_word' id='word_1_438' title='bbox 1713 3868 1760 3932; x_wconf 90' lang='lat' dir='ltr'><strong>his</strong></span> <span class='ocrx_word' id='word_1_439' title='bbox 1788 3873 1838 3953; x_wconf 92' lang='lat' dir='ltr'><strong>qui</strong></span> 
     </span>
     <span class='ocr_line' id='line_1_56' title="bbox 1091 3971 1838 4053; baseline 0.008 -17"><span class='ocrx_word' id='word_1_440' title='bbox 1091 3973 1200 4038; x_wconf 92' lang='lat' dir='ltr'><strong>mundo</strong></span> <span class='ocrx_word' id='word_1_441' title='bbox 1220 3983 1312 4039; x_wconf 85' lang='lat' dir='ltr'><strong>semet</strong></span> <span class='ocrx_word' id='word_1_442' title='bbox 1326 3982 1453 4038; x_wconf 89' lang='lat' dir='ltr'><strong>mortuos</strong></span> <span class='ocrx_word' id='word_1_443' title='bbox 1467 3971 1607 4053; x_wconf 84' lang='lat' dir='ltr'><strong>efficiunt,</strong></span> <span class='ocrx_word' id='word_1_444' title='bbox 1629 3975 1695 4042; x_wconf 85' lang='lat' dir='ltr'><strong>sire</strong></span> <span class='ocrx_word' id='word_1_445' title='bbox 1716 3977 1786 4041; x_wconf 92' lang='lat' dir='ltr'><strong>dum</strong></span> <span class='ocrx_word' id='word_1_446' title='bbox 1806 3977 1838 4042; x_wconf 94' lang='lat' dir='ltr'><strong>in</strong></span> 
     </span>
     <span class='ocr_line' id='line_1_57' title="bbox 1092 4080 1836 4164; baseline 0.004 -21"><span class='ocrx_word' id='word_1_447' title='bbox 1092 4089 1254 4163; x_wconf 79' lang='lat' dir='ltr'><strong>martyrum</strong></span> <span class='ocrx_word' id='word_1_448' title='bbox 1268 4080 1366 4144; x_wconf 90' lang='lat' dir='ltr'><strong>stadio</strong></span> <span class='ocrx_word' id='word_1_449' title='bbox 1381 4097 1488 4163; x_wconf 90' lang='lat' dir='ltr'><strong>corpus</strong></span> <span class='ocrx_word' id='word_1_450' title='bbox 1508 4080 1639 4160; x_wconf 88' lang='lat' dir='ltr'><strong>tradunt,</strong></span> <span class='ocrx_word' id='word_1_451' title='bbox 1654 4081 1721 4147; x_wconf 85' lang='lat' dir='ltr'><strong>sire</strong></span> <span class='ocrx_word' id='word_1_452' title='bbox 1734 4100 1836 4164; x_wconf 86' lang='lat' dir='ltr'><strong>quum,</strong></span> 
     </span>
     <span class='ocr_line' id='line_1_58' title="bbox 1093 4187 1840 4268; baseline 0.005 -18"><span class='ocrx_word' id='word_1_453' title='bbox 1093 4189 1170 4254; x_wconf 89' lang='lat' dir='ltr'><strong>inter</strong></span> <span class='ocrx_word' id='word_1_454' title='bbox 1183 4190 1323 4254; x_wconf 81' lang='lat' dir='ltr'><strong>asceticos</strong></span> <span class='ocrx_word' id='word_1_455' title='bbox 1337 4187 1461 4268; x_wconf 84' lang='lat' dir='ltr'><strong>iabores,</strong></span> <span class='ocrx_word' id='word_1_456' title='bbox 1479 4198 1509 4253; x_wconf 90' lang='lat' dir='ltr'><strong>et</strong></span> <span class='ocrx_word' id='word_1_457' title='bbox 1524 4189 1554 4252; x_wconf 91' lang='lat' dir='ltr'><strong>in</strong></span> <span class='ocrx_word' id='word_1_458' title='bbox 1570 4188 1629 4252; x_wconf 90' lang='lat' dir='ltr'><strong>iliis</strong></span> <span class='ocrx_word' id='word_1_459' title='bbox 1644 4188 1785 4254; x_wconf 83' lang='lat' dir='ltr'><strong>ridentur</strong></span> <span class='ocrx_word' id='word_1_460' title='bbox 1805 4207 1840 4254; x_wconf 89' lang='lat' dir='ltr'><strong>se</strong></span> 
     </span>
     <span class='ocr_line' id='line_1_59' title="bbox 1092 4295 1838 4380; baseline 0.003 -22"><span class='ocrx_word' id='word_1_461' title='bbox 1092 4296 1170 4379; x_wconf 91' lang='lat' dir='ltr'><strong>ipsos</strong></span> <span class='ocrx_word' id='word_1_462' title='bbox 1190 4296 1312 4380; x_wconf 87' lang='lat' dir='ltr'><strong>perdere</strong></span> <span class='ocrx_word' id='word_1_463' title='bbox 1332 4305 1362 4362; x_wconf 89' lang='lat' dir='ltr'><strong>et</strong></span> <span class='ocrx_word' id='word_1_464' title='bbox 1384 4296 1558 4374; x_wconf 83' lang='lat' dir='ltr'><strong>interficere,</strong></span> <span class='ocrx_word' id='word_1_465' title='bbox 1572 4295 1747 4362; x_wconf 85' lang='lat' dir='ltr'><strong>abstinendo</strong></span> <span class='ocrx_word' id='word_1_466' title='bbox 1767 4314 1838 4362; x_wconf 87' lang='lat' dir='ltr'><strong>sea</strong></span> 
     </span>
     <span class='ocr_line' id='line_1_60' title="bbox 1092 4401 1840 4486; baseline 0.001 -19"><span class='ocrx_word' id='word_1_467' title='bbox 1092 4404 1163 4467; x_wconf 77' lang='lat' dir='ltr'><strong>vitm</strong></span> <span class='ocrx_word' id='word_1_468' title='bbox 1175 4403 1304 4468; x_wconf 88' lang='lat' dir='ltr'><strong>deliciis:</strong></span> <span class='ocrx_word' id='word_1_469' title='bbox 1324 4427 1338 4463; x_wconf 83' lang='grc' dir='ltr'><strong>α</strong></span> <span class='ocrx_word' id='word_1_470' title='bbox 1352 4403 1410 4483; x_wconf 83' lang='lat' dir='ltr'><strong>Qui</strong></span> <span class='ocrx_word' id='word_1_471' title='bbox 1424 4402 1520 4486; x_wconf 90' lang='lat' dir='ltr'><strong>perdit</strong></span> <span class='ocrx_word' id='word_1_472' title='bbox 1532 4401 1660 4466; x_wconf 90' lang='lat' dir='ltr'><strong>animam</strong></span> <span class='ocrx_word' id='word_1_473' title='bbox 1671 4420 1757 4466; x_wconf 87' lang='lat' dir='ltr'><strong>suam</strong></span> <span class='ocrx_word' id='word_1_474' title='bbox 1771 4419 1840 4486; x_wconf 88' lang='lat' dir='ltr'><strong>pro·</strong></span> 
     </span>
     <span class='ocr_line' id='line_1_61' title="bbox 1092 4508 1838 4593; baseline -0.001 -18"><span class='ocrx_word' id='word_1_475' title='bbox 1092 4520 1154 4592; x_wconf 91' lang='lat' dir='ltr'><strong>pter</strong></span> <span class='ocrx_word' id='word_1_476' title='bbox 1175 4525 1232 4590; x_wconf 88' lang='lat' dir='ltr'><strong>me,</strong></span> <span class='ocrx_word' id='word_1_477' title='bbox 1249 4509 1381 4574; x_wconf 84' lang='lat' dir='ltr'><strong>inveniet</strong></span> <span class='ocrx_word' id='word_1_478' title='bbox 1394 4526 1487 4574; x_wconf 78' lang='lat' dir='ltr'><strong>eam.»</strong></span> <span class='ocrx_word' id='word_1_479' title='bbox 1504 4508 1564 4590; x_wconf 86' lang='lat' dir='ltr'><strong>Qui</strong></span> <span class='ocrx_word' id='word_1_480' title='bbox 1577 4509 1670 4592; x_wconf 82' lang='lat' dir='ltr'><strong>igitur</strong></span> <span class='ocrx_word' id='word_1_481' title='bbox 1683 4510 1727 4573; x_wconf 92' lang='lat' dir='ltr'><strong>sic</strong></span> <span class='ocrx_word' id='word_1_482' title='bbox 1741 4509 1838 4593; x_wconf 86' lang='lat' dir='ltr'><strong>perdi·</strong></span> 
     </span>
    </p>
   </div>
   <div class='ocr_carea' id='block_1_10' title="bbox 1092 4613 1956 4698">
    <p class='ocr_par' dir='ltr' id='par_1_21' title="bbox 1092 4613 1956 4698">
     <span class='ocr_line' id='line_1_62' title="bbox 1092 4613 1956 4698; baseline -0.005 -18"><span class='ocrx_word' id='word_1_483' title='bbox 1092 4617 1228 4698; x_wconf 83' lang='lat' dir='ltr'><strong>turjuxta</strong></span> <span class='ocrx_word' id='word_1_484' title='bbox 1240 4633 1340 4679; x_wconf 87' lang='lat' dir='ltr'><strong>vocem</strong></span> <span class='ocrx_word' id='word_1_485' title='bbox 1352 4613 1523 4694; x_wconf 87' lang='lat' dir='ltr'><strong>Sairatoris,</strong></span> <span class='ocrx_word' id='word_1_486' title='bbox 1536 4614 1693 4678; x_wconf 83' lang='lat' dir='ltr'><strong>etinvenit</strong></span> <span class='ocrx_word' id='word_1_487' title='bbox 1708 4615 1837 4680; x_wconf 87' lang='lat' dir='ltr'><strong>animam</strong></span> <span class='ocrx_word' id='word_1_488' title='bbox 1859 4648 1862 4654; x_wconf 93' lang='lat'>·</span> <span class='ocrx_word' id='word_1_489' title='bbox 1952 4663 1956 4676; x_wconf 92' lang='lat'><em>.</em></span> 
     </span>
    </p>
   </div>
   <div class='ocr_carea' id='block_1_11' title="bbox 1090 4721 1836 4806">
    <p class='ocr_par' dir='ltr' id='par_1_22' title="bbox 1090 4721 1836 4806">
     <span class='ocr_line' id='line_1_63' title="bbox 1090 4721 1836 4806; baseline -0.001 -18"><span class='ocrx_word' id='word_1_490' title='bbox 1090 4740 1184 4802; x_wconf 89' lang='lat' dir='ltr'><strong>suam,</strong></span> <span class='ocrx_word' id='word_1_491' title='bbox 1199 4723 1325 4806; x_wconf 90' lang='lat' dir='ltr'><strong>proiecto</strong></span> <span class='ocrx_word' id='word_1_492' title='bbox 1339 4721 1426 4804; x_wconf 83' lang='lat' dir='ltr'><strong>irrrjns</strong></span> <span class='ocrx_word' id='word_1_493' title='bbox 1439 4721 1497 4788; x_wconf 82' lang='lat' dir='ltr'><strong>uiri</strong></span> <span class='ocrx_word' id='word_1_494' title='bbox 1512 4721 1606 4788; x_wconf 87' lang='lat' dir='ltr'><strong>oratio</strong></span> <span class='ocrx_word' id='word_1_495' title='bbox 1617 4732 1649 4786; x_wconf 90' lang='lat' dir='ltr'><strong>et</strong></span> <span class='ocrx_word' id='word_1_496' title='bbox 1668 4722 1836 4788; x_wconf 84' lang='lat' dir='ltr'><strong>benedictio</strong></span> 
     </span>
    </p>
   </div>
   <div class='ocr_carea' id='block_1_12' title="bbox 1088 4899 1838 5327">
    <p class='ocr_par' dir='ltr' id='par_1_23' title="bbox 1090 4899 1686 4974">
     <span class='ocr_line' id='line_1_64' title="bbox 1090 4899 1686 4974; baseline -0.003 -16"><span class='ocrx_word' id='word_1_497' title='bbox 1090 4902 1141 4958; x_wconf 86' lang='lat' dir='ltr'><strong>tol.</strong></span> <span class='ocrx_word' id='word_1_498' title='bbox 1160 4901 1222 4971; x_wconf 80' lang='lat'><strong>400,</strong></span> <span class='ocrx_word' id='word_1_499' title='bbox 1242 4903 1283 4955; x_wconf 86' lang='lat' dir='ltr'><strong>sic</strong></span> <span class='ocrx_word' id='word_1_500' title='bbox 1302 4900 1359 4956; x_wconf 86' lang='lat' dir='ltr'><strong>aiis</strong></span> <span class='ocrx_word' id='word_1_501' title='bbox 1377 4899 1568 4974; x_wconf 75' lang='lat' dir='ltr'><strong>olympiodori</strong></span> <span class='ocrx_word' id='word_1_502' title='bbox 1589 4899 1686 4956; x_wconf 84' lang='lat' dir='ltr'><strong>muita.</strong></span> 
     </span>
    </p>

    <p class='ocr_par' dir='ltr' id='par_1_24' title="bbox 1088 4990 1838 5327">
     <span class='ocr_line' id='line_1_65' title="bbox 1124 4990 1838 5064; baseline -0.004 -15"><span class='ocrx_word' id='word_1_503' title='bbox 1124 5014 1149 5051; x_wconf 87' lang='grc' dir='ltr'>ο,</span> <span class='ocrx_word' id='word_1_504' title='bbox 1172 4991 1213 5049; x_wconf 88' lang='grc'><strong>13.</strong></span> <span class='ocrx_word' id='word_1_505' title='bbox 1234 4993 1292 5047; x_wconf 88' lang='grc' dir='ltr'>Ηυο</span> <span class='ocrx_word' id='word_1_506' title='bbox 1305 5009 1445 5064; x_wconf 79' lang='lat' dir='ltr'><strong>parergon</strong></span> <span class='ocrx_word' id='word_1_507' title='bbox 1458 4990 1557 5046; x_wconf 82' lang='lat' dir='ltr'><strong>iubens</strong></span> <span class='ocrx_word' id='word_1_508' title='bbox 1570 4992 1685 5062; x_wconf 83' lang='lat' dir='ltr'><strong>inserui,</strong></span> <span class='ocrx_word' id='word_1_509' title='bbox 1700 4992 1773 5064; x_wconf 92' lang='lat' dir='ltr'><strong>quod</strong></span> <span class='ocrx_word' id='word_1_510' title='bbox 1785 4999 1838 5054; x_wconf 85' lang='lat' dir='ltr'><strong>se-</strong></span> 
     </span>
     <span class='ocr_line' id='line_1_66' title="bbox 1089 5079 1835 5152; baseline -0.008 -13"><span class='ocrx_word' id='word_1_511' title='bbox 1089 5103 1154 5139; x_wconf 84' lang='lat' dir='ltr'><strong>vero</strong></span> <span class='ocrx_word' id='word_1_512' title='bbox 1173 5083 1293 5137; x_wconf 82' lang='lat' dir='ltr'><strong>sortasse</strong></span> <span class='ocrx_word' id='word_1_513' title='bbox 1315 5081 1444 5150; x_wconf 80' lang='lat' dir='ltr'><strong>suggerit</strong></span> <span class='ocrx_word' id='word_1_514' title='bbox 1462 5080 1594 5150; x_wconf 77' lang='lat' dir='ltr'><strong>Origenis</strong></span> <span class='ocrx_word' id='word_1_515' title='bbox 1613 5080 1690 5134; x_wconf 84' lang='lat' dir='ltr'><strong>dicta</strong></span> <span class='ocrx_word' id='word_1_516' title='bbox 1709 5079 1835 5152; x_wconf 81' lang='lat' dir='ltr'><strong>quaedam</strong></span> 
     </span>
     <span class='ocr_line' id='line_1_67' title="bbox 1089 5167 1835 5244; baseline -0.004 -18"><span class='ocrx_word' id='word_1_517' title='bbox 1089 5174 1122 5226; x_wconf 91' lang='lat' dir='ltr'><strong>de</strong></span> <span class='ocrx_word' id='word_1_518' title='bbox 1140 5173 1288 5244; x_wconf 73' lang='lat' dir='ltr'><strong>martyrio,</strong></span> <span class='ocrx_word' id='word_1_519' title='bbox 1307 5170 1452 5241; x_wconf 82' lang='lat' dir='ltr'><strong>aptissime</strong></span> <span class='ocrx_word' id='word_1_520' title='bbox 1470 5167 1607 5223; x_wconf 82' lang='lat' dir='ltr'><strong>translata</strong></span> <span class='ocrx_word' id='word_1_521' title='bbox 1624 5169 1659 5223; x_wconf 79' lang='lat' dir='ltr'><strong>ad</strong></span> <span class='ocrx_word' id='word_1_522' title='bbox 1680 5175 1835 5224; x_wconf 74' lang='lat' dir='ltr'><strong>ascetarum</strong></span> 
     </span>
     <span class='ocr_line' id='line_1_68' title="bbox 1088 5255 1755 5327; baseline -0.01 -7"><span class='ocrx_word' id='word_1_523' title='bbox 1088 5262 1228 5320; x_wconf 81' lang='lat' dir='ltr'><strong>solatium.</strong></span> <span class='ocrx_word' id='word_1_524' title='bbox 1251 5259 1454 5316; x_wconf 85' lang='lat' dir='ltr'><strong>ExVat.11i.</strong></span> <span class='ocrx_word' id='word_1_525' title='bbox 1479 5255 1537 5314; x_wconf 83' lang='lat'><strong>169.</strong></span> <span class='ocrx_word' id='word_1_526' title='bbox 1559 5259 1640 5314; x_wconf 83' lang='lat' dir='ltr'><strong>iiiatt.</strong></span> <span class='ocrx_word' id='word_1_527' title='bbox 1662 5277 1690 5327; x_wconf 79' lang='lat' dir='ltr'><strong>x,</strong></span> <span class='ocrx_word' id='word_1_528' title='bbox 1710 5257 1755 5315; x_wconf 89' lang='grc'><strong>39.</strong></span> 
     </span>
    </p>
   </div>
   <div class='ocr_carea' id='block_1_13' title="bbox 0 0 2026 6098">
    <p class='ocr_par' dir='ltr' id='par_1_25' title="bbox 0 0 2026 6098">
     <span class='ocr_line' id='line_1_69' title="bbox 0 0 2026 6098; baseline 0 0"><span class='ocrx_word' id='word_1_529' title='bbox 0 0 2026 6098; x_wconf 95' lang='lat' dir='ltr'><strong> </strong></span> 
     </span>
    </p>
   </div>
  </div>
 </body>
</html>
