4064 6108
385 778 843 915 annuamus
889 783 1582 919 numantiorum.

850 1103 1115 1112 mh—

968 1485 998 1560 Ι.

779 1677 948 1754 Psatmaa
970 1679 1179 1754 XXXVII.

399 1892 556 1981 ·Ψαλμδς
578 1901 625 1976 τῷ
649 1883 746 1958 Δαυὶδ
769 1898 811 1972 εἰς
834 1893 1005 1982 ἀνάμνησιν
1028 1893 1098 1986 περὶ
1123 1889 1299 1962 taddeam.
1327 1895 1388 1960 Vct.
1412 1897 1481 1975 ott,
1506 1899 1534 1962 1.

587 2032 726 2098 Patimur
750 2033 855 2114 θοοίθ,
879 2035 919 2098 ad
936 2036 1151 2100 memorandam
1171 2041 1207 2101 de
1229 2037 1368 2102 Sabbata.
1415 2029 1417 2034 ’

249 2227 375 2312 Ἐπειδή
400 2258 481 2300 τισιν
505 2225 608 2312 ἔδοξεν
637 2237 654 2298 d
685 2231 807 2324 ψαλμδς
831 2235 885 2300 καὶ
909 2242 951 2312 εἰς
1046 2235 1290 2319 Quandoquidem
1305 2239 1454 2304 nonnullis
1475 2240 1572 2304 risum
1587 2251 1642 2321 est,
1665 2241 1748 2308 ilium

206 2345 336 2436 Χριστὸν
360 2339 574 2434 ἀναφέρεσθαι,
589 2340 730 2434 λεγέσθω
746 2342 858 2408 καὶτὰ
874 2346 952 2409 ἑκεί-

206 2478 273 2519 νων.

249 2567 377 2651 Πρῶτον
393 2557 448 2649 μὲν
465 2551 517 2623 οὖν
534 2562 553 2630 ἡ
572 2555 726 2649 ἐπιγραφὴ
748 2561 789 2633 εἰς
810 2557 951 2647 ἀνάμνη-

205 2691 251 2732 σιν
264 2672 347 2756 ἡμᾶς
361 2665 431 2758 ἄγει
442 2675 498 2730 τοῦ
513 2656 681 2731 Σαθθάτου
695 2665 811 2728 ἐκείνου
823 2672 880 2728 τοῦ
893 2688 951 2752 με·

204 2774 314 2867 γάλου,
332 2778 362 2840 ἐν
379 2768 404 2859 ᾦ
420 2779 437 2838 ὁ
453 2774 583 2865 Χριστὸς
599 2773 659 2838 ὑπὸ
682 2782 742 2865 γῆν
767 2771 949 2863 ἐκρύπτετο.

249 2879 337 2962 Εἶτα,
354 2883 446 2959 αὐτὸς
465 2882 504 2948 ab
527 2892 585 2958 τῆς
609 2879 850 2972 ἀνθρωπόπητος
875 2883 951 2944 ἀνα-

204 2982 371 3080 δεξάμενος
387 2990 562 3081 πρόσωπον,
580 2987 770 3081 ἐλεγχθῆναι
785 2986 845 3061 τὴν
863 2985 950 3078 φύσιν

204 3098 363 3185 βούλεται,
376 3095 448 3164 ἀλλ’
460 3101 516 3163 οὐκ
529 3101 559 3162 ἐν
573 3101 661 3189 ὀργῇ,
674 3095 749 3187 πρὸς
762 3087 796 3160 δὲ
809 3095 950 3185 ἔλεγχον,

202 3205 258 3270 τὸν
271 3205 322 3270 ἐπὶ
338 3203 489 3294 σωτηρίᾳ,
506 3202 561 3268 καὶ
575 3193 790 3278 παιδευθῆναι,
807 3199 879 3266 ἀλλ’
895 3204 951 3266 οὑκ

203 3316 235 3376 ἐν
258 3310 356 3399 θυμῷ,
381 3308 466 3376 ἀλλὰ
487 3308 547 3383 rhu
564 3311 595 3374 ἐν
612 3308 717 3399 εἰρήνῃ
743 3307 797 3372 καὶ
821 3297 873 3372 διὰ
895 3305 951 3370 λθ-

203 3442 258 3510 γον
282 3408 435 3482 παιδείαν.

248 3524 283 3590 ‘0
301 3523 431 3614 Χριστὸς
456 3512 490 3587 δὲ
510 3521 563 3586 καὶ
577 3522 631 3587 τδν
649 3521 695 3612 ἐφ’
711 3527 795 3610 ἡμᾶς
818 3519 950 3611 ἔλεγχον

204 3629 258 3696 καὶ
280 3627 340 3703 rhu
356 3619 501 3694 παιδείαν
517 3621 640 3708 ἔλαθεν,
657 3631 673 3692 ὁ
695 3628 787 3704 αὐτὸς
812 3625 950 3719 ἐλέγχων

203 3737 258 3828 μὲν
281 3743 321 3815 ὡς
339 3738 427 3816 Θεὸς,
443 3743 483 3815 ὡς
501 3728 535 3804 δὲ
551 3735 709 3829 ἄνθρωπος
733 3735 951 3829 ἐλεγχόμενος.

246 3845 300 3910 Διό
324 3867 400 3936 φησι
423 3845 497 3937 πρὸς
519 3845 575 3911 aba
599 3841 821 3936 llaripa·‘0at
843 3841 887 3909 τὰ
911 3841 951 3909 σὰ

203 3951 279 4038 βέλη
298 3951 351 4018 καὶ
367 3957 400 4017 αἱ
411 3957 544 4045 πλῆγαι,
558 3953 631 4029 ὅσας
644 3957 673 4017 oi
686 3949 840 4043 richperat
857 3949 951 4042 ὤφει-

201 4061 267 4137 λον,
284 4057 354 4149 ἐμοὶ
368 4057 575 4151 ἐνεπάγησαν.
594 4049 722 4134 Ἐπειδὴ
741 4055 801 4151 γὰρ
816 4056 879 4150 ἐγὼ
893 4055 950 4134 τὰς

239 4237 261 4292 1.
281 4237 324 4292 Ex
342 4238 426 4292 unico
441 4239 506 4293 Vat.
523 4235 555 4290 id
568 4238 680 4308 insigne
693 4237 745 4291 hoo
758 4237 884 4307 κειμήλιον
903 4251 951 4289 se·

202 4331 314 4397 ceptum
333 4324 498 4394 referamus,
511 4343 566 4397 quo
582 4327 703 4397 primum
717 4341 873 4393 monemur,
886 4323 951 4378 Ori·

203 4430 304 4484 genem
321 4416 395 4470 inter
416 4415 523 4487 primos
541 4417 670 4487 attigisse
689 4420 717 4469 st
741 4413 952 4469 commentariis

203 4504 345 4558 ornarisss
356 4502 454 4559 titulos
463 4503 651 4575 psalmorumq
665 4505 733 4576 quin
744 4505 828 4558 immo
839 4503 873 4556 ad
886 4502 952 4557 has-

203 4607 235 4644 ce
254 4592 400 4663 ambiguas
422 4592 592 4665 epigraphes
611 4591 800 4664 explanandas
825 4591 950 4646 eumdem

203 4695 263 4750 prm
273 4680 402 4735 menibus
410 4680 539 4736 habuisse
549 4687 674 4736 ratarum
683 4682 882 4752 magistrorum
892 4696 950 4734 ser·

203 4784 316 4822 mones:
336 4784 453 4840 quorum
472 4770 556 4823 rerba
568 4787 602 4824 ns
614 4787 650 4825 sn
669 4771 823 4826 sententies
841 4773 951 4824 tantum

203 4857 341 4928 proferat,
361 4855 460 4913 lectori
478 4860 630 4914 committo.
650 4861 723 4916 Sans
742 4857 827 4914 iilud:
842 4859 951 4932 λεγέσθω

203 4949 246 4998 atsi
259 4949 292 4998 τὰ
311 4945 416 5014 taetros,
435 4951 562 5018 spatiare
581 4946 653 5003 solet
664 4947 698 5001 ad
712 4947 800 5003 relata
813 4947 952 5022 αθτολιξιῇ

1005 2342 1093 2407 etiam
1116 2343 1259 2425 psalmum
1282 2343 1312 2408 in
1332 2343 1480 2410 Christum
1505 2348 1623 2428 reterri,
1647 2348 1751 2413 horum

1005 2467 1123 2532 quoquc
1144 2449 1337 2533 interpretum
1356 2453 1449 2518 rerba
1470 2454 1648 2520 recitentur:

1045 2555 1175 2623 Primum
1199 2557 1289 2638 igitur
1310 2559 1463 2642 inscriptio
1484 2562 1548 2644 ipsa
1568 2581 1623 2628 nos
1646 2566 1676 2627 io
1696 2581 1752 2627 aar·

1003 2666 1125 2730 moriam
1152 2667 1232 2732 ducit
1252 2669 1350 2752 magni
1372 2668 1450 2734 iliius
1473 2670 1614 2753 Sathati,
1637 2672 1668 2736 in
1693 2691 1752 2757 quo

1004 2774 1137 2842 Christus
1158 2778 1216 2842 sub
1237 2785 1316 2843 terra
1337 2779 1499 2845 tumulatus
1520 2790 1575 2845 est.

1045 2882 1173 2962 Deinde,
1190 2883 1253 2967 ipsc
1267 2883 1461 2950 humanitatis
1476 2903 1628 2968 personam
1643 2903 1705 2970 prae
1719 2903 1752 2950 se

1005 2989 1121 3072 terens,
1145 2991 1251 3058 statuit
1271 2999 1303 3057 ut
1326 3002 1435 3058 natura
1459 2995 1522 3058 haec
1544 2995 1750 3077 retorquatur,

1004 3095 1056 3161 sed
1077 3116 1133 3162 ooo
1154 3098 1185 3160 ia
1206 3099 1264 3177 ira,
1285 3115 1320 3163 ea
1340 3106 1440 3164 autem
1456 3099 1663 3183 increpatione,
1684 3117 1751 3184 ques

1004 3204 1042 3268 sit
1064 3205 1101 3270 sd
1122 3204 1247 3270 salutem
1268 3215 1299 3272 et
1319 3206 1539 3286 documentum
1560 3218 1591 3273 et
1611 3214 1644 3272 at
1662 3212 1751 3272 comt-

1004 3314 1113 3397 piatua,
1125 3331 1185 3379 non
1198 3331 1270 3380 uero
1280 3315 1311 3378 io
1321 3314 1431 3397 smorc,
1443 3315 1497 3380 sed
1506 3333 1541 3382 sa
1555 3315 1749 3398 correptione,

1005 3439 1073 3505 quae
1094 3421 1123 3485 in
1145 3439 1217 3504 pace
1233 3422 1267 3487 tit
1285 3429 1316 3488 et
1335 3423 1494 3489 meandum
1515 3424 1668 3489 rationem.

1049 3528 1185 3594 Christus
1211 3547 1281 3595 rero
1306 3530 1439 3614 suscepit
1465 3530 1693 3614 increpationem
1720 3540 1751 3597 et

1004 3634 1213 3703 correctionem
1233 3635 1319 3700 nohis
1335 3637 1473 3718 dandam,
1489 3636 1553 3721 ipse
1572 3639 1691 3723 quidem
1704 3655 1751 3703 ar·

1004 3755 1098 3820 gueus
1118 3748 1152 3804 ut
1172 3740 1262 3821 Deus,
1284 3750 1318 3805 ut
1337 3740 1423 3808 homo
1442 3759 1516 3808 uero
1536 3742 1722 3826 redargutus.

1044 3841 1129 3910 Unde
1141 3843 1213 3909 dicit
1226 3844 1265 3910 ad
1278 3843 1413 3911 Patrem:
1432 3845 1596 3929 «Sapittar
1608 3856 1637 3912 et
1655 3845 1749 3930 plagae

1007 3951 1109 4027 atuor,
1132 3953 1276 4030 quotquot
1296 3944 1462 4012 hominihus
1482 3946 1634 4013 solvende
1653 3958 1749 4030 erant,

1008 4052 1141 4134 omficaa
1161 4058 1229 4116 aaut
1247 4053 1327 4116 rastri.
1351 4051 1498 4133 Quoniam
1515 4053 1593 4118 enim
1606 4070 1662 4136 ego
1682 4072 1751 4138 pec·

1006 4231 1086 4302 genis
1105 4249 1209 4287 morsm
1221 4232 1477 4305 transgrediuntur.
1489 4233 1560 4288 Tum
1573 4234 1687 4288 interim
1699 4235 1750 4289 sd-

1005 4326 1082 4377 rerts
1101 4321 1323 4392 antiquissimam
1342 4321 1376 4376 de
1394 4322 1514 4378 Sabbata
1525 4339 1627 4394 magno
1642 4340 1750 4378 memo·

1005 4411 1087 4465 riam.
1108 4439 1144 4451 -
1165 4408 1317 4464 Doisndum
1337 4409 1426 4466 muita
1450 4411 1587 4467 excidisse
1605 4417 1670 4483 post
1688 4431 1713 4471 ν.
1733 4413 1752 4468 5

1005 4516 1092 4570 usque
1111 4499 1144 4552 sd
1166 4496 1208 4555 to.
1229 4499 1299 4554 Pars
1317 4502 1456 4572 posterior
1473 4519 1489 4556 s
1507 4521 1534 4557 r.
1557 4499 1590 4557 12
1608 4503 1637 4556 in
1655 4502 1716 4558 cod.
1736 4518 1753 4555 a

1005 4592 1100 4661 priora
1107 4588 1203 4644 multis
1213 4590 1386 4661 interpositis
1393 4597 1550 4663 separatur,
1557 4593 1676 4664 prastino
1687 4593 1753 4648 utri·

1006 4694 1059 4749 qus
1079 4678 1190 4732 nomina
1209 4678 1357 4750 origenis,
1377 4683 1458 4750 cujus
1483 4683 1574 4734 mmen
1593 4679 1665 4736 alius
1682 4679 1753 4734 elias

1005 4767 1098 4821 editur
1116 4768 1340 4822 commentarius.
1353 4766 1428 4822 Inter
1446 4769 1554 4840 priscos
1572 4771 1752 4841 interpretes,

1005 4855 1083 4912 solus
1102 4855 1260 4929 Hesychius
1273 4860 1369 4912 nostra
1382 4855 1480 4914 leviter
1494 4859 1610 4929 respicit
1623 4863 1652 4913 st
1669 4873 1753 4930 paros

1005 4947 1039 5000 sd
1059 4945 1199 5000 Christum
1217 4943 1315 4999 refert.
1336 4945 1448 5002 Gordar.
1468 4961 1488 5014 1,
1505 4943 1570 5002 504.
1583 4977 1620 4988 ·-
1631 4946 1752 5001 Subinde

203 5039 260 5088 turn
280 5039 416 5091 sermonis
429 5041 457 5090 τὸ
469 5037 528 5107 ὕψος
542 5055 573 5094 ac
587 5054 667 5092 sacra
680 5039 806 5110 quasdam
820 5038 870 5093 illa
885 5058 952 5113 pro-
1005 5036 1044 5094 εἰ.
1055 5036 1101 5091 Ρε.
1112 5050 1206 5105 cxxix,
1217 5032 1245 5090 3.
1256 5036 1380 5090 -Joam
1392 5052 1444 5105 ιιι,
1453 5035 1540 5094 at-
1550 5036 1625 5094 Phil.
1637 5052 1667 5107 ιι,
1677 5036 1705 5091 8.
1714 5067 1750 5079 -

203 5140 346 5196 sopoposa,
360 5143 415 5198 qus
434 5126 563 5182 Christos
579 5127 688 5199 patiens
705 5131 793 5184 totum
813 5128 949 5200 psalmum
1006 5127 1106 5182 Matth.
1121 5143 1148 5194 ν,
1164 5123 1207 5178 Μ.
1222 5155 1256 5166 -
1270 5123 1337 5182 Luc.
1351 5125 1468 5195 1¹111,2.
1488 5127 1560 5183 Tum
1572 5143 1666 5198 quaere
1677 5126 1751 5182 infre

201 5211 336 5284 decurrit,
349 5215 460 5272 Patrem
473 5215 624 5286 allocutus,
638 5216 768 5289 salsugo
781 5222 873 5273 tractu
886 5219 952 5272 Ori·
1005 5213 1748 5288 adOrigeaems'npsatmoscodd.Vstic.1‚2,3‚datc.
