4038 6088
278 543 337 606 4404

882 529 1017 598 snitum
1038 527 1217 596 3064444044

349 689 556 747 9004040000...
577 692 689 758 Aeymo
708 687 763 742 orit
780 689 835 740 eto.

351 779 560 850 cannbrigten.
582 778 685 832 Paruit
702 779 832 830 zizanio.
851 801 886 814 -
906 774 938 829 Si
955 775 1043 845 fuerit
1060 772 1150 825 alicui
1168 772 1277 824 homini
1292 779 1406 825 centnm
1426 785 1489 825 0000
1510 763 1658 838 (πρόὸατα).
1671 795 1706 806 -
1722 769 1824 824 Omnia

634 865 752 920 dicitur.
773 891 808 904 -
832 863 866 918 Ut
883 863 1080 932 manifestetur
1098 876 1194 930 opero.

351 959 558 1014 claromontan.
579 974 609 1028 p.
628 954 656 1026 6,
675 954 703 1009 4.
723 984 758 995 -
781 951 823 1020 44,
842 950 888 1004 43.
909 981 942 992 -
963 949 1006 1018 45,
1026 949 1071 1018 47,
1089 948 1135 1004 54.
1155 949 1283 1021 (inriget,
1304 952 1334 1002 ut
1352 947 1528 1013 Eucherius).
1543 976 1578 1025 -7
1600 944 1641 1018 49,
1659 944 1705 1000 39.
1724 975 1759 988 -
1777 943 1825 1016 32,

633 1042 679 1098 73.
699 1071 734 1086 -
753 1040 800 1110 35,
821 1039 880 1095 413.
902 1069 937 1082 -
955 1039 1000 1106 42,
1026 1039 1066 1095 49.
1086 1068 1121 1080 -
1139 1037 1185 1107 45,
1204 1037 1250 1092 44.
1271 1068 1305 1078 -
1323 1035 1370 1106 67,
1389 1034 1433 1093 54.
1454 1035 1501 1099 90,
1520 1067 1554 1077 -
1572 1035 1618 1091 72.

379 1241 407 1303 4.
431 1239 571 1323 syntaxis
593 1236 694 1301 mixtu.

351 1444 560 1501 3004400400...
584 1437 785 1507 4400004000,
806 1441 873 1496 haee
892 1451 932 1497 est
950 1445 1109 1498 unicornen
1129 1443 1182 1495 oto.

351 1532 560 1589 Pentateuch...
582 1531 662 1587 Sicut
681 1533 754 1586 bona
772 1531 872 1585 domus
891 1540 941 1585 tttn
962 1527 1008 1602 (ὡς
1028 1534 1101 1582 notui
1121 1531 1144 1581 oi
1163 1524 1225 1580 oinot
1244 1527 1317 1604 0004)

353 1623 560 1693 Cantobniginn.
586 1622 620 1676 Ut
631 1621 816 1687 seducantur,
830 1625 857 1673 si
866 1621 999 1688 possibile
1009 1630 1059 1686 est,
1074 1629 1099 1673 et
1112 1619 1209 1673 electos
1223 1617 1491 1684 (intentantium...
1505 1621 1549 1670 καὶ
1562 1619 1616 1676 τοὺς
1629 1617 1777 1680 intentam).
1791 1646 1826 1657 -

644 1707 736 1762 Tanta
748 1717 842 1762 antem
854 1709 889 1762 ab
902 1709 952 1762 iiio
963 1713 1046 1780 niuno
1055 1711 1131 1780 {octo
1144 1713 1176 1763 in
1185 1718 1334 1778 conspectu
1346 1723 1455 1771 eornm,
1467 1724 1526 1761 non
1538 1707 1691 1762 eredebant
1703 1713 1735 1761 in
1748 1723 1823 1762 eum.

354 1800 561 1856 claromontuu.
582 1796 627 1867 30,
649 1796 692 1852 45.
712 1825 746 1838 —-
765 1796 810 1863 34,
828 1795 864 1850 58
883 1805 940 1852 004.
960 1827 996 1839 -
1013 1795 1060 1860 32,
1079 1796 1125 1852 62.
1145 1827 1180 1839 -
1197 1794 1243 1863 37,
1263 1795 1309 1849 20.
1329 1824 1365 1836 -
1382 1794 1428 1863 40,
1452 1793 1488 1847 74
1514 1802 1571 1848 not.
1593 1793 1638 1849 80.
1658 1822 1694 1836 -
1711 1793 1758 1862 55,
1777 1792 1822 1863 30,

640 1888 757 1959 quondo
777 1889 857 1958 (ὅταν)
875 1896 1046 1942 revertatur.
1066 1886 1111 1955 64,
1134 1885 1175 1940 47.
1196 1915 1228 1926 -
1248 1885 1295 1954 79,
1315 1883 1361 1940 30.
1376 1913 1410 1926 -
1429 1883 1475 1953 80,
1494 1884 1521 1955 3,
1541 1884 1558 1937 7
1579 1890 1635 1937 004.
1657 1913 1691 1924 -
1710 1882 1757 1952 83,
1776 1883 1823 1952 59,

636 1976 681 2034 64.
700 2009 737 2018 -
754 1974 800 2047 91,
824 1975 866 2030 47.
887 2005 920 2017 -
940 1975 986 2044 95,
1005 1974 1051 2028 86.
1071 2007 1105 2017 -
1128 1974 1187 2044 404,
1207 1975 1252 2031 64.
1273 2005 1308 2018 -
1328 1965 1392 2042 423,
1410 1974 1457 2043 50,
1476 1973 1511 2029 55
1531 1979 1585 2042 040,

323 2176 376 2241 444.
401 2174 447 2240 td
466 2174 596 2257 linguam
619 2173 770 2255 vulgarem
792 2171 874 2256 plura
897 2171 1044 2256 pertinere
1064 2170 1214 2250 videntur,
1234 2181 1339 2254 praeter
1361 2170 1501 2236 nonnulla
1520 2170 1581 2252 jam
1602 2170 1755 2235 recensito.

383 2287 410 2346 1.
434 2280 582 2350 vocabula
603 2279 748 2362 quaedum.

354 2483 563 2542 3004400400...
587 2483 746 2550 Guoannot,
764 2484 933 2554 corocottae,
953 2483 1080 2548 04040040,
1099 2484 1206 2548 corbet,
1222 2497 1346 2552 9000000,
1364 2486 1503 2552 onustior,
1522 2491 1655 2551 omnies,
1670 2487 1790 2538 conices.

356 2571 537 2628 Pentateueh.
548 2607 567 2626 ..
587 2571 624 2626 in
642 2573 741 2643 sterno,
760 2575 792 2626 in
810 2574 960 2638 mitterem,
978 2574 1119 2628 reinerus
1139 2573 1348 2643 (ἀναφάλαντος),
1367 2572 1518 2642 00009000,
1535 2571 1717 2644 didrauyma,
1736 2573 1825 2644 faleo-

639 2677 715 2729 nom,
733 2677 864 2731 petonem,
883 2662 1015 2716 venalitio
1035 2661 1069 2729 (ἐν
1088 2663 1200 2730 πράσει),
1221 2676 1327 2730 oppane
1346 2664 1425 2727 atrii,
1445 2666 1607 2716 noscentiae
1625 2673 1748 2730 nostrae,
1768 2679 1828 2718 ues-

638 2756 709 2808 titur
728 2753 867 2806 hobitum.

357 2841 565 2912 cantabrigien.
586 2841 681 2896 Soniis
701 2846 790 2908 tsoine
809 2839 891 2911 gaii.)
912 2845 965 2895 040.

355 2929 561 2986 6400000000.
585 2931 701 3000 Currus,
724 2928 765 3001 43,
782 2928 819 2984 23
833 2929 959 2994 (emenda
969 2929 1052 3000 004.)
1066 2957 1100 2970 -
1114 2930 1214 3000 Zobni,
1226 2927 1273 2998 34,
1285 2927 1331 2985 50.
1345 2956 1380 2970 -
1391 2932 1508 2999 irater,
1526 2927 1573 2999 33,
1584 2929 1629 2984 79.
1645 2959 1678 2971 -
1692 2931 1823 3004 Longior,

638 3018 686 3088 72,
704 3019 723 3072 9
740 3018 920 3093 (40090000).
939 3048 974 3061 -
994 3019 1139 3076 Formeito
1157 3024 1242 3088 cosei,
1260 3017 1306 3089 94,
1325 3017 1362 3073 63
1380 3019 1541 3092 (fromoye).

383 3216 413 3276 0.
437 3212 532 3281 Verba
554 3212 676 3278 tortasse
696 3214 864 3279 00000040.

356 3419 568 3477 3004400400...
589 3420 725 3488 Lentnre,
744 3423 943 3492 complanata,
963 3425 1167 3494 demorabitur,
1187 3427 1333 3497 depiiabit.

355 3510 564 3564 Pentateueh...
584 3511 747 3568 Silentiooit
763 3513 864 3581 (active
884 3523 975 3569 tacere
986 3514 1100 3587 jussit),
1118 3519 1228 3573 inooiot
1245 3516 1388 3586 (furatur),
1402 3535 1539 3590 quassare
1558 3519 1685 3587 (000000).

356 3599 564 3669 Gonubrigion.
586 3600 698 3655 Inooiat
717 3603 853 3668 (κλέπτει),
873 3601 1016 3657 demorari
1036 3606 1174 3673 (passim).

357 3687 564 3744 claromonten.
586 3691 734 3743 calamum
752 3700 905 3758 cassatum,
925 3688 971 3760 42,
986 3689 1033 3747 22.

385 3890 414 3953 3.
438 3888 597 3955 00040000
617 3889 750 3972 30444000.

356 4104 511 4162 Eucherius
513 4142 565 4163 .....
586 4107 628 4162 De
646 4109 766 4163 interior
786 4109 910 4177 homine,
929 4109 964 4166 de
984 4112 1037 4166 toto
1058 4108 1151 4178 (into).

355 4196 566 4253 Pentanuoh...
587 4199 628 4252 De
647 4200 722 4252 inter
741 4199 816 4267 ilios,
836 4201 871 4255 de
890 4217 985 4256 semen
1003 4200 1099 4256 Jacob.

356 4287 565 4356 Gantabnigien.
586 4289 628 4342 De
643 4289 814 4357 praecordia
833 4293 888 4356 (rie
907 4293 1031 4360 καρδίας),
1050 4291 1085 4347 de
1103 4293 1258 4362 aeclesiam,
1278 4293 1382 4349 hedum
1400 4295 1434 4351 de
1454 4299 1559 4364 capris.

356 4372 560 4430 0400000000.
580 4375 695 4430 Hedum
714 4376 748 4430 de
766 4383 872 4446 capris,

325 4579 378 4649 lV.
401 4581 529 4647 Barbara
551 4581 681 4648 tandem.

386 4689 415 4751 1.
438 4688 502 4752 4440
523 4697 593 4755 sunt
614 4690 742 4774 imperiti
764 4693 812 4758 vei
833 4693 953 4757 audacis
972 4695 1166 4777 grammatici.

357 4908 567 4968 3004000400...
594 4911 682 4986 Virgo
699 4922 750 4968 tna
768 4925 794 4970 et
812 4915 930 4970 baculus
950 4926 1011 4972 tuos
1031 4920 1108 4987 ipsae
1126 4933 1170 4973 me
1187 4919 1334 4973 consolato
1352 4929 1431 4974 sunt.

358 4999 540 5057 9004040000.
549 5037 569 5056 ..
595 5003 662 5058 Toto
673 5013 767 5058 noctu.
779 5033 814 5046 -
830 5007 904 5064 Quia
914 5012 1015 5062 merois
1025 5009 1091 5062 hoec
1098 5023 1152 5076 pro
1162 5007 1407 5064 deservitionibns.
1419 5037 1454 5049 -
1465 5011 1634 5080 Enspoliore
1648 5009 1827 5081 (explorare).

359 5091 565 5164 Cnntnbrigion.
592 5093 670 5150 Unus
680 5112 715 5150 00
726 5100 835 5152 nostrie.
846 5125 881 5138 -·
891 5098 934 5152 Ab
948 5114 1118 5168 unoquoque
1127 5108 1300 5155 nosnnrnm.
1313 5129 1350 5140 —
1361 5100 1545 5168 Fennorum,
1559 5103 1750 5168 teminorum,
1761 5116 1828 5170 pro-

642 5187 780 5256 90040400
800 5190 854 5242 etc.

360 5269 567 5331 claromonten.
586 5273 623 5328 In
641 5271 985 5348 confrequentationibus,
1004 5277 1050 5346 70,
1070 5277 1115 5346 33,
1134 5280 1258 5351 quodam
1277 5283 1402 5336 transitu
1420 5281 1486 5351 iecit
1505 5283 1559 5334 040.
