4038 6088
793 479 920 544 CODDX
941 479 1030 544 SAEC.
1057 481 1093 548 vt

314 626 378 694 811.
400 627 445 694 De
466 627 512 694 his
531 645 599 713 quae
619 628 650 694 in
670 647 726 694 usu
746 638 836 713 atque
856 629 889 694 in
908 629 1004 697 madio
1025 630 1182 700 hahentur.

304 732 382 799 Vill.
405 734 447 798 De
468 735 560 800 variis
581 735 736 802 rethorum
758 737 808 803 rel
828 738 978 804 nominum
999 739 1265 822 significationibus

294 839 389 908 Villi.
415 843 499 924 [ili]
522 843 565 910 De
586 844 773 912 Hierusalem
794 845 842 914 vel
862 846 997 915 adversis
1018 849 1091 932 ejus.

348 947 384 1012 X.
408 949 452 1015 De
475 951 613 1017 numeris.

825 1097 899 1145 DXP.
930 1097 1053 1148 caulone

679 1419 683 1426 .
805 1339 907 1424 unm.
929 1361 1051 1422 arnse
1070 1359 1095 1419 1.

491 1525 518 1598 Ι.
545 1523 596 1598 Da
617 1525 673 1599 tris
695 1549 783 1621 quac
806 1527 1042 1624 appellantur
1063 1524 1219 1598 membro
1243 1523 1400 1598 Domini.

214 1703 242 1765 1.
256 1701 341 1767 Oculi
352 1701 467 1766 Domini
481 1701 692 1786 intelleguntur
702 1704 846 1802 inspectio
858 1704 971 1771 diviua.
982 1704 1016 1768 ln
1028 1703 1140 1788 psalmo
1151 1702 1286 1770 xxxuu
1302 1703 1384 1768 Decii
1394 1703 1512 1768 Domini
1520 1707 1720 1789 superjuetoe.
1802 1677 1809 1690 ⁹

211 1810 241 1871 9.
254 1811 349 1874 dures
370 1808 498 1892 Domini,
520 1810 592 1893 quid
612 1810 680 1878 esti
702 1813 775 1878 Cum
795 1811 937 1879 exaudire
956 1811 1106 1892 dignatur.
1128 1809 1164 1876 lu
1185 1812 1299 1896 psalmo
1319 1811 1723 1899 quisupra21itcnreaejm

173 1915 214 1979 od
229 1935 327 2000 precer
347 1935 456 1983 coram.
572 1927 576 1936 '

211 2023 242 2088 3.
257 2023 384 2092 Verbum
396 2024 527 2106 Domini,
543 2024 614 2108 quid
631 2025 699 2092 esti
715 2025 819 2092 Filius.
835 2025 870 2090 in
885 2025 998 2110 psalmo
1011 2024 1134 2092 Xhilll:
1152 2025 1304 2092 Eructavit
1318 2045 1366 2091 cor
1376 2047 1468 2094 mcum
1482 2029 1597 2094 cardum
1607 2029 1721 2096 honam.

212 2131 238 2193 t,
254 2130 409 2198 Brachium
430 2131 567 2214 Domini,
589 2132 663 2215 quid
683 2132 753 2198 est?
773 2132 875 2214 Fiiius,
899 2151 1058 2216 perquem
1079 2133 1178 2198 omnia
1198 2145 1338 2218 operatua
1359 2145 1414 2202 est.
1438 2136 1474 2200 in
1494 2137 1655 2220 propheta:
1682 2137 1722 2202 Et

172 2239 319 2304 trachium
339 2241 461 2306 Domini
484 2242 530 2306 mi
548 2241 704 2306 revalatum
724 2247 788 2307 eet?
1787 2322 1790 2328 Ι

185 2365 188 2372 ·
210 2350 240 2413 h.
263 2349 390 2416 Dextera
410 2350 542 2430 Domini,
564 2351 638 2434 quid
658 2349 726 2416 esti
739 2351 819 2416 idem
840 2350 919 2433 quod
941 2368 1041 2435 supra.
1057 2350 1092 2416 lu
1107 2351 1219 2435 psalmo
1233 2349 1353 2420 CXVII:
1370 2350 1500 2416 Dentato
1523 2350 1641 2417 Domini
1654 2353 1728 2434 facit

171 2459 311 2523 or'rtrttam.
588 2469 591 2474 “

211 2567 239 2632 0.
263 2567 370 2633 [iterus
390 2567 525 2649 Domini,
547 2565 710 2650 quidest?
732 2566 879 2634 Secretum
903 2585 940 2632 ex
960 2585 1019 2650 quo
1038 2566 1146 2633 Filium
1174 2565 1308 2647 protulit.
1331 2564 1368 2630 ln
1389 2565 1502 2650 psalmo
1523 2567 1649 2636 cuttu:
1673 2567 1723 2634 En

171 2683 249 2741 atero
270 2682 335 2740 anm
358 2673 509 2756 inciserunt
529 2679 614 2759 oanni
636 2681 670 2738 te.

210 2785 239 2848 7.
263 2784 356 2850 Pedes
376 2783 513 2864 Domini,
533 2784 604 2867 quid
625 2782 691 2850 esti
712 2783 864 2851 Stahiiitas
884 2783 1070 2850 eternitatis.
1093 2782 1128 2848 lu
1149 2784 1263 2867 psaimo
1289 2781 1387 2852 utu:
1412 2781 1454 2848 Et
1472 2783 1565 2867 actico
1590 2784 1643 2848 ant
1668 2804 1724 2869 pc-

170 2891 253 2955 didas
272 2894 346 2976 ajace.

211 3000 240 3066 8.
265 2994 399 3079 vestigia
421 2997 550 3077 Domini,
574 2998 733 3082 quidest?
754 2999 883 3084 Operum
904 3008 1084 3066 secretorum
1105 2998 1245 3082 insignia.
1268 2997 1302 3063 ln
1324 2999 1452 3083 maimo:
1473 2998 1653 3084 etantanto
1674 3006 1724 3065 tuo

169 3125 226 3170 non
245 3111 459 3190 connectantur.

210 3216 240 3279 9.
263 3215 389 3280 Grcasus
405 3212 534 3293 Domini,
550 3211 623 3296 quid
637 3212 707 3279 eati
722 3212 890 3293 Adventus,
909 3212 957 3278 vei
972 3211 1103 3279 visitatio
1116 3212 1245 3277 Domini.
1260 3212 1296 3277 ln
1311 3213 1437 3296 psalmo:
1460 3212 1517 3279 tiri
1528 3219 1595 3278 snm
1607 3232 1721 3297 ormam

171 3323 223 3400 tui,
247 3322 336 3386 Deua.
455 3395 460 3404 ,
1207 3317 1215 3332 ’
1623 3313 1636 3362 ’·

211 3429 260 3493 10.
283 3432 371 3492 arma
393 3425 522 3509 Domini,
545 3421 618 3511 quid
640 3427 707 3492 esti
722 3425 874 3510 Adiutoria
889 3427 952 3509 ejus
968 3425 998 3491 iu
1020 3433 1148 3492 sanctos.
1171 3426 1206 3490 ln
1227 3426 1339 3510 psalmo
1358 3426 1511 3494 xxxttu:
1535 3427 1722 3512 adprehende

68 3541 75 3552 '
171 3555 255 3602 ormo
275 3541 440 3601 otrentum.

209 3737 277 3807 Gap.
298 3735 322 3790 Ι.
342 3732 446 3788 Exulat
464 3733 553 3804 igitur
577 3732 610 3786 ab
636 3731 767 3786 omnibus
785 3746 855 3802 quoa
877 3729 920 3783 ri·
1011 3730 1037 3786 4.
1059 3728 1134 3785 Clar.
1154 3730 1183 3798 7,
1207 3729 1249 3784 10.
1270 3732 1443 3787 Bracchiarm
1463 3730 1483 3786 C
1501 3732 1556 3787 bia.

172 3827 259 3882 danim
278 3825 359 3880 codd.
374 3825 486 3894 farrago
506 3839 561 3894 qua
579 3821 727 3876 ordiuntur
743 3819 850 3890 vulgati
870 3820 920 3874 aab
1010 3821 1037 3876 5.
1059 3821 1135 3876 Char.
1155 3821 1183 3886 7,
1207 3819 1249 3876 11.

171 3913 254 3970 titulo
272 3916 315 3970 Da
332 3913 441 3969 divinis
459 3912 635 3978 nominihus,
648 3909 720 3963 aliae
733 3911 775 3966 Da
786 3909 920 3964 memhris
1009 3911 1037 3966 6.
1059 3909 1134 3967 (ilar.
1155 3911 1182 3976 8,
1201 3909 1247 3966 20.
1268 3918 1342 3968 Ante
1362 3913 1481 3983 lucifero
1494 3911 1524 3966 (t.
1538 3897 1601 3964 hait
1613 3910 1660 3980 qui
1675 3925 1724 3965 ra·

172 4007 235 4074 Dei,
256 4021 318 4076 quae
337 4001 432 4075 qualia
447 4003 513 4069 aiut,
525 4007 554 4056 at
565 4001 701 4056 undenam
714 4000 768 4052 hue
781 3998 920 4053 devehan-
965 3993 1104 4056 iteratam
1115 4001 1206 4057 (tiaris
1219 4003 1385 4057 adverterit:
1399 4003 1544 4058 Secutum
1556 4003 1723 4056 Divinitatis

172 4103 219 4150 tur
236 4112 271 4148 ex
291 4092 453 4164 Hieronymi
466 4095 515 4146 aut
528 4089 678 4160 Augustini
698 4093 747 4142 aut
758 4087 840 4143 Bedoe
853 4105 921 4160 spu·
975 4109 1010 4148 am
1029 4109 1085 4162 qao
1096 4092 1207 4146 Filium
1222 4093 1353 4160 protulit.
1368 4091 1444 4155 Quod
1463 4095 1629 4145 vetustatem
1649 4090 1725 4159 sapit

171 4185 234 4252 riis,
253 4185 322 4238 tatia
340 4181 407 4235 alibi
425 4181 495 4234 dixi:
517 4180 615 4250 spicit.
635 4183 656 4234 t.
670 4191 712 4249 111,
725 4195 754 4248 p·
775 4192 835 4230 ¹¹1·
855 4175 919 4228 ludo
974 4181 1113 4235 Eucherio
1132 4181 1330 4251 antiquiorem.
1350 4179 1557 4234 vetustissimis
1571 4178 1645 4232 enim
1666 4177 1723 4232 Pa·

173 4273 305 4345 frequens
318 4271 463 4326 adducitur
481 4271 585 4334 Clanis,
600 4271 681 4338 eujus
693 4267 770 4338 prior
789 4275 921 4318 numerus
974 4271 1064 4324 tribus
1084 4272 1227 4326 Divinitas
1247 4268 1573 4340 Pater-,intelligebatun

171 4367 315 4434 pagiuam,
330 4361 467 4432 posterior
486 4356 634 4414 formulam
656 4357 685 4408 in
704 4354 798 4408 eadem
817 4355 920 4424 pagina
1008 4359 1037 4414 7,
1058 4357 1133 4414 clav,
1155 4358 1182 4426 8,
1201 4357 1247 4414 21,

172 4453 326 4524 expositam
342 4454 431 4505 notat.
449 4448 538 4504 Locos
550 4449 698 4519 scripturae
712 4446 825 4515 signare
837 4447 921 4504 omit·
1009 4448 1037 4502 8.
1060 4447 1135 4503 Clau.
1156 4447 1184 4514 9,
1198 4445 1244 4516 ³2,
1259 4448 1304 4502 ubi
1318 4452 1413 4517 sinna·
1428 4444 1531 4500 Melius
1546 4444 1666 4500 fortasse
1678 4449 1724 4501 in·

172 4542 266 4612 timus,
279 4541 388 4613 quoties
400 4540 483 4594 iidem
494 4543 560 4594 aunt
569 4554 653 4610 quem
666 4536 738 4607 apud
747 4533 918 4589 Melitenam.
974 4541 1070 4607 simnia
1088 4551 1120 4590 ao
1140 4537 1340 4592 restituendum
1352 4536 1441 4604 Clari,
1454 4534 1527 4607 quod
1541 4539 1616 4589 esset
1629 4551 1723 4605 graeco

211 4628 236 4685 1.
257 4628 332 4685 Char.
351 4627 380 4698 6,
399 4626 427 4684 3.
447 4629 525 4699 prior
538 4644 615 4682 num.
629 4626 761 4697 paginam
780 4622 838 4691 dat,
853 4638 919 4694 poe·
974 4632 1197 4682 consentaneum.
1217 4657 1252 4668 —
1272 4628 1453 4699 secretorum
1472 4625 1502 4682 G.

114 4749 118 4756 -
172 4719 260 4772 terior
278 4715 439 4772 formulam.
1009 4717 1037 4772 9.
1059 4715 1136 4770 clav.
1159 4715 1186 4784 8,
1204 4713 1251 4771 29.
1272 4717 1319 4770 Pr.
1333 4714 1479 4786 rxv11,25.
1493 4714 1615 4770 Tandem
1635 4715 1724 4784 igitur·

207 4805 235 4861 2.
257 4807 304 4862 Pa.
324 4822 425 4875 xxxur,
448 4804 492 4862 16.
973 4808 1106 4862 hahemus
1130 4805 1222 4860 iocum
1241 4823 1366 4874 morum,
1386 4822 1470 4877 quem
1489 4805 1547 4859 dixi
1567 4802 1628 4860 1.1.
1648 4803 1724 4858 desi-

208 4893 236 4952 ³.
257 4895 333 4952 Clau.
352 4895 387 4965 7,
406 4896 434 4951 9.
454 4899 479 4952 Α
504 4893 709 4968 quaestiuncule
733 4891 919 4958 inferendum,
973 4895 1066 4949 denari
1085 4895 1114 4947 in
1133 4895 1262 4948 omnibus
1281 4893 1374 4946 Charis
1392 4892 1545 4947 codicibus.

173 4984 213 5038 aio
233 4985 441 5056 interpunxiase
462 4985 641 5051 Eucherium,
655 4985 696 5038 uti
715 4999 765 5036 noa
785 4983 813 5035 in
827 4979 918 5034 Clavi:
1013 4979 1056 5034 10.
1078 4980 1122 5035 cf.
1143 4979 1219 5034 Dian.
1241 4999 1269 5052 p.
1290 4978 1338 5042 81,
1356 4977 1402 5036 3³.
1423 4981 1469 5033 Pa.
1491 4993 1594 5045 xxxiv,
1614 4975 1642 5032 2.
1663 4979 1723 5033 Aa·

179 5073 302 5130 Verbum
321 5077 436 5131 Domini
454 5073 563 5132 Filiae.
583 5074 701 5129 Dubium
720 5077 812 5126 tamen
830 5073 920 5125 oritur
970 5069 1130 5142 praehineia
1148 5086 1231 5124 arma
1249 5079 1275 5124 et
1292 5079 1371 5124 scuto
1383 5067 1583 5140 (scutumpoat
1601 5071 1723 5122 veterem

172 5179 187 5214 a
201 5179 246 5234 pa.
260 5179 335 5232 xcrv,
349 5161 375 5235 2,
386 5181 420 5217 aa
434 5165 524 5219 natiue
536 5162 694 5234 legeretur:
714 5161 846 5228 Verbum,
862 5161 920 5215 Do·
973 5163 1060 5224 corr.)
1082 5157 1112 5212 G.

172 5257 245 5308 mini
262 5253 368 5312 uterne.
388 5285 423 5296 -
441 5257 612 5312 Erncmaoit
631 5251 660 5306 G.

329 5343 375 5390 AN.
385 5345 416 5388 11.
430 5343 466 5388 83.
