3976 6078
451 755 867 892 SANCTUS
911 755 1350 892 CLEMENS

705 1073 1099 1178 nonanus

855 1359 957 1372 unu-u·-

175 1878 308 1962 Angelus
329 1876 423 1944 llaius
437 1877 486 1944 vir
501 1878 550 1942 ille
566 1895 708 1956 summus,
723 1895 808 1961 quam
823 1895 909 1942 nemo
922 1877 1070 1942 hominum
1085 1896 1143 1943 non
1158 1877 1300 1944 salutabit
1314 1897 1331 1942 a
1352 1879 1453 1944 limine
1474 1881 1681 1964 cujuscumque

132 1977 226 2043 studii
251 1977 398 2058 Vaticani,
422 1995 451 2041 a.
476 1978 564 2056 1833,
585 1978 687 2043 statim
708 1986 742 2042 ut
761 1978 881 2041 Romam
903 1977 1036 2056 accessit,
1060 1977 1178 2041 favente
1198 1977 1312 2042 fortuna
1335 1997 1401 2062 qaum
1422 1979 1547 2045 indoctis
1569 1990 1681 2044 tantum

133 2080 253 2159 ingrata
268 2087 326 2154 est,
341 2075 486 2140 inciderat
500 2077 529 2140 in
544 2077 676 2142 codicem
690 2075 863 2158 inscriptum
879 2076 990 2140 Leontii
1007 2075 1172 2160 presbyteri
1187 2085 1218 2142 et
1232 2077 1353 2141 loannis
1369 2079 1417 2145 'na
1436 2079 1509 2166 ἱερὰ,
1527 2079 1682 2161 statimque

131 2176 244 2242 Iterum
257 2194 407 2240 sacrariam
421 2175 574 2241 elenchum
595 2176 689 2258 primo
710 2185 788 2241 tomo
810 2175 990 2240 collectionis
1009 2196 1102 2240 ooaue
1114 2182 1236 2240 cebsaim
1249 2177 1418 2259 scriptorum
1438 2177 1562 2241 inseruit
1577 2182 1618 2257 ¹);
1635 2197 1683 2243 co·

131 2276 232 2342 dicem
252 2293 325 2340 vero
346 2276 453 2340 tacitus
473 2275 621 2358 seposuit,
644 2291 737 2359 coque
757 2274 930 2357 diligentius
951 2274 1090 2340 secundis
1110 2277 1187 2339 curris
1209 2275 1391 2352 reservavit,
1415 2293 1472 2360 quo
1498 2276 1632 2341 uberiora
1653 2287 1683 2342 et

133 2374 233 2440 minus
253 2383 423 2456 exspectata
444 2375 585 2439 anecdota
606 2373 658 2440 vix
679 2374 755 2438 alius
776 2373 869 2439 codex
894 2373 1053 2441 Vaticanus
1076 2373 1220 2448 indelessa
1242 2375 1354 2456 hagelo
1376 2374 1571 2456 prestitisset.

177 2472 309 2554 Vestigiu
331 2472 421 2554 igitur
442 2473 568 2552 caeteris,
589 2492 648 2538 non
670 2471 726 2537 sibi
749 2491 905 2556 suppressa
928 2472 1042 2554 relegit,
1061 2483 1091 2538 et
1104 2489 1132 2536 a.
1154 2473 1243 2550 1833,
1260 2471 1298 2536 ad
1313 2473 1424 2537 Leontii
1441 2471 1500 2537 Itca
1513 2491 1613 2538 sacras
1633 2491 1683 2539 re-

133 2591 258 2653 versus,
281 2590 405 2638 messem
426 2582 571 2638 maturam
592 2571 703 2650 secuit,
725 2571 777 2636 sed
798 2590 894 2655 graece
914 2581 1028 2636 tantum
1051 2572 1081 2635 in
1101 2580 1180 2636 torno
1204 2569 1255 2638 llll
1275 2571 1383 2635 stravit
1406 2571 1570 2654 manipulos
1591 2591 1684 2638 novos

134 2672 353 2756 quinquaginta
375 2670 489 2735 circiter
509 2671 696 2754 scriptoram,
719 2669 756 2734 dc
777 2669 927 2734 Clemente
947 2671 1078 2736 Romano
1098 2669 1238 2750 subdens,
1256 2669 1292 2734 ad
1314 2669 1422 2736 calcem
1444 2690 1473 2753 p.
1491 2670 1538 2747 81,
1554 2671 1683 2784 notulam

133 2768 221 2854 quasi
242 2768 300 2832 cito
322 2767 435 2832 calamo
456 2767 630 2833 brevissime
651 2785 813 2846 excussam,
837 2766 867 2829 in
889 2765 967 2830 hunc
987 2767 1122 2831 modum.

181 2867 369 2933 «Clementis
388 2867 511 2932 Romani
533 2884 590 2930 non
612 2874 708 2931 exstat
727 2865 785 2928 nisi
804 2864 899 2946 prima
922 2863 959 2928 ad
980 2865 1149 2929 Corinthios
1171 2865 1314 2948 epistola,
1336 2874 1367 2930 et
1388 2881 1456 2948 pars
1476 2866 1622 2932 secundae.
1645 2866 1685 2931 Et

135 2964 284 3049 quidem
277 2984 308 3029 rn
330 2964 430 3030 codice
452 2965 491 3045 (l)
513 2974 609 3030 exstat
629 2964 710 3028 locus
730 2983 766 3030 ex
781 2966 873 3047 prima
889 2963 926 3028 ad
942 2963 1121 3045 Corinthios,
1139 2983 1205 3047 cap.
1222 2965 1271 3045 33,
1288 2982 1373 3048 quern
1395 2964 1557 3031 exscribere
1576 2983 1684 3048 super-

135 3063 242 3144 sedeo,
265 3080 441 3147 quamquam
462 3062 561 3128 variat
581 3079 598 3127 a
619 3062 832 3145 lectioneque
853 3071 900 3128 eat
919 3062 997 3127 edita
1019 3061 1097 3145 apud
1119 3061 1309 3143 Cotclerium,
1324 3081 1379 3129 nec
1393 3080 1451 3129 non
1474 3063 1552 3147 apud
1573 3063 1684 3130 Dama-

136 3180 269 3236 scenum,
292 3162 398 3227 Parall.
422 3183 452 3244 p.
477 3161 570 3227 313.»

179 3262 241 3328 Nec
262 3262 359 3345 plura,
382 3261 488 3326 omisso
509 3261 572 3326 loco
593 3269 623 3326 et
637 3259 728 3326 tacito
744 3261 850 3327 iterum
872 3260 982 3326 codicis
1004 3261 1140 3338 indiculo,
1156 3271 1295 3328 manente
1315 3280 1367 3344 spe
1388 3261 1475 3327 tertio
1495 3270 1607 3326 aestum
1629 3259 1686 3328 dc-

137 3359 266 3443 positum
287 3359 436 3425 versandi.
454 3358 512 3424 Sed
528 3359 597 3425 inde
617 3359 737 3442 longum
757 3369 804 3425 est
823 3359 1004 3425 desiderium
1025 3369 1056 3425 et
1076 3361 1212 3444 frequens
1226 3361 1406 3427 cruditorum
1424 3361 1554 3444 querela,
1570 3360 1685 3427 miran-

139 3458 214 3524 tium
236 3477 287 3522 cur
307 3473 375 3522 nam
397 3457 447 3523 illc
467 3458 552 3522 nobis
573 3457 714 3524 inviderit
740 3459 835 3522 locum
863 3457 946 3521 illurn
972 3457 1142 3539 Clementis,
1166 3459 1312 3525 varietate
1339 3459 1495 3543 insignem,
1518 3459 1687 3526 immolem

137 3556 300 3624 dolentium
320 3557 433 3622 Leontii
454 3557 585 3622 codicem
606 3567 668 3624 τ’ῶν
695 3564 791 3650 ἱερῶν,
813 3557 862 3622 vel
885 3557 1024 3622 amissum
1045 3576 1121 3638 esse,
1145 3559 1193 3623 vei
1215 3560 1359 3640 ignotum.

180 3657 226 3722 lta
247 3655 413 3741 enimpost
432 3657 507 3722 alios
528 3657 720 3722 Jacohsonius
735 3655 812 3739 apud
827 3657 1061 3738 lligenleldium:
1082 3681 1095 3717 a
1108 3657 1142 3721 In
1164 3658 1264 3722 codice
1279 3657 1405 3740 quodam
1420 3657 1607 3724 bibliothecas
1628 3660 1686 3728 lla·

138 3757 263 3836 ticanae,
286 3775 303 3821 e
324 3775 383 3840 quo
403 3757 517 3823 Leontii
538 3766 568 3823 et
588 3755 710 3822 loannis
732 3756 887 3820 Sacrorum
914 3775 1009 3822 rerum
1034 3755 1140 3821 librum
1167 3756 1261 3822 edidit
1282 3756 1391 3836 hlaius,
1414 3756 1500 3841 hujus
1520 3757 1627 3841 capitis
1648 3760 1685 3824 33

138 3863 255 3938 partem
275 3865 390 3920 exstare
410 3864 546 3920 testatur.
569 3854 715 3938 Equidem
736 3856 809 3921 satis
830 3855 929 3921 mirari
951 3874 1010 3921 non
1031 3875 1168 3939 possum,
1189 3855 1261 3938 quid
1281 3873 1379 3920 causac
1400 3856 1504 3938 tuerit,
1528 3875 1619 3940 quare
1639 3859 1687 3922 vir

141 3953 192 4020 ille
212 3953 399 4019 doctissimus
420 3963 513 4019 totum
535 3973 593 4019 non
614 3955 802 4038 exscripserit
815 3954 922 4032 locum,
936 3957 1098 4037 presertim
1113 3972 1202 4038 quum
1222 3954 1376 4020 lectionem
1397 3972 1414 4018 a
1437 3964 1517 4020 textu
1538 3955 1686 4031 Cotelerii,

141 4071 277 4119 necnon
297 4071 315 4118 a
336 4052 508 4118 llamasccni
530 4052 682 4118 Parallelis
702 4054 821 4120 variare
842 4053 937 4120 lassus
958 4055 1030 4118 sit.»
1054 4054 1166 4120 Ibidem
1188 4053 1287 4136 pergit
1307 4053 1460 4138 hdolphus
1481 4052 1684 4119 llarnackius:

143 4152 290 4217 «Summe
309 4153 504 4218 reverendum
526 4152 706 4234 Vercellono,
730 4153 781 4237 qui
802 4163 906 4234 rogatu
928 4153 1067 4218 Dresselii
1090 4151 1213 4218 schedas
1227 4152 1332 4234 hngeli
1347 4153 1418 4218 llaii
1440 4152 1597 4234 diiigenter
1614 4168 1687 4235 per-

142 4249 278 4335 quisivit,
300 4249 373 4314 nihil
394 4250 433 4316 de
454 4250 509 4315 hoo
530 4251 626 4334 capite
647 4253 805 4330 invenisse,
829 4251 991 4316 llresselius
1011 4269 1126 4317 mecum
1146 4252 1246 4317 Roma
1266 4269 1294 4316 a.
1318 4252 1397 4317 1813
1418 4251 1658 4317 communicavit.
1672 4275 1685 4312 ν

141 4350 289 4416 Hactenus
309 4349 385 4428 haee,
407 4367 435 4414 a.
461 4351 550 4431 1813,
574 4349 651 4433 apud
673 4350 902 4433 Hilgenfeldium
918 4355 952 4431 ¹).

182 4447 258 4526 Qua
277 4447 329 4513 vix
351 4447 389 4514 ad
410 4467 457 4514 me
476 4457 681 4532 pervenerant,
698 4468 787 4533 quum
808 4449 918 4514 arcessi
933 4447 971 4512 ad
987 4446 1110 4514 schedas
1132 4465 1223 4530 meas,
1240 4457 1307 4513 ante
1328 4447 1437 4532 viginti
1460 4447 1576 4514 circiter
1597 4466 1689 4514 annos

144 4548 336 4614 tumultuario
357 4567 445 4632 opere
466 4559 633 4631 congestas,
650 4549 681 4612 in
703 4549 812 4633 quibus
827 4557 999 4613 notaveram
1015 4547 1080 4612 cod.
1096 4547 1270 4615 Vaticanum
1292 4546 1471 4628 13333331
1494 4547 1685 4632 inscriptum:

145 4645 310 4712 Leontii
274 4673 316 4714 πα
334 4648 406 4738 Ιερά.
422 4647 496 4713 Tum
508 4649 606 4730 accepi
619 4648 648 4712 in
659 4648 801 4716 Vaticana
817 4647 981 4713 tomumlll
993 4646 1094 4713 haud
1087 4656 1126 4712 xta
1140 4659 1284 4714 recentem
1297 4648 1456 4713 inventarii
1467 4647 1553 4713 codd
1567 4665 1687 4730 graccor.

145 4745 177 4810 in
198 4763 256 4829 quo
277 4745 402 4828 legitur:
425 4746 514 4810 1333.
540 4745 610 4810 Cod.
633 4749 802 4812 monosterii
821 4749 1002 4860 Crpptoscrr.
1025 4785 1065 4797 —
1087 4752 1233 4816 Λεοντίου
1250 4774 1306 4840 πρ
1293 4743 1404 4815 εοῧνπέ
1408 4771 1458 4840 ρον
1479 4749 1557 4813 κο3’
1559 4749 1689 4814 Ιωάννου

146 4851 209 4910 τῶν
238 4851 303 4910 ἱε”
267 4871 324 4937 ρων
350 4835 511 4932 βιὸλίονδ
514 4845 602 4937 εύτερ
605 4871 647 4911 ον.
669 4846 734 4927 Quo
754 4847 907 4929 accersito,
923 4847 953 4911 in
969 4847 1028 4912 lolii
1045 4849 1083 4912 33
1098 4859 1223 4930 utraque
1238 4847 1356 4930 pagina,
1373 4845 1467 4910 lacurn
1484 4844 1596 4910 tamdiu
1611 4863 1691 4929 quae-

146 4942 235 5006 situm
257 4943 327 5025 legi,
350 4961 416 5006 cum
436 4951 507 5006 nota
529 4943 558 5005 in
580 4945 715 5026 margine
731 4944 866 5027 apposita
881 4963 969 5010 manu
982 4945 1076 5028 ipsius
1091 4945 1181 5013 hlaii:
1207 4945 1409 5010 «Damasceui
1419 4965 1452 5030 p.
1473 4945 1543 5027 ato,
1560 4944 1611 5009 ced
1623 4964 1691 5010 cor-

145 5049 240 5126 rupta,
262 5049 295 5104 at
313 5043 398 5107 etiam
420 5040 501 5126 apud
520 5041 688 5107 Cotelcriam
709 5041 775 5106 ΡΡ.
798 5044 900 5128 Apoct.
924 5050 944 5108 t.
968 5043 998 5126 1,
1019 5064 1049 5127 p.
1074 5043 1173 5108 aaa.»

188 5219 209 5280 ¹)
224 5215 359 5270 llumdem
373 5219 477 5272 tomum
487 5213 580 5273 matus
593 5216 656 5270 dum
670 5215 757 5290 praelo
770 5217 894 5272 restituit
947 5215 1113 5288 reponenda.
1138 5245 1168 5256 -
1191 5220 1212 5278 ²)
1236 5217 1384 5271 Clementis
1404 5215 1528 5271 Romani
1546 5214 1690 5284 epistulae,

147 5321 174 5358 a.
199 5303 278 5376 1831,
298 5310 332 5358 τὰ
354 5309 406 5376 lipia
425 5303 550 5372 sustulit,
570 5309 666 5378 utpote
686 5306 714 5360 in
733 5312 836 5362 tomum
856 5319 893 5360 vu
947 5305 1024 5378 Lips.
1044 5321 1073 5376 p.
1094 5303 1137 5358 37.

308 5399 389 5435 asan.
403 5399 432 5434 11.
449 5403 467 5434 r.
