4044 6098
287 529 344 594 t38
807 523 1005 592 vuatoatttt
1028 521 1311 589 PROleGOMENl

286 671 470 754 σπουδαῖον,
495 679 567 768 ἔχον
591 677 664 744 τινὰ
687 679 849 744 ἐπίστασιν
874 679 898 766 ¹)
931 683 961 744 ἑν
985 688 1031 762 τῷ
1085 673 1194 738 animal
1211 649 1389 753 ἱιιιιιιοιιοίε,Ι
1400 681 1562 756 strenuum,
1579 673 1691 741 habens
1706 675 1836 760 aliquam

284 789 391 877 κόσμῳ
416 785 500 851 κατὰ
523 785 583 858 τὴν
616 777 785 864 διοίκησιν,
811 785 844 851 ὃν
876 785 990 876 τρόπον
1015 790 1031 849 ὁ
1086 785 1333 869 praeieoturamin
1349 785 1630 850 mundosecundum
1645 787 1835 852 administru-

284 897 371 971 ἥλιος
395 893 448 958 καὶ
471 900 490 969 η
518 894 644 968 σελήνη.
664 894 789 971 Ἄλλως
811 887 845 960 δὲ
867 895 994 988 λέγουσι
1008 895 1031 976 ²)
1086 891 1464 975 tionemquemadmodum
1476 893 1519 956 sol
1533 900 1564 957 et
1577 891 1657 957 luna.
1671 893 1835 960 Alionnodo

282 1005 371 1080 Θεὸν,
396 1003 580 1092 τὸπρῶτον
605 994 798 1074 διοικητικον
823 1013 878 1068 τοῦ
904 1003 1031 1092 κόσμου.
1084 1001 1195 1078 dicunt,
1215 1001 1310 1066 Deum
1330 1020 1395 1066 esse
1416 1002 1542 1085 prinum
1562 1002 1832 1070 administratorem

283 1111 355 1175 Ἐπὶ
370 1121 447 1174 πᾶσι
464 1101 497 1175 δὲ
515 1109 593 1175 Θεόν
610 1110 747 1202 λέγουσι,
765 1105 843 1190 ζῶον
861 1110 1029 1203 ἄφθαρτον,
1085 1111 1196 1175 mundi.
1212 1109 1413 1193 superomnia
1424 1121 1523 1177 autcnr
1534 1111 1647 1191 dicunt,
1660 1112 1753 1178 teum
1768 1132 1835 1178 osso

281 1219 335 1284 καί
368 1219 549 1313 ἀγέννητον,
575 1219 629 1281 καί
658 1229 780 1310 πρῶτον
815 1218 965 1306 βασιλέα,
990 1219 1028 1293 ἢν
1083 1217 1192 1282 animal
1207 1217 1437 1302 incorruptibile,
1451 1226 1480 1284 el
1494 1237 1552 1283 tlon
1567 1221 1712 1300 genitum,
1729 1229 1759 1285 cl
1773 1220 1833 1302 pri-

281 1326 476 1418 ἔχειχώραν
501 1331 516 1390 ό
542 1325 665 1414 σύμπας
688 1327 813 1416 κόσμος.

1083 1345 1161 1390 mum
1184 1345 1294 1406 regom,
1309 1325 1359 1410 qui
1382 1326 1460 1390 locus
1475 1325 1611 1393 uniuerso
1626 1327 1734 1392 mundo
1747 1333 1830 1392 esto

280 1545 429 1618 terponttnl
447 1541 509 1599 edd.
530 1545 670 1610 σπουδαῖον,
691 1546 721 1598 ut
738 1541 815 1596 allata.
838 1572 871 1585 -
886 1542 908 1608 l)
929 1541 1072 1596 ἐπιστασίαν
1093 1542 1154 1599 add.
1177 1573 1211 1586 ·-
1224 1542 1248 1609 ²)
1267 1543 1334 1616 λέγει
1355 1547 1414 1596 θεὸν
1434 1546 1475 1596 τόν
1494 1545 1592 1614 πρῶτον
1613 1543 1652 1601 ib.

1027 1777 1090 1852 IX.

324 1975 437 2042 Ἰστέον
460 1983 500 2054 ὡς
523 1985 542 2052 ἠ
569 1976 703 2043 καθόλου
721 1988 783 2042 τῶν
800 1975 931 2069 ψαλμῶν
949 1978 1023 2043 ὑπό-

278 2083 358 2160 θεσις
383 2091 423 2162 είς
447 2097 550 2150 ταῦτα
574 2078 738 2177 διαιρεῖται
753 2085 796 2151 τότ
813 2086 902 2177 μέρη,
919 2091 960 2162 εἰς
984 2087 1021 2150 τὸ

277 2194 384 2272 ἠθικόν
408 2195 462 2260 καί
484 2195 522 2259 τό
546 2185 748 2286 δογματικόν.

322 2299 422 2366 ’Atat
437 2301 475 2366 τό
491 2301 599 2376 ἠθικόν
616 2301 710 2366 πάλιν
735 2301 836 2391 τομὴν
860 2303 927 2391 ἔχει
949 2301 1025 2365 ταύ-

276 2435 347 2484 την·
361 2409 440 2486 τινὲς
457 2409 512 2498 μὲν
528 2408 588 2502 γὰρ
604 2419 667 2474 τῶν
684 2407 816 2499 ψαλμῶν
833 2410 870 2475 τό
888 2409 1039 2475 ἑκάστου

275 2517 341 2595 ἔθος
373 2516 582 2610 ἐπανορθοῦσι·
606 2517 686 2594 τινὲς
718 2511 752 2584 δὲ
782 2519 819 2583 τό
851 2519 936 2596 ἔθνος
959 2529 1021 2584 τῶν

276 2617 435 2692 Ἰουδαίων
458 2625 561 2716 μόνον’
585 2625 665 2704 τινὲς
690 2616 723 2694 δὲ
747 2625 800 2691 καί
824 2636 931 2704 κοινῶς
947 2624 1023 2691 ποίν-

275 2757 334 2810 τας
360 2731 546 2824 ἀνθρώπους.

320 2840 417 2905 Πάλιν
441 2841 478 2906 τὸ
504 2832 696 2933 δογματικύν
719 2833 867 2932 διῄρηται
891 2847 932 2917 εἰς
957 2831 1021 2906 δύο·

273 2948 353 3024 τινὲς
378 2947 433 3036 μὲν
450 2947 510 3040 γάρ
527 2944 646 3038 ψαλμοὶ
662 2948 735 3038 πρὸς
758 2948 830 3025 τούς
855 2948 1022 3038 αὐτόματα

274 3051 456 3146 νομίζοντας
479 3055 522 3121 τά
545 3056 632 3121 ὄντα·
657 3057 756 3148 ἕτεροι
788 3048 822 3122 δὲ
852 3057 926 3150 πρός
949 3056 1021 3134 τούς

274 3165 455 3256 ἀπρονόητα
470 3163 631 3256 λέγοντας.
643 3168 681 3230 ‘0
699 3165 753 3256 μὲν
770 3165 830 3258 γάρ
854 3165 1021 3256 αὐτόματοι

274 3265 483 3366 δογματίζων,
509 3272 636 3350 εἰκότως
660 3273 714 3338 καί
738 3274 919 3366 ἀπρονόητα
943 3279 1020 3339 ὑπο-

272 3375 436 3472 λαμθάνει·
460 3385 476 3444 ὁ
501 3373 535 3446 δὲ
558 3381 600 3447 rt
632 3383 814 3474 ἀπρονόητα
840 3383 959 3474 λέγων,
985 3387 1019 3447 οὐ

272 3488 397 3564 πάντως
414 3488 467 3552 καὶ
483 3489 650 3578 αὐτόματα
661 3489 757 3583 λέγει·
775 3489 858 3554 ἀλλά
873 3482 1021 3580 δημιουρ-

274 3594 329 3687 γόν
354 3594 408 3682 μὲν
433 3600 584 3688 ὁμολογεῖ
605 3606 663 3661 τοῦ
687 3598 814 3673 παντός’
833 3598 865 3661 όν
890 3623 961 3663 τινα
986 3591 1019 3664 δὲ

273 3701 326 3765 καί
342 3705 500 3793 ὁμολογεῖ,
518 3702 579 3774 τὴν
596 3694 629 3767 δὲ
645 3703 789 3794 πρόνοιαν
806 3707 910 3785 αὐτοῦ,
927 3701 946 3778 ἢ
965 3730 1020 3769 κα-

273 3806 365 3872 θόλου
390 3811 516 3898 ἀναιρεῖ,
541 3809 560 3882 ἢ
586 3809 639 3885 ἕως
663 3819 726 3873 τῶν
751 3813 896 3900 οὐρανίων
920 3837 1020 3906 πραγ-

274 3915 381 4004 μάτων
398 3915 589 4007 περιγράφει.
605 3917 666 3981 Καὶ
682 3917 756 4009 πρός
768 3919 844 3995 τούς
854 3921 951 3997 οὕτως
964 3917 1016 3986 οὐν

271 4017 563 4113 ὐπολαμθοίνοντας,
587 4037 749 4091 ποιοῦνται
771 4027 843 4104 τούς
870 4029 1018 4122 ἐλέγχους

272 4136 300 4196 ol
329 4128 464 4220 ψαλμοί,
490 4133 540 4197 ότι
569 4157 606 4198 τε
635 4133 713 4199 Θεὸν
745 4136 798 4199 καί
830 4127 1017 4229 δημιουργόν

162 4242 167 4251 ’
271 4238 377 4328 ἔχουσι
400 4239 455 4305 τόν
480 4241 574 4304 αὐτόν
599 4241 685 4318 ὄντα,
710 4241 764 4306 καί
787 4244 836 4306 ότι
852 4251 871 4318 η
890 4244 1018 4337 πρόνοια

272 4351 367 4412 αὐτοῦ
384 4349 456 4440 ἄχρι
472 4349 525 4412 καί
540 4359 603 4413 τῶν
620 4350 839 4441 σμικροτάτων
864 4351 1019 4418 καθικνεῖ-

272 4478 336 4529 ται,
361 4456 414 4519 καὶ
430 4447 516 4521 οὐδὲν
533 4467 596 4521 τῶν
612 4455 685 4547 παρ’
706 4463 799 4523 αὐτοῦ
817 4464 858 4535 εἰς
882 4459 919 4525 τὸ
942 4457 1018 4527 εἶναι

271 4559 429 4650 ἀχθέντων
454 4566 578 4654 ἀμοιρεῖ
597 4561 651 4627 καί
674 4573 731 4639 τῆς
763 4569 804 4640 είς
835 4565 878 4631 τὰ
907 4567 1018 4632 ἔπειτα

271 4668 423 4754 προνοίας.
448 4673 492 4734 Οὐ
508 4669 567 4762 γὰρ
584 4668 716 4759 ἔμελλεν
734 4675 749 4735 ό
767 4672 854 4759 eam,
875 4673 945 4764 περί
962 4675 1016 4763 μὲν

269 4775 307 4838 τό
330 4785 428 4840 ποιεῖν
452 4774 494 4840 τά
517 4776 612 4867 μικρά
644 4775 697 4840 καί
726 4778 768 4843 τά
798 4783 912 4856 εὐτελῆ
939 4777 1016 4846 εἶναι

271 4871 412 4958 δυνατὸς,
437 4882 508 4974 περὶ
523 4874 557 4949 δὲ
572 4883 610 4948 τό
624 4895 763 4974 προνοεῖν
780 4896 842 4951 τῶν
860 4891 1018 4957 λεπτοτά-

305 5093 353 5164 tx,
373 5094 409 5150 X.
428 5097 471 5150 Ex
489 5099 554 5154 Val.
573 5097 600 5157 6.
620 5101 724 5156 Faverit
744 5101 905 5173 antiquitati
921 5103 1017 5158 ambo·

268 5199 331 5239 rum
343 5183 513 5244 scholiorum
526 5205 559 5244 aa
571 5208 633 5265 quae
648 5193 776 5263 spectant
788 5191 822 5245 ad
835 5189 1016 5263 philosophos

268 5273 302 5329 de
321 5277 460 5334 creatione
479 5283 507 5334 el
518 5281 696 5358 providentia
707 5297 855 5359 perperam
867 5280 1015 5360 disputan·

1117 1974 1276 2040 Sciendum
1291 1985 1336 2039 cst
1354 1974 1532 2060 psalmorum
1553 1987 1757 2054 argumentum
1778 1999 1831 2060 ge-

1076 2083 1200 2148 neratim
1216 2082 1246 2146 in
1262 2083 1336 2148 duas
1350 2083 1479 2149 diuisum
1493 2101 1556 2148 esse
1567 2093 1677 2166 partes,
1689 2087 1828 2152 moralem

1078 2199 1109 2256 et
1129 2191 1336 2273 dogmaticam.

1118 2303 1176 2368 Sed
1190 2313 1219 2370 ct
1232 2321 1300 2387 pars
1315 2303 1413 2370 ethica
1428 2304 1533 2369 iterum
1546 2304 1760 2372 subdividitur:
1775 2309 1827 2373 ali-

1077 2419 1148 2492 quot
1167 2411 1245 2476 enim
1267 2411 1444 2493 psalmorum
1463 2430 1559 2478 mores
1579 2413 1763 2496 singulorum
1784 2417 1829 2482 di·

1077 2515 1192 2597 rigunt,
1208 2517 1321 2599 aliquot
1335 2527 1452 2599 gentem
1468 2518 1559 2584 solam
1574 2519 1754 2604 iudeorum,
1775 2523 1829 2589 ali·

1077 2631 1149 2703 quot
1169 2639 1242 2688 uero
1264 2621 1503 2688 communitatem
1525 2621 1686 2690 hominum.

1116 2835 1227 2901 Rursus
1248 2837 1414 2920 dogmatica
1434 2857 1503 2923 pars
1523 2840 1641 2907 induas
1662 2843 1825 2910 dividitur:

1075 2945 1209 3011 nonnulli
1230 2946 1307 3013 enim
1328 2947 1506 3030 psalmorum
1520 2949 1559 3015 ad
1571 2966 1623 3015 eos
1642 2950 1823 3036 diriguntur,

1055 3043 1125 3135 'qui
1147 3062 1254 3136 sponte
1275 3061 1347 3118 nata
1368 3063 1508 3138 reputant
1527 3071 1562 3119 ea
1576 3075 1643 3140 quae
1663 3069 1751 3139 sunt;
1773 3062 1825 3126 alii

1074 3176 1146 3224 uero
1166 3177 1216 3224 eos
1236 3159 1287 3244 qui
1315 3159 1478 3226 admittunt
1498 3161 1680 3245 impraevisa.
1703 3165 1733 3230 Is
1753 3185 1825 3234 uero

1074 3266 1125 3350 qui
1146 3267 1328 3333 sententiam
1349 3276 1430 3334 tenet
1450 3277 1557 3352 sponte
1576 3266 1827 3340 nasccntium're·

1073 3393 1155 3457 rum,
1178 3383 1390 3460 consequenter
1410 3377 1549 3460 supponit
1569 3381 1688 3445 easdem
1709 3381 1824 3465 preri-

1072 3481 1186 3548 sionam
1206 3502 1359 3568 superare.
1377 3485 1437 3566 Qui
1451 3495 1549 3552 autom
1568 3487 1739 3571 impraeuisa
1760 3509 1825 3558 csse

1073 3592 1155 3674 dicit,
1179 3611 1238 3659 non
1258 3594 1379 3659 omnino
1400 3613 1436 3659 ca
1455 3604 1616 3678 spontanea
1636 3615 1702 3664 csse
1722 3617 1825 3665 concc-

1073 3698 1128 3779 dit,
1148 3699 1199 3765 sed
1221 3699 1388 3768 Creatorem
1409 3703 1488 3767 orbis
1503 3702 1634 3769 universi
1656 3707 1821 3772 confitetur:

1073 3825 1160 3890 quem
1181 3806 1267 3872 simul
1290 3827 1325 3872 ao
1352 3810 1519 3892 conlitetur,
1546 3812 1609 3895 ejus
1631 3823 1729 3879 tamen
1752 3835 1825 3899 pro-

1073 3912 1238 3979 videntiam
1258 3914 1306 3980 vel
1330 3914 1405 3980 tollit
1419 3936 1548 4000 prorsus,
1565 3919 1611 3985 uel
1627 3921 1724 4004 quoad
1738 3923 1823 3989 ooele·

1072 4021 1130 4086 stin
1151 4031 1266 4087 tantum
1280 4024 1400 4106 negotia
1412 4025 1636 4093 circumscribit.
1660 4027 1750 4095 Porro
1770 4049 1822 4097 eos

1073 4129 1124 4212 qui
1145 4127 1310 4213 huiusmodi
1339 4132 1492 4214 opiniones
1513 4134 1619 4215 lerunt,
1642 4135 1748 4219 psalmi
1770 4157 1823 4204 rc-

1072 4236 1232 4320 darguunt,
1255 4238 1326 4322 quia
1347 4248 1377 4304 at
1397 4240 1491 4306 Deum
1511 4251 1541 4307 et
1561 4243 1729 4311 Creatorem
1753 4255 1823 4311 sta-

1072 4354 1159 4411 tuunt
1180 4365 1270 4411 unum
1291 4347 1486 4432 eumdemque
1506 4369 1579 4432 csse,
1602 4362 1633 4418 et
1657 4355 1735 4438 quod
1756 4356 1821 4438 ejus

1072 4454 1267 4538 providentie
1293 4456 1419 4536 uestigia
1447 4477 1539 4542 usquc
1566 4462 1602 4527 ad
1635 4463 1822 4528 tenuissimas

1072 4573 1222 4631 creaturas
1246 4565 1432 4648 pertingunt,
1457 4570 1591 4652 etquod
1614 4569 1696 4635 nulla
1720 4589 1821 4637 aarum

1071 4688 1249 4754 rerumquae
1270 4691 1321 4755 por
1335 4673 1431 4758 ipsum
1446 4693 1482 4741 eu
1497 4677 1590 4742 nihilo
1605 4677 1720 4743 eduotae
1738 4689 1820 4759 sunt,

1070 4797 1173 4860 expers
1187 4790 1233 4846 cst
1247 4781 1310 4866 ejus
1323 4783 1353 4847 in
1370 4783 1495 4849 futurum
1510 4786 1717 4870 prouidentia.
1734 4787 1822 4856 Haud

1070 4889 1150 4954 enim
1164 4890 1293 4971 oportuit
1306 4893 1409 4975 Deum,
1425 4911 1462 4958 ex
1477 4913 1535 4960 una
1551 4907 1633 4979 porte
1644 4906 1818 4979 potestatem

1070 5107 1124 5172 tee3
1142 5105 1254 5160 obstant
1272 5125 1337 5164 roro
1350 5109 1450 5182 psalmi
1461 5111 1528 5168 dicti
1540 5111 1725 5181 Μακκαθοιῖκοῖ,
1746 5113 1820 5184 quod

1069 5193 1145 5264 sapit
1162 5194 1299 5251 Theodori
1319 5197 1411 5270 Mops.
1431 5199 1601 5272 palaestram.
1627 5203 1701 5259 Rara
1724 5206 1819 5258 autem

1070 5287 1145 5354 nunt,
1159 5301 1210 5339 uec
1221 5285 1299 5347 uideo
1309 5287 1419 5349 cuinam
1430 5289 1474 5344 rel
1484 5291 1634 5353 dubitando
1647 5295 1816 5356 tribuantur.
