4038 6088
838 493 963 561 CODEX
986 496 1076 560 SAEC.
1100 495 1137 558 Vl

212 644 376 727 dignitatis,
397 645 475 709 sieut
494 645 573 727 apud
589 663 642 710 nos
662 645 786 728 Augusti
809 646 961 729 appellan-

215 763 262 817 tur
282 772 380 835 reges,
402 771 466 818 oum
488 753 616 836 propriis
634 754 801 820 nominihus
821 773 962 819 censean-

214 871 270 925 tur.
288 861 400 925 Pharao
417 872 512 928 tamen
530 863 576 926 ille
591 863 762 928 submersus
778 863 806 926 in
825 862 898 926 mari
913 882 961 926 ru·

214 965 277 1040 bro,
291 969 408 1049 proprio
419 966 562 1031 uocabulo
573 967 694 1049 Cingres
710 973 733 1046 ²)
745 968 892 1035 vocitatus
901 977 958 1032 est.

252 1077 351 1151 Josue,
373 1073 515 1139 salrator.

253 1184 422 1260 detentari,
436 1191 550 1264 tempus
563 1181 627 1264 ejus
638 1182 726 1262 Deus,
739 1181 788 1247 vel
797 1181 958 1264 responsio.

255 1289 287 1368 [i.
311 1288 360 1368 dh]
384 1291 472 1366 Αοιιι,
493 1287 648 1370 gloriosus.

254 1401 405 1478 Senupnr,
427 1412 533 1460 nomen
554 1394 732 1475 adveniens,
755 1394 821 1460 sire
842 1393 882 1458 ibi
907 1395 958 1473 [et]

214 1503 345 1568 colonus.

256 1617 387 1690 Barnoh,
412 1612 491 1693 [sihi]
515 1611 679 1692 fulgurans.

253 1724 399 1797 Dadima,
420 1736 494 1802 aper
511 1719 624 1802 ²)„rol
645 1711 785 1802 loquax.'

255 1829 384 1902 dedere,
407 1826 559 1908 temptatio
580 1825 743 1909 iniquitatis
762 1842 873 1889 eorum.

252 1937 425 2009 Ahimiioeh,
446 1942 531 2015 puter
552 1951 634 1997 meus
654 1951 716 1997 rex.

256 2049 356 2110 Thera
372 2047 409 2121 8),
430 2043 619 2114 vermiculus,
641 2043 690 2108 rel
711 2043 872 2134 coccinum.

254 2157 339 2229 Zeir,
362 2150 551 2215 inluminans.

256 2265 408 2337 (ιιεριιιαε,
430 2255 577 2342 aperiens,
599 2258 648 2324 rel
668 2268 799 2342 apertus.

253 2375 378 2444 Erotem
399 2367 551 2449 cogitatio,
564 2367 631 2432 sive
651 2367 802 2432 vinculum
817 2365 958 2432 maeroris.

253 2481 392 2552 Aoltiloa,
406 2475 515 2540 niveus
536 2476 609 2553 Deo,
626 2475 676 2541 vol
697 2474 802 2540 ridens
823 2475 928 2538 Deum.

253 2587 347 2662 Addo,
368 2601 473 2648 servus
492 2583 566 2664 ejus.

228 2744 232 2753 .
256 2697 392 2768 Samon,
414 2690 457 2755 sol
478 2707 589 2767 eorum,
609 2689 659 2754 uel
679 2689 749 2754 solis
769 2689 920 2754 fortitudo.

253 2799 606 2882 Dalilapauperouhai,
628 2797 678 2863 rel
699 2797 800 2862 situla.

254 2913 334 2983 Heli,
357 2907 434 2970 Deus
455 2924 547 2970 meus.

256 3018 405 3092 Samuhel,
426 3030 532 3077 nomen
553 3012 618 3094 ejus
638 3011 727 3076 Dens.

256 3127 340 3201 Suet,
361 3121 520 3204 expetitus,
543 3119 608 3183 siro
629 3115 743 3199 petitio.

256 3235 347 3307 Jesse,
361 3227 466 3292 insula
480 3227 692 3304 holocaustum,
709 3221 756 3290 vel
775 3220 961 3286 sacrificium.

255 3343 367 3413 David,
389 3333 604 3412 desiderabilis,
627 3333 694 3397 sive
715 3330 797 3395 sortis
817 3347 916 3392 manu.

256 3448 421 3520 Jmmtnan,
433 3439 577 3504 nolumhae
591 3439 710 3518 donum,
723 3437 770 3503 rol
783 3436 900 3501 Domini
912 3435 961 3499 do·

215 3567 297 3615 uum.

255 3653 426 3724 Abessalon,
447 3656 531 3730 pater
552 3646 643 3729 panis.
979 3718 982 3724 ,

258 3761 421 3838 [Solensem
443 3755 608 3838 panificusl.
632 3754 714 3818 ldem
734 3761 779 3818 est
798 3757 965 3818 Eodesios-

216 3876 265 3940 tes,
288 3862 318 3927 id
338 3872 383 3928 est
403 3862 597 3926 contionatur.
620 3860 700 3926 ldem
721 3867 843 3937 Ertaia,
866 3859 896 3924 id
921 3868 966 3924 est

216 3971 341 4036 dilectus
363 3969 494 4034 Domini.

257 4083 397 4154 Roboaria,
420 4073 543 4139 latitudo
564 4073 676 4157 populi.

256 4187 346 4261 Abin,
368 4193 452 4266 pater
473 4182 629 4246 Dominus.

257 4297 331 4370 Aen,
354 4291 470 4369 tollens,
494 4291 558 4355 sire
578 4271 745 4354 sustollens.

258 4407 406 4478 Josafara,
428 4397 545 4465 Domini
565 4397 718 4480 judicium.

258 4515 374 4585 Joram,
395 4507 444 4589 qui
466 4515 512 4571 est
531 4506 662 4600 erneisus

257 4621 408 4682 Anderitos
421 4617 456 4698 ⁴),
478 4614 703 4698 adprehendens
723 4614 827 4680 Deum.

257 4728 392 4800 Αιι-αιια,
416 4731 531 4804 tempus
554 4721 680 4787 Domini.

217 4897 340 4948 verterat
352 4893 443 4964 prima
452 4908 561 4949 manus.
572 4921 608 4933 -
624 4899 645 4952 ¹)
659 4891 726 4946 ndu.
740 4893 865 4949 Gennaes.
880 4894 970 4963 Supra

218 4999 287 5037 nam
307 4981 414 5035 Pharao
427 4997 461 5035 ex
480 4997 565 5052 prave
578 4997 651 5034 corr.
666 5009 702 5020 -
717 4978 740 5045 ἰ
760 4979 804 5036 Al.
823 4985 892 5050 apis.
912 4981 970 5036 Ve-

218 5076 263 5126 tus
277 5074 305 5124 et
317 5065 445 5125 inee'utus
458 5074 601 5124 eorreetur
613 5068 708 5140 legere
720 5069 809 5141 jussit
821 5071 856 5125 de
867 5073 969 5125 Basra.

218 5191 252 5200 -
273 5164 296 5230 ³)
315 5160 389 5232 Lege
413 5161 511 5227 Thala,
531 5163 700 5236 oirmioulup
721 5161 751 5217 C.
767 5191 803 5202 -
821 5166 844 5225 ⁴)
865 5165 908 5216 An
928 5161 969 5215 le-

218 5251 337 5322 gendum
359 5250 517 5308 ochosias?
531 5251 578 5322 qni
598 5249 674 5306 infra
692 5252 822 5320 recurrit,
836 5267 898 5306 oum
918 5269 968 5306 eo-

379 5339 426 5384 hli·
439 5339 470 5383 11.
484 5339 519 5384 85.

1057 655 1142 724 June,
1163 663 1296 731 sperans,
1319 648 1385 712 sire
1409 647 1587 730 temporalis.

1054 759 1206 836 Amantes,
1228 755 1369 838 populum
1392 755 1507 822 tollens.

1058 860 1090 940 [i.
1114 862 1162 943 63]
1188 867 1285 941 Orias,
1308 862 1447 928 tortitudo
1469 863 1596 929 Domini.

1055 970 1197 1046 Αεανιαε,
1218 968 1358 1032 auxilium
1381 968 1510 1032 Domini.

1055 1077 1176 1150 deutha,
1198 1084 1243 1138 est
1264 1075 1420 1156 perlectus.

1055 1183 1142 1244 Alton
1156 1185 1190 1258 ⁶),
1211 1180 1448 1264 adprehendens.

1055 1293 1208 1368 Ezechias,
1231 1290 1371 1356 fortitudo
1392 1291 1524 1355 Domini.

1055 1400 1225 1475 Monaeses,
1247 1397 1419 1478 obliviosus,
1438 1399 1488 1463 rel
1508 1398 1560 1481 qui
1582 1398 1688 1464 oblitus
1708 1409 1763 1465 ost.

1055 1506 1164 1578 Amen,
1189 1503 1285 1568 fidelis
1299 1509 1336 1582 ε),
1359 1504 1407 1569 rel
1428 1505 1585 1570 nutricius.

1056 1612 1166 1686 Joeine,
1188 1610 1236 1674 ubi
1260 1621 1305 1675 est
1326 1611 1480 1677 iuoensum
1495 1611 1623 1688 Domini,
1640 1612 1689 1676 rel
1711 1613 1767 1676 Do-

1015 1716 1087 1778 mini
1109 1717 1200 1781 salus.

1057 1829 1199 1903 Zenonos,
1222 1825 1369 1891 robustus.

1056 1936 1203 2009 Joeettm,
1226 1934 1310 2016 onius
1330 1944 1376 1999 est
1395 1935 1582 2018 praeparatio.

1055 2044 1218 2116 Etiaehtm,
1240 2041 1295 2106 Dei
1315 2046 1498 2108 resurrectio.

1057 2152 1221 2214 Zeehoaios
1237 2153 1270 2227 ι),
1292 2149 1470 2232 preparatio
1492 2149 1554 2215 Dei.

946 2281 952 2290 ·
1058 2261 1203 2334 Sedenins,
1222 2256 1321 2338 justus
1342 2258 1431 2323 Deus.

1056 2369 1245 2443 Hieroboam,
1266 2365 1437 2448 dejudicaus
1457 2366 1608 2449 populum,
1626 2367 1673 2432 vel
1689 2365 1768 2449 judi-

1016 2487 1088 2534 oans
1110 2488 1284 2553 supernos.

1057 2585 1157 2654 Naue,
1179 2577 1314 2642 latratus.

1057 2695 1171 2766 Beona,
1193 2691 1341 2772 pinguedo
1356 2695 1392 2768 8).

1056 2803 1176 2873 Heium,
1198 2797 1348 2876 annulum,
1369 2797 1415 2862 vel
1438 2798 1530 2862 urhis.

1060 2913 1174 2982 Tamri,
1195 2907 1335 2988 psalmus,
1355 2906 1404 2971 vel
1426 2909 1573 2972 canticum
1594 2924 1702 2970 meum.

1061 3015 1202 3094 [Z]amri,
1222 3013 1354 3095 crispans
1376 3031 1466 3078 meus.

1059 3125 1172 3196 Achab,
1196 3121 1286 3185 irater
1308 3121 1410 3202 patris.

1059 3233 1190 3303 Zerabet,
1205 3227 1298 3292 fluens
1312 3228 1497 3309 sanguinem,
1514 3228 1564 3293 vel
1578 3227 1626 3292 ubi
1642 3237 1687 3293 est
1700 3237 1770 3293 ster·

1018 3339 1188 3412 partiatum.

1060 3444 1209 3517 Octauios,
1230 3436 1454 3521 adprehendens
1475 3457 1552 3504 eum.

1060 3552 1175 3624 Joram,
1197 3547 1248 3628 qui
1270 3555 1317 3610 est
1333 3547 1476 3624 excelsus,
1491 3547 1543 3612 sed
1559 3548 1662 3614 melius
1676 3554 1701 3627 ι)
1719 3568 1768 3613 su·

1020 3655 1169 3718 hlimntor.

1060 3765 1143 3837 Zion,
1167 3757 1230 3842 ipse
1250 3768 1307 3836 εει,
1333 3757 1392 3838 [rel
1413 3761 1481 3840 εει].

1060 3871 1184 3941 Jootha,
1205 3864 1356 3931 robustus.

1060 3978 1235 4050 Zoeeharia,
1258 3990 1369 4037 memor
1390 3973 1520 4038 Domini.

1062 4081 1275 4158 Solimumhra
1296 4081 1371 4161 eius,
1394 4081 1443 4145 uel
1466 4081 1579 4161 petitio.

1061 4193 1217 4262 Marenem,
1239 4187 1405 4250 consolans.

1061 4296 1195 4358 Phanias
1208 4295 1254 4373 ¹⁰),
1276 4295 1421 4376 aperiens.

1062 4408 1179 4480 Helius,
1201 4402 1318 4467 Domini
1342 4403 1406 4468 net.

1062 4517 1209 4589 Heliseus,
1230 4511 1284 4576 Dei
1306 4511 1363 4577 mei
1385 4511 1475 4576 salus.

966 4653 970 4660 ·
1065 4625 1145 4694 Osee,
1168 4618 1317 4684 Salvator.

1065 4726 1096 4805 [i.
1111 4725 1159 4804 hl]
1179 4730 1273 4803 ιῙοιει,
1289 4727 1449 4808 incipiente
1460 4725 1531 4805 Deo,
1545 4725 1610 4791 sive
1624 4737 1669 4792 est
1684 4725 1773 4792 Deus.

1023 4895 1086 4948 dem
1099 4900 1199 4967 etymo.
1214 4925 1247 4935 —-
1263 4898 1286 4966 5)
1300 4895 1319 4951 l.
1332 4897 1449 4951 Aelana?
1468 4927 1504 4938 -
1519 4899 1544 4964 ι)
1555 4898 1651 4968 fidelos
1667 4897 1728 4951 ood.
1742 4925 1776 4938 -

1024 4981 1047 5045 ⁷)
1066 4983 1132 5038 ver.
1152 5001 1224 5041 corr.
1243 4984 1354 5042 Jeehon.
1373 5016 1409 5027 -
1424 4993 1448 5051 θ)
1470 4987 1643 5058 pinpuitudo
1657 4987 1775 5040 barbara

1024 5086 1115 5127 manu.
1127 5102 1163 5113 -
1177 5081 1200 5144 υ)
1219 5075 1322 5131 Melior
1342 5076 1370 5130 (l.
1383 5105 1419 5117 -
1437 5077 1504 5130 Mox
1524 5082 1578 5130 vet.
1597 5093 1671 5131 corr.
1688 5077 1775 5133 naeu.

1025 5189 1058 5204 -
1079 5167 1115 5228 ¹⁰)
1140 5165 1269 5232 Thurias,
1290 5165 1367 5219 rudis
1387 5183 1458 5220 eoru.
