4064 6108
792 463 952 534 mulces
974 465 1153 536 le'lGlNl
1698 467 1756 536 tlt

198 619 347 698 tenentur,
370 611 639 683 slderlnt.1lelnde
660 622 779 699 propter
799 613 945 680 immorta·
999 613 1076 680 Illud
1097 613 1174 680 enlm
1199 613 1254 680 fult
1273 612 1536 696 inconsideratum,
1553 632 1591 682 no
1611 614 1707 680 dicem
1727 625 1759 681 et

196 723 233 789 lis
255 731 286 789 et
306 723 402 788 beata
427 720 501 786 vite
527 718 721 798 desiderium,
743 739 774 787 so
801 718 858 785 bae
882 719 947 786 sita
1000 719 1153 798 insanum,
1174 739 1275 787 eorum
1295 739 1369 805 quos
1390 721 1504 786 Graecia
1531 720 1677 787 admimta
1697 731 1756 800 est,

196 827 311 894 mortali
333 826 494 892 excessisse
520 833 676 909 putantes,
696 825 852 891 facultates
878 843 947 890 suas
999 826 1125 907 lactum;
1149 827 1204 892 boo
1231 836 1328 893 autern
1348 826 1477 893 sobrium
1498 836 1528 892 et
1556 845 1755 892 summarum

195 932 263 998 liliis
278 932 328 999 vel
343 932 460 998 filiabus
473 932 521 998 sel
536 931 605 997 aliie
619 933 753 1014 cognatis
766 930 945 1015 relinquunt,
1000 935 1157 1018 prudentia
1179 944 1316 1000 accurate
1329 951 1519 1019 perpensum.
1535 933 1615 1014 Quid
1629 933 1756 1017 amplius

196 1036 947 1121 baereditatisquaafuturaerat,distributionernsus
1001 1041 1099 1106 bostes
1120 1041 1255 1107 lanianti
1275 1040 1378 1120 Urunt,
1398 1049 1430 1105 et
1450 1040 1686 1106 adversariorum
1704 1059 1758 1106 ro·

137 1183 143 1194 ·
196 1153 303 1228 sponte
323 1143 540 1226 anticipantes3
556 1144 666 1228 quibus
686 1153 859 1210 autemnon
880 1152 949 1208 sunt
1001 1147 1098 1230 genis
1117 1146 1237 1214 arbores
1257 1145 1444 1225 exscindant,
1458 1155 1491 1212 ut
1503 1166 1601 1212 rerum
1622 1163 1757 1212 necessa-

197 1252 329 1334 coguati‚
352 1251 453 1316 amieis
474 1258 504 1316 et
523 1250 722 1316 familiaritate
741 1267 777 1315 ae
790 1250 949 1316 necessitu-
1001 1254 1114 1318 riarum
1135 1253 1233 1338 inopis
1250 1254 1343 1337 pressi
1361 1272 1393 1321 se
1413 1254 1532 1320 dedant.
1552 1253 1686 1339 idipsum
1700 1253 1758 1320 lle·

198 1356 267 1422 dine
288 1354 466 1438 oonjtrnotis.
489 1354 650 1437 Oportebat
663 1354 742 1419 enirn
756 1371 816 1433 eos,
833 1353 883 1436 qul
900 1353 949 1419 ul-

198 1462 302 1528 dentes
317 1480 388 1545 opes
403 1470 521 1544 paratae
534 1460 727 1544 accepissent,
743 1460 780 1524 iis
791 1459 841 1544 qui
853 1469 950 1526 mente
1000 1474 1033 1533 et
1052 1473 1256 1549 paupertatem
1270 1465 1313 1530 eis
1327 1465 1388 1530 suis
1403 1465 1540 1532 manibus
1559 1464 1755 1543 machinatus,

198 1580 233 1626 ao
255 1562 450 1645 intelligentia
464 1563 634 1643 caeootiunt,
651 1581 744 1628 cacas
758 1562 883 1628 divitias
903 1581 950 1629 ee·
1002 1591 1061 1638 non
1078 1574 1203 1640 turmam
1215 1572 1334 1657 quidam
1348 1571 1482 1638 consulto
1496 1582 1525 1637 et
1539 1571 1670 1638 adbibita
1688 1589 1758 1655 opa-

199 1671 280 1737 dere.
303 1677 496 1753 Anaxagoras
509 1680 539 1738 et
551 1671 735 1736 Democritus
749 1687 767 1733 a
781 1671 892 1736 Graecis
905 1689 950 1736 ce
1002 1698 1046 1760 ra,
1069 1679 1121 1746 sed
1141 1679 1220 1763 quiid
1246 1698 1306 1746 non
1334 1679 1514 1764 providerit,
1537 1689 1567 1746 at
1587 1678 1666 1763 quad
1692 1678 1759 1743 aliis

199 1777 358 1856 lebrantur,
381 1779 458 1861 quod
473 1778 664 1861 philosophiae
680 1777 827 1843 desiderio
848 1776 950 1859 repleti
1002 1795 1081 1852 esset
1093 1787 1167 1853 utile
1180 1787 1432 1875 circumspexerit.
1446 1787 1564 1867 Quanto
1577 1796 1676 1851 autam
1690 1794 1759 1850 sunt

202 1882 286 1965 [legit
304 1883 496 1963 πλησθέντες
511 1905 561 1968 pro
572 1885 770 1976 πληχθέντες
784 1883 866 1963 edd]
884 1901 950 1966 pos·

199 1990 344 2056 sessiones
357 2007 426 2056 suas
440 1992 478 2056 ab
492 1993 600 2060 oribus
613 1991 730 2075 depasci
743 1992 879 2057 siverint.
893 1991 951 2058 llos

198 2097 319 2180 quidem
338 2098 477 2166 leudo'et
496 2099 637 2180 admiror,
657 2100 708 2184 qui
729 2108 759 2166 et
778 2101 852 2185 ipsis
873 2100 950 2166 disi-

201 2204 253 2267 tiis
278 2203 357 2270 luere
376 2205 553 2288 superiores.
580 2206 639 2272 Sed
663 2217 775 2291 quanto
804 2207 949 2289 meliores,

201 2311 250 2392 qui
273 2329 331 2376 non
351 2331 423 2380 suas
443 2330 461 2376 a
483 2313 637 2395 pecoribus
658 2313 737 2397 pasci
754 2315 952 2396 possessiones

201 2419 414 2500 permiserunt:
436 2423 489 2487 sed
516 2422 665 2487 bominum
692 2423 822 2505 inopiam
843 2439 951 2504 cogna-

203 2529 368 2598 torumrol
387 2530 547 2596 anticorum
566 2541 769 2598 sustentarunt
793 2549 829 2596 ae
847 2531 952 2597 suble-

200 2648 328 2722 sarnnt,
350 2651 380 2707 et
400 2659 436 2707 es
456 2642 613 2724 egentibus
633 2643 745 2708 divites
769 2641 951 2708 effecerunt?

200 2817 335 2883 vagantes
349 2811 371 2877 ι)
387 2817 416 2867 et
430 2830 506 2867 more
526 2811 736 2868 Ghoribantium
750 2817 951 2884 praesagantes,

200 2902 289 2958 donea
314 2901 426 2956 rideant
450 2902 523 2974 quod
546 2901 716 2957 desiderant.
736 2903 877 2956 Hactenus
902 2918 953 2972 pro

201 3009 296 3048 amore
315 2991 482 3047 immortalis
501 2995 529 3046 et
553 2992 723 3047 beatissimae
745 2991 828 3060 sitae,
844 2993 904 3060 jam
922 3007 953 3044 se

201 3081 352 3138 defunctos
370 3083 550 3152 estimantes,
569 3083 673 3136 omissa
691 3079 838 3153 temporali
859 3079 952 3150 gleba,

202 3170 333 3225 dimisere
342 3171 511 3226 substantias
520 3169 590 3224 filiis
599 3169 719 3241 aliisque
728 3169 866 3240 cognatis,
875 3184 954 3239 spon·

204 3266 285 3314 tanea
303 3257 456 3328 voluntate,
470 3263 533 3314 ente
549 3262 660 3331 tempus
678 3255 952 3329 praetermiserint).

204 3349 310 3414 Quibus
323 3353 415 3403 autern
426 3346 577 3419 parentelae
592 3364 646 3402 uon
663 3351 740 3417 sunt,
759 3345 897 3418 proximis
911 3343 953 3400 sel

205 3438 303 3493 amieis
315 3437 465 3493 admittunt
478 3437 512 3508 3).
526 3437 659 3508 Oportuit
670 3438 755 3507 enim,
769 3434 894 3490 occultas
906 3436 953 3489 di·

206 3530 288 3584 sitias
298 3527 448 3600 diligentes
457 3526 616 3600 relinquere
629 3542 743 3582 censum
753 3527 797 3581 his
807 3527 855 3599 qni
865 3526 953 3581 adbuc

204 3621 296 3673 mente
314 3616 517 3692 saligunstat).
532 3619 650 3684 naatxa]
657 3632 752 3688 goram
765 3620 794 3670 et
812 3617 954 3671 Democri-

205 3715 263 3764 tum
283 3707 364 3765 Greci
383 3708 542 3776 decantant,
563 3706 635 3779 quod
656 3705 844 3778 philosophiae
859 3707 882 3770 5>
903 3723 954 3762 ou·

204 3799 299 3870 pidine
317 3796 432 3870 pulsati,
447 3802 575 3870 pasturas
593 3797 687 3852 ovium
705 3794 861 3868 locupletas
876 3812 953 3851 mas·

1003 1893 1031 1958 bi
1054 1895 1276 1977 praestantiores
1303 1904 1333 1960 et
1353 1894 1448 1976 magis
1472 1892 1682 1971 admirabiles,
1704 1891 1757 1976 qui

1004 2020 1062 2068 non
1083 2003 1198 2069 minore
1218 2003 1335 2086 quidem
1361 2003 1556 2088 pbilosopbiae
1575 2000 1758 2086 appetitione

1003 2109 1128 2188 incitati,
1139 2128 1193 2191 nep
1204 2109 1316 2175 minore
1328 2110 1365 2175 ad
1376 2127 1441 2175 eum
1452 2110 1562 2192 impetu
1573 2107 1662 2172 delati
1673 2113 1756 2186 sunt,

1004 2216 1094 2282 animi
1106 2227 1203 2281 anum
1218 2215 1452 2298 magnitudinem
1464 2215 1569 2300 pusillo
1584 2213 1755 2298 abjectoque

1005 2324 1103 2388 animo
1130 2324 1337 2408 praeferentes,
1365 2339 1434 2388 snas
1460 2321 1615 2387 facultates
1639 2318 1756 2400 elargiti

1003 2440 1084 2508 eunt,
1107 2448 1166 2494 non
1186 2437 1284 2494 autem
1305 2435 1515 2510 corruperunt,
1536 2435 1569 2491 ut
1589 2433 1620 2491 et
1643 2422 1709 2488 aliis
1728 2433 1760 2487 et

1004 2537 1060 2600 sibi
1084 2535 1273 2620 prodessent:
1297 2534 1357 2598 illis
1377 2533 1496 2617 quidem
1518 2531 1674 2598 facultates
1686 2529 1758 2594 alla-

1006 2644 1060 2708 tim
1080 2642 1309 2728 suppeditando,
1333 2641 1392 2706 sibi
1413 2659 1486 2708 sero
1507 2635 1758 2724 philosophando?

1006 2831 1041 2869 ex
1060 2814 1155 2884 inopia
1168 2813 1296 2884 copiosos
1308 2812 1475 2879 efficientes3
1491 2810 1643 2882 etquidem
1658 2811 1682 2874 Β)
1701 2825 1758 2864 non

1006 2905 1110 2974 integri
1132 2900 1261 2970 consilii,
1281 2917 1316 2954 ne
1335 2898 1456 2955 furiosos
1478 2899 1569 2954 diuam
1587 2900 1662 2954 siros
1688 2917 1758 2972 quos

1006 2996 1065 3047 tota
1084 2992 1183 3046 Gracia
1206 2991 1296 3044 defert
1307 2989 1342 3062 ⁷).
1362 2991 1492 3044 Attamen
1520 2988 1591 3054 [boc]
1620 2985 1757 3054 sobrium,

1008 3097 1071 3136 cum
1096 3081 1234 3154 sapientis
1256 3078 1453 3152 superelnenta
1476 3077 1660 3132 moderatum.
1686 3072 1758 3138 Quid

1007 3170 1080 3224 eninr
1093 3167 1214 3242 emplius
1224 3172 1323 3240 gerant
1335 3164 1504 3224 sdversarill
1513 3164 1672 3222 obsidentes
1682 3159 1756 3216 haud

1006 3266 1114 3326 secata,
1141 3263 1172 3314 ut
1195 3258 1324 3312 occidant
1341 3255 1546 3311 contrariorum
1564 3252 1705 3323 regiones,
1725 3255 1759 3304 ut

1006 3349 1136 3404 ariditate
1152 3346 1372 3401 necessariorum
1384 3341 1511 3415 obpressi
1524 3340 1565 3415 8),
1578 3343 1757 3412 prosternan-

1007 3444 1063 3495 tur.
1084 3439 1114 3492 ln
1132 3436 1186 3490 boo
1205 3436 1280 3489 enlm
1294 3436 1317 3498 ⁹)
1337 3432 1490 3490 Democriti
1514 3446 1611 3487 omues
1635 3444 1758 3484 consm-

1008 3529 1124 3600 guineos
1140 3524 1294 3593 manifesti,
1313 3523 1373 3578 suis
1390 3521 1553 3594 pauperiem
1565 3517 1756 3585 conferentes,

1008 3636 1063 3674 non
1082 3619 1111 3672 in
1129 3615 1237 3671 desidia
1253 3615 1365 3686 utique,
1384 3610 1433 3666 sed
1452 3627 1488 3665 ex
1505 3609 1669 3682 improviso,
1688 3624 1757 3662 con·

1008 3709 1189 3780 tempserunt.
1209 3702 1281 3778 quod
1294 3701 1405 3758 alteris.
1419 3701 1528 3766 Quanto
1547 3697 1678 3754 meliores
1696 3713 1759 3752 esse
1837 3769 1843 3778 .

1007 3799 1151 3856 credamus
1171 3800 1200 3853 et
1216 3792 1421 3861 mirabiliores,
1440 3807 1489 3846 sos
1513 3791 1562 3863 qui
1586 3805 1643 3844 non
1667 3787 1759 3842 minus

205 3905 250 3943 sas
274 3905 339 3943 suas
364 3889 552 3961 permiserunt
574 3887 656 3943 mori.
684 3885 850 3958 HuJ'usnrodi
878 3886 954 3940 viros
1007 3887 1192 3961 philosophiae
1206 3885 1398 3956 integritatem
1414 3881 1451 3946 1⁰)
1471 3882 1647 3952 superantes,
1666 3879 1762 3934 muni·

208 3978 327 4048 [miror],
341 3979 425 4032 etiam
438 3978 508 4050 ipsis
526 3977 653 4049 pecuniis
670 3975 800 4030 meliores
818 3981 892 4046 sunt,
906 3974 954 4048 qui
1008 3979 1120 4034 boantis
1135 3992 1186 4049 pro
1198 3973 1327 4032 tarditate
1340 3972 1395 4040 usi,
1407 3969 1629 4026 misericordiam
1640 3967 1756 4024 desidiae

205 4085 260 4123 nou
278 4067 394 4139 pecudis
407 4067 599 4139 possessiones
612 4065 789 4134 dimiserunt,
802 4065 849 4119 sed
863 4064 955 4120 homi·
1007 4064 1212 4136 praeponentes,
1226 4055 1357 4116 dimisere
1369 4057 1564 4124 substantiam,
1577 4070 1634 4108 non
1646 4052 1680 4106 sd
1695 4051 1756 4106 dis-

141 4191 143 4194 ·
204 4173 270 4211 nnm
288 4156 414 4228 penuriis
431 4157 627 4226 subvenerunt,
641 4165 771 4227 parentes
789 4154 834 4210 sel
846 4154 952 4209 amicos
1007 4151 1160 4225 sipandsnr,
1179 4147 1278 4205 utilius
1290 4145 1326 4212 ¹1)
1347 4144 1477 4217 prodesse
1491 4141 1550 4198 illis
1562 4159 1613 4214 pro
1632 4140 1756 4212 eopiosi-

185 4407 187 4410 .
243 4331 266 4395 1)
286 4341 417 4388 vacantes
437 4329 471 4400 2,
490 4341 620 4387 voconiae
642 4327 667 4385 1.
687 4360 722 4373 -
741 4329 766 4396 2)
783 4335 955 4402 prestam-
1006 4328 1033 4385 2.
1052 4358 1085 4371 -
1101 4327 1124 4394 7)
1140 4326 1270 4399 praefert
1286 4339 1318 4378 ec
1337 4333 1433 4378 mansas
1449 4317 1524 4380 2.-
1537 4318 1565 4391 ⁸)
1580 4321 1757 4374 boccaccetto

205 4423 297 4493 ditati,
313 4423 374 4477 inde
394 4421 454 4480 add.
474 4423 761 4496 upooatnpssupeoipsssot
779 4424 904 4496 emenda,
922 4442 955 4481 tto
1008 4419 1036 4476 2.
1051 4449 1085 4462 ·-
1097 4429 1130 4475 tet
1142 4415 1273 4472 occidant
1288 4417 1504 4470 combustorum
1515 4411 1651 4481 oppressi,
1668 4410 1709 4464 sio
1731 4405 1756 4476 l,

206 4516 301 4586 recipe
315 4513 595 4586 προκληρονομοῦμινοι,
610 4513 682 4586 quod
695 4512 794 4568 lexicis
807 4515 894 4569 inseri
910 4516 955 4570 iu·
1008 4528 1059 4567 neo
1082 4509 1175 4582 plura·
1200 4537 1235 4548 -
1255 4507 1278 4569 ⁹)
1300 4504 1414 4560 Lumen
1428 4505 1479 4574 plt-
1505 4501 1535 4556 d·
1555 4499 1705 4572 indayt'ttm
1728 4497 1756 4552 2.

205 4606 279 4660 beto.
298 4634 329 4646 -
342 4602 367 4676 3)
384 4605 550 4672 admittunt,
569 4603 695 4660 absolute
715 4608 744 4659 et
761 4604 799 4659 lbi
819 4604 953 4678 frequen·
1008 4592 1420 4670 Dsodiffermtioroperdism
1430 4593 1512 4646 babet
1523 4587 1590 4645 oe'ro
1602 4588 1758 4656 nsodicum,

206 4699 258 4751 ter.
278 4693 343 4748 lnds
361 4696 442 4748 velus
460 4694 599 4764 interpres
624 4691 728 4748 clarior
753 4711 840 4763 norea
861 4712 955 4765 graeca
1008 4688 1145 4746 nonnulli
1168 4701 1233 4740 cum
1252 4694 1315 4754 port
1338 4681 1468 4738 triduum
1485 4677 1513 4734 2.
1535 4681 1755 4734 Democritiosair

206 4788 286 4838 sunt:
302 4783 372 4836 'lidae
389 4788 438 4855 γὰρ
459 4784 512 4843 τοὺς
531 4785 573 4835 τὸν
594 4781 719 4848 βλέποντα
736 4785 841 4837 πλοῦτον
854 4783 880 4846 ἒξ
893 4784 954 4836 isoi-
1010 4779 1080 4854 (nno
1098 4779 1181 4832 verbo
1203 4771 1226 4845 l,
1241 4771 1269 4841 2)
1283 4789 1335 4831 nos
1348 4788 1406 4828 esso
1418 4773 1644 4842 consanguineos
1662 4771 1759 4823 mani-

206 4893 255 4946 puo
266 4869 398 4940 λαΰόντας,
411 4873 455 4926 lln
475 4869 570 4926 reotel
581 4871 634 4928 Sed
648 4874 760 4928 omnino
775 4873 874 4927 confer
892 4873 954 4927 exi·
1007 4872 1079 4942 fests
1091 4872 1152 4922 suis
1166 4867 1318 4936 pauperies
1334 4863 1510 4933 conferentes
1533 4855 1557 4926 l,
1576 4855 1604 4912 2.
1624 4856 1759 4930 Decipnla

206 4967 293 5020 mium
312 4963 448 5018 editorem
471 4957 632 5031 anglicum,
650 4977 686 5015 ex
705 4961 822 5017 Platone
841 4962 954 5018 Philoni
1009 4958 1061 5016 fnit
1075 4955 1214 5029 inprimis
1228 4953 1319 5006 verbis
1339 4951 1451 5023 graecis:
1472 4951 1544 5004 codro
1563 4951 1586 5001 ol
1602 4951 1657 5019 ampl
1672 4947 1759 5018 Δημό-

205 5053 312 5128 aliquid
338 5051 410 5108 lucis
434 5051 606 5107 efferentem.
625 5081 662 5094 -
680 5049 703 5117 l)
723 5053 850 5125 caligarat
871 5049 899 5107 2.
919 5080 955 5093 -
1008 5066 1089 5120 speras
1108 5050 1158 5106 τοῖς
1177 5041 1223 5116 ἀφ’
1242 5043 1349 5112 αἵματος
1368 5041 1523 5113 ἠργάσαντο,
1546 5040 1647 5116 notaris
1667 5037 1757 5090 istesso

206 5147 229 5220 ὅ)
250 5148 318 5216 filiis
336 5143 364 5202 2.
383 5145 450 5217 fiius
473 5140 497 5197 Ι.
519 5143 638 5214 liquido·
658 5141 774 5214 sophias
794 5141 820 5211 l,
838 5142 868 5211 2,
890 5143 954 5196 dein
1008 5145 1051 5192 acl
1064 5137 1150 5190 srssias
1162 5135 1244 5198 αὐτοῖς
1255 5135 1495 5192 κατασκιυάσαῖτις.
1507 5127 1592 5195 -¹⁰)
1605 5132 1756 5201 integran-

202 5237 480 5311 patsatirposturcs,
499 5233 541 5288 sic
563 5231 588 5300 1,
605 5231 633 5290 2.
650 5261 686 5274 -
700 5236 723 5297 a)
744 5233 819 5290 illuct
838 5233 953 5304 guidem
1009 5240 1048 5286 tae
1068 5226 1093 5283 l.
1113 5255 1149 5270 ·-
1168 5225 1204 5291 Π)
1225 5225 1342 5282 utilibus
1364 5221 1389 5278 l.
