3978 6086
657 517 801 584 PORTUS
822 515 972 584 ROMth
994 515 1201 587 episcopus
1649 525 1707 590 223

152 693 231 756 rem,
254 676 337 761 cujus
355 683 416 739 tres
435 682 521 740 erant
540 674 673 753 insignes
693 673 827 742 Vaticani
849 673 980 754 codices3
1003 693 1102 759 neque
1122 693 1199 742 unus
1220 675 1257 740 ab
1276 675 1370 742 altero
1390 675 1554 759 descriptus
1580 685 1653 757 erat,
1673 689 1708 747 nt

153 785 251 851 Haius
271 783 458 867 opinabatur,
474 781 525 847 sed
540 780 674 864 singulos
687 783 760 846 adeo
774 780 1005 864 dissimilesego
1028 781 1139 862 inveni,
1156 783 1288 866 talesque
1300 783 1416 848 collatis
1430 783 1518 848 editis
1538 784 1703 851 varietates
1742 803 1745 809 ·

151 891 269 970 notuvi,
282 900 315 956 ut
336 889 487 955 eonsilium
504 889 629 974 abjicere
643 889 829 972 nequiverim
842 897 933 954 tutum
947 907 1022 972 opus
1036 905 1123 956 novar
1136 890 1194 956 luci
1209 889 1380 956 restituendi
1385 941 1391 955 .
1407 890 1508 957 Tertia
1528 891 1607 958 eninr
1622 902 1697 974 erat,

152 1018 253 1086 neque
261 999 401 1085 decipior,
416 999 567 1085 paschalis
580 1001 676 1064 oratio
689 998 853 1083 Hippolyti,
869 998 954 1065 tertia
973 998 1074 1063 concie
1090 999 1287 1092 ἑορταστικὴ,
1304 999 1386 1082 cujus
1398 997 1488 1064 etiam
1499 1013 1607 1066 novum
1619 1010 1704 1066 teneo

151 1110 318 1177 coronidem
339 1119 369 1176 et
387 1109 586 1192 doxologiam,
603 1125 669 1174 mox
690 1107 902 1192 proferendam.
921 1107 1058 1174 Stimulos
1078 1107 1192 1174 addidit
1211 1105 1437 1190 chrysostomus
1456 1125 1526 1172 eum
1542 1106 1702 1192 Hippolyto

147 1218 281 1302 junctus,
305 1217 455 1302 planeque·
471 1231 577 1298 novus,
600 1233 688 1300 quem
707 1217 808 1280 statim
829 1215 999 1298 genuinum,
1021 1215 1230 1299 sincerumque
1249 1214 1388 1296 salutavi,
1410 1233 1581 1299 mecumque
1600 1231 1701 1281 omnes

155 1334 327 1404 agnoscent.
351 1323 430 1390 asic
449 1325 559 1404 ocules,
582 1323 625 1388 sic
645 1322 698 1390 ille
715 1339 832 1402 manus,
855 1323 897 1388 sic
916 1339 969 1387 cra
990 1321 1128 1388 ferebat»
1150 1339 1250 1388 aurea.
1273 1323 1442 1389 Accedebat
1459 1337 1575 1408 quoquc
1587 1325 1704 1389 limmo-

152 1432 235 1510 nius,
257 1431 309 1515 qui
329 1433 403 1498 farte
424 1431 570 1515 integrum
591 1429 693 1497 babuit
712 1428 864 1514 Hippolyti
878 1447 963 1513 opus,
977 1427 1047 1494 dnm
1068 1437 1202 1494 catenam
1224 1431 1299 1513 ipse,
1314 1436 1348 1494 ut
1367 1429 1482 1514 opinor,
1498 1429 1531 1496 in
1552 1428 1704 1497 Danielem

151 1537 319 1604 instrueret.
335 1538 393 1604 Sed
412 1539 514 1623 jejuna
533 1537 607 1604 adeo
620 1545 705 1604 mant
718 1535 828 1602 scholia
843 1536 899 1601 hoc
912 1537 1031 1602 nomine
1046 1535 1200 1621 inscripta,
1213 1543 1247 1602 ut
1261 1536 1401 1621 pleraque
1414 1535 1605 1620 neglexeram
1625 1535 1704 1602 blul·

155 1653 202 1709 tus
222 1653 269 1709 est
289 1645 319 1708 in
339 1644 481 1728 allegoria
502 1644 690 1729 Hippolytus,
707 1655 787 1711 totus
807 1645 837 1710 in
858 1645 952 1712 littera
973 1644 1211 1728 chrysostomus,
1235 1656 1266 1712 et
1284 1643 1370 1710 ambo
1389 1664 1443 1731 pro
1462 1645 1597 1711 omnihus
1618 1654 1700 1710 sunt.

155 1749 240 1816 Adde
251 1751 343 1830 aliud,
358 1753 438 1836 quod
450 1752 493 1820 rei
506 1752 623 1817 biblicae
637 1751 778 1818 studiosis
798 1751 877 1817 haud
891 1751 1039 1835 ingratum
1053 1751 1119 1832 erit,
1134 1769 1239 1834 nempe
1250 1751 1315 1817 loca
1329 1771 1424 1834 graeca
1439 1751 1599 1836 Scriptura
1613 1767 1705 1817 sacrm

155 1858 264 1939 amnia,
283 1859 314 1924 in
328 1858 409 1926 hisce
427 1869 459 1925 et
480 1861 671 1947 sequentibus
694 1861 775 1939 data,
799 1877 911 1943 semper
930 1859 1025 1944 excipi
1046 1879 1082 1926 ex
1102 1859 1303 1926 vetustissimo
1323 1859 1422 1925 codice
1439 1860 1595 1942 ¹Vaticano,
1618 1869 1708 1945 prout

156 1967 244 2032 novis
263 1967 344 2052 typis
365 1967 489 2051 Collegii
515 1966 624 2034 Urbani
647 1966 831 2052 exprimitur,
852 1967 982 2032 nondum
1004 1975 1103 2035 amen
1124 1967 1231 2051 publici
1250 1967 1325 2052 juris
1345 1968 1449 2034 lactus.

886 2257 969 2354 ΠΙ.

191 2509 275 2574 Nunc
294 2509 332 2575 de
351 2507 509 2594 Hippolyto
531 2506 623 2571 latino
643 2504 714 2590 quid
735 2523 839 2588 agam,
862 2523 952 2588 quum
973 2504 1046 2570 nihil
1068 2505 1214 2589 supersit,
1237 2514 1291 2570 aut
1312 2504 1383 2570 inlsa
1403 2513 1519 2570 tantum
1549 2504 1707 2571 circumie-

153 2619 272 2682 ranturl
294 2616 406 2682 utinam
427 2614 535 2680 alicubi
557 2623 698 2696 exsurget
716 2613 934 2696 elegentissime
956 2613 993 2680 de
1013 2613 1115 2678 lsaaoo
1134 2611 1285 2695 allegoria,
1306 2631 1396 2695 quarn
1423 2611 1509 2675 nobis
1530 2610 1704 2694 compendio

154 2724 324 2807 perstrinxit
344 2723 549 2806 Hieronymus,
572 2729 625 2784 aut
648 2729 777 2785 recurrat
805 2720 952 2802 integrum
971 2737 1045 2802 opus
1065 2719 1097 2783 in
1118 2719 1268 2796 Heronem,
1290 2725 1341 2781 aut
1368 2716 1473 2781 saltem
1500 2733 1597 2799 graece
1616 2733 1707 2799 repe-

154 2830 266 2896 riantur
287 2831 459 2913 fragmenta,
475 2843 543 2913 quae
556 2828 646 2892 latine
668 2836 780 2892 tanturn
801 2826 934 2891 servavit
953 2843 1034 2890 meus
1055 2835 1142 2891 vetus
1162 2834 1338 2901 antecessor,
1354 2823 1524 2888 Anastasius
1538 2823 1704 2890 bibliothe-

156 2939 262 3015 eerius,
282 2937 386 3003 doctus
407 2935 527 3022 quidem
541 2954 594 3019 pro
609 2945 745 3017 ternpore,
761 2933 814 2998 sed
826 2932 906 3016 quod
920 2933 1007 2998 etiarn
1022 2939 1093 2997 aetas
1108 2931 1184 3010 tulit,
1197 2931 1361 3015 incomptus
1375 2940 1405 2997 et
1424 2931 1547 2995 obscura
1568 2930 1702 2997 barbarie

155 3042 355 3110 subhorridus.

194 3149 287 3229 Quem
308 3150 446 3233 superius
467 3149 550 3231 tetigi
572 3148 713 3216 sublestae
733 3146 798 3212 lidei
820 3145 928 3212 librum
948 3147 994 3211 Ha
1015 3146 1260 3212 consummatione
1279 3147 1404 3227 sacculi,
1427 3146 1498 3211 srihi
1520 3145 1551 3211 in
1572 3153 1703 3210 mentem

155 3258 306 3322 revocavit
326 3255 415 3321 aliam
435 3255 621 3332 sarcinatus
636 3252 738 3319 multis
753 3254 838 3318 annis
852 3254 930 3318 inter
942 3252 1097 3336 pulvereas
1111 3252 1235 3318 schedas
1248 3271 1327 3318 meas
1340 3254 1489 3336 rejectam,
1504 3270 1542 3318 ne
1558 3250 1703 3334 sepultam

154 3362 263 3430 melius
284 3363 390 3442 dicam,
406 3359 530 3427 subhac
550 3359 700 3425 horridula
714 3359 890 3442 epigraphe:
908 3360 1067 3443 Scarpsaar
1080 3379 1116 3424 ec
1130 3360 1272 3424 chronico
1286 3358 1427 3444 Ortpeob,
1443 3359 1523 3443 quud
1536 3358 1608 3425 nihil
1623 3357 1706 3423 aliud

151 3479 198 3537 est
217 3488 304 3554 quarn
326 3468 487 3534 chronicon
507 3469 578 3533 cani
597 3466 634 3530 P.
659 3465 727 3532 Chr.
751 3467 892 3532 CCXXX
895 3467 936 3532 VI
943 3516 952 3547 ,
975 3467 1052 3534 inter
1071 3467 1223 3552 Hippolyti
1245 3484 1333 3550 opera
1361 3465 1467 3533 olima
1495 3466 1630 3534 Fabricio
1655 3465 1708 3530 in-

152 3586 272 3642 scrtum.
288 3577 350 3641 Hoc
363 3575 442 3641 enirn
458 3574 546 3640 luisse
559 3572 715 3657 Hippolyti
730 3573 821 3638 iatum
836 3592 903 3640 eum
917 3573 1045 3660 Origene
1058 3591 1222 3656 commune,
1239 3574 1366 3662 clamant
1379 3574 1553 3658 famigerals
1574 3580 1708 3642 Φιλοσο-

153 3686 300 3777 φοὺμενα,
314 3693 346 3749 ut
355 3683 412 3748 sub
426 3683 565 3748 alterutra
582 3690 728 3750 tantorum
740 3687 872 3752 virorum
886 3686 994 3753 hedera
1005 3696 1135 3752 veneant
1147 3704 1258 3752 merces
1272 3695 1396 3771 utroque
1411 3686 1552 3770 indignae.
1564 3686 1606 3750 at
1616 3702 1706 3768 quum

153 3793 387 3859 vetustissimum
409 3791 449 3856 sit
469 3791 540 3857 iilud
561 3790 740 3874 chronicum,
762 3795 859 3861 medio
879 3805 959 3862 certe
979 3799 1088 3861 seculo
1110 3796 1197 3861 tertio
1217 3795 1434 3875 ascribendum,
1450 3814 1541 3880 quum
1559 3792 1702 3858 rarissimi

156 3901 215 3966 sint
235 3899 315 3965 iilius
334 3901 461 3978 codices,
479 3899 557 3964 edita
579 3918 650 3966 vero
663 3912 797 3969 scateant
811 3905 971 3970 innumeris
991 3915 1022 3970 et
1042 3903 1220 3969 immanibus
1239 3903 1334 3984 vitiis,
1355 3921 1446 3986 quum
1467 3919 1562 3985 gratos
1583 3900 1705 3966 minime

157 4007 257 4086 dubia,
278 4007 330 4072 sed
353 4007 404 4070 ubi
427 4006 477 4072 vis
498 4022 614 4088 sparsa,
637 4025 672 4072 aa
691 4008 782 4093 digna
801 4029 868 4093 quse
888 4021 1054 4090 serventur,
1075 4009 1203 4076 nondum
1225 4009 1345 4075 collecta
1365 4009 1485 4089 luerint,
1507 4009 1706 4073 coelectorum

158 4134 176 4180 a
196 4116 246 4180 via
267 4113 344 4179 haud
367 4113 454 4195 longe
474 4114 661 4194 aberravero,
684 4116 709 4181 si
731 4135 824 4183 novas
839 4118 927 4184 libelii
941 4118 1082 4184 lectiones
1100 4136 1137 4182 ex
1160 4117 1261 4195 ignoto
1279 4116 1405 4200 quodam
1425 4115 1527 4182 codiee
1546 4113 1707 4181 Parieiensi

158 4221 275 4288 tandem
295 4221 439 4287 excutiam
455 4230 486 4287 et
503 4221 649 4306 colligam.
667 4223 724 4290 Sed
746 4224 938 4308 quantumvis
951 4225 1079 4310 copiosa
1092 4224 1153 4288 sint
1167 4220 1268 4287 latinae
1289 4222 1461 4299 varietates,
1485 4240 1551 4306 quae
1570 4219 1704 4299 singulos

159 4328 216 4394 lere
237 4345 341 4393 versus
361 4328 529 4407 sollicitant,
542 4330 701 4396 restituunt
714 4341 766 4397 aut
778 4332 945 4413 emendant,
962 4332 1046 4398 doleo
1061 4331 1158 4398 adhue
1172 4347 1325 4412 superesse
1338 4329 1402 4395 dira
1423 4328 1556 4408 vulnera,
1579 4325 1704 4412 plurima

158 4435 277 4500 omuino
297 4435 379 4500 hiare
400 4438 523 4524 ἀνίατα,
549 4455 587 4501 ne
607 4436 644 4503 de
665 4437 765 4503 ultima
787 4449 871 4521 parte
892 4439 994 4524 loquer
1013 4448 1044 4505 et
1063 4439 1101 4504 de
1114 4437 1264 4521 prooemio,
1284 4455 1351 4522 qua
1375 4437 1466 4502 codici
1488 4453 1567 4502 novo
1586 4435 1703 4501 desunt.

159 4543 255 4621 «Sed,
278 4541 374 4625 inquit
391 4542 545 4620 Beronius,
565 4544 708 4627 quidquid
730 4546 892 4630 antiquitas
913 4546 1015 4628 allent,
1038 4545 1104 4612 sive
1124 4563 1283 4624 corrosum,
1304 4529 1516 4610 mendosumve
1535 4543 1589 4621 sit,
1611 4541 1706 4624 accipi

158 4661 254 4715 tamen
275 4659 360 4731 grato
381 4653 479 4714 animo
499 4650 582 4716 solet.
598 4673 612 4710 u
631 4652 655 4730 ¹)
1617 4635 1620 4642 ’

194 4756 270 4821 lllud
291 4757 321 4821 in
341 4757 443 4841 primis
464 4758 688 4840 prenotandum
708 4768 764 4842 est,
785 4764 958 4844 opusculum
973 4778 1031 4825 non
1045 4761 1138 4824 solum
1158 4759 1304 4826 inservire
1325 4757 1532 4824 commentario
1554 4757 1587 4821 in
1607 4757 1713 4828 Geue.

154 4881 218 4928 seos
229 4882 296 4947 cap.
313 4863 350 4945 X,
364 4882 418 4930 uec
427 4864 521 4930 solum
533 4884 597 4930 esse
611 4865 686 4931 inter
700 4867 908 4952 antiquissima
922 4867 962 4933 rei
978 4866 1218 4951 ethuugraphicae
1228 4868 1413 4948 documenta,
1428 4866 1481 4931 sed
1495 4874 1597 4947 totum,
1611 4883 1708 4949 neque

153 4969 248 5051 lailot,
270 4989 335 5036 esse
355 4989 391 5037 ex
412 4988 510 5053 graeco
531 4989 660 5053 versum,
683 4977 883 5059 sepertinere
903 4977 941 5042 ad
956 4977 1147 5059 Gougraphos
1161 4975 1296 5053 minores,
1310 4991 1435 5058 quorum
1449 4992 1527 5039 nunc
1539 4974 1596 5039 viri
1612 4975 1706 5056 gnavi

195 5208 217 5274 ll
231 5211 340 5266 Amal.
361 5225 386 5265 s.
408 5207 471 5278 431,
496 5226 583 5266 xxvii.
603 5241 637 5254 -
660 5209 684 5282 2)
708 5210 906 5267 Ante-Nicone
960 5209 1128 5280 Hippolytus
1138 5207 1289 5265 translated
1302 5210 1337 5288 by
1349 5210 1378 5266 S.
1391 5209 1424 5266 D.
1434 5209 1467 5266 1³.
1478 5205 1607 5265 Salmond
1619 5205 1659 5264 M.
1671 5205 1708 5264 h.

163 5297 270 5357 cerua.
291 5298 427 5374 Librarp,
448 5299 630 5372 vol.1xp.rr,
648 5301 704 5356 Tire
722 5301 859 5372 Writinps
878 5305 913 5375 os
961 5299 1122 5376 Edinburgh
1145 5297 1221 5356 1871.
