3978 6086
836 533 1004 609 SANCTUS
1025 529 1258 608 bisontinus

1013 820 1071 897 IV.

797 1017 1017 1114 Frnpmooto
1041 1020 1081 1092 in
1110 1017 1279 1090 Genesim.

303 1231 326 1296 l.
351 1231 425 1313 Cup.
448 1230 477 1308 1,
497 1253 525 1295 ο.
549 1233 577 1296 5.
600 1232 661 1296 Καὶ
677 1230 802 1324 ἐγένετο
819 1230 941 1323 ἑσπέρα,
958 1234 1011 1298 καὶ
1105 1229 1129 1292 l.
1147 1228 1187 1293 Et
1199 1231 1310 1311 socium
1325 1237 1371 1294 ¹eet
1382 1249 1504 1314 οιοροισ,
1519 1237 1547 1295 et
1565 1232 1676 1314 foetum
1692 1235 1735 1294 eet
1750 1249 1814 1294 mo·

264 1339 388 1433 ἑγένετο
411 1339 500 1430 πρωῒ,
523 1339 625 1430 ήμέρα
649 1341 713 1429 μία.
1065 1352 1109 1412 ne,
1126 1332 1270 1398 diesuna.

308 1451 373 1513 oux
390 1441 456 1512 elne
472 1445 675 1538 νυχθήμερον,
688 1445 760 1511 ἀλλ’
772 1447 874 1539 ήμέρα
891 1449 957 1537 μία,
972 1454 1012 1526 τίς
1106 1439 1173 1506 Non
1187 1441 1263 1507 dixit
1275 1460 1335 1506 non
1347 1448 1374 1505 et
1386 1442 1455 1522 ds'ee,
1466 1442 1516 1506 sed
1524 1444 1584 1506 dien
1597 1461 1667 1522 nno,
1680 1440 1710 1507 id
1720 1443 1815 1508 solum

263 1553 323 1618 τήν
336 1549 391 1618 τοΰ
407 1553 508 1644 φωτὸς
523 1555 732 1645 προσηγορίαν
748 1546 941 1632 καταλήξας,
957 1563 1012 1618 τοῦ
1066 1547 1194 1613 reterens
1204 1546 1243 1613 ud
1255 1549 1542 1633 praesignllletlttdtlm
1553 1551 1662 1630 lumen,
1675 1551 1752 1634 quod
1764 1568 1815 1633 pet·

264 1665 442 1752 ὑφεστῶτος
464 1661 518 1724 καί
541 1660 804 1750 συνουσιουμίνου.
1067 1673 1101 1720 ss
1121 1643 1260 1719 subsistit
1272 1663 1303 1718 et
1316 1655 1565 1722 consubstantiale
1584 1665 1640 1722 est.

303 1763 717 1848 11.cnp.111‚,e.7.1ret
747 1764 879 1858 ἔρραψαν
910 1767 1013 1858 φύλλα
1106 1762 1145 1827 ll.
1169 1763 1348 1828 Coneuerustt
1366 1764 1441 1848 solio
1460 1764 1542 1846 ficos.

263 1883 367 1950 συκῆτ

308 1979 421 2044 Φύλλα
437 1989 532 2055 συκῆς
556 1979 653 2044 ἐποίει
675 1983 777 2063 ἑαυτῷ
797 1973 1013 2071 περιζώματα,
1108 1975 1169 2041 Fici
1180 1977 1248 2043 lolio
1263 1980 1387 2046 coniecit
1399 1979 1456 2044 sibi
1473 1978 1502 2050 in
1517 1977 1720 2061 succinctorio,
1734 1999 1814 2063 sym-

263 2080 408 2178 etpdote
430 2096 493 2152 τῶν
519 2079 601 2152 ἰδίων
621 2087 869 2178 ἁμαρτημάτων.
887 2087 1013 2152 ψύλλαν
1066 2084 1135 2149 bola
1155 2085 1259 2168 utique
1280 2087 1461 2172 propriorum
1486 2096 1679 2168 pmcetorum.
1702 2085 1814 2151 Folium

261 2189 321 2283 γὰρ
345 2203 450 2270 συκῆς,
463 2195 556 2266 ήνίκα
580 2191 617 2258 ἂν
640 2203 696 2259 τοῦ
721 2193 866 2279 σώματος
882 2193 1012 2284 ἅψηται,
1067 2191 1146 2254 enirn
1162 2191 1221 2271 lici,
1235 2192 1286 2257 ubi
1300 2192 1413 2277 corpori
1433 2193 1522 2259 luerit
1541 2193 1726 2278 impressum,
1743 2212 1814 2278 pru·

262 2297 442 2388 κνησμονήν
465 2298 605 2389 παρέχει·
629 2300 721 2376 αὐτὸς
745 2294 796 2365 οὖν
815 2305 918 2386 ἑαυτῷ
941 2325 1015 2392 προ-
1067 2297 1192 2381 riginem
1213 2297 1311 2364 offert.
1327 2299 1421 2364 Homo
1442 2299 1531 2381 igitur
1544 2299 1599 2364 sibi
1621 2298 1765 2383 propheto
1780 2299 1815 2363 lit

263 2405 367 2493 ρήτής
394 2414 457 2469 τῶν
489 2406 679 2494 μελλόντων·
707 2407 839 2499 ἔλεγχον
867 2407 927 2501 γὰρ
954 2419 1012 2484 τῆς
1067 2404 1239 2472 suenorum:
1263 2405 1415 2489 redarguit
1434 2408 1514 2472 enim
1539 2424 1573 2471 se
1593 2407 1719 2490 lapsum,
1743 2405 1813 2472 dum

262 2505 470 2602 παραήάσεως
493 2512 554 2588 τήν
577 2512 756 2604 κνησμονήν
781 2507 923 2580 δείκνυσι.
1067 2511 1246 2594 pruriginem
1267 2511 1397 2578 exhibet.

305 2615 359 2680 lll.
383 2616 426 2681 lb.
448 2637 476 2680 ο.
493 2617 543 2681 il.
559 2620 620 2684 Καὶ
636 2622 763 2694 ἐποίησε
780 2621 888 2713 Κίιρισς
903 2627 919 2686 ὁ
936 2625 1013 2699 Θεὸς
1106 2617 1160 2684 lll.
1177 2617 1260 2682 Fecit
1273 2638 1384 2702 quoque
1400 2619 1477 2683 nee
1489 2619 1600 2684 Adomo
1614 2625 1642 2683 el
1653 2621 1740 2684 unori
1751 2623 1814 2704 ejsu

262 2733 309 2808 τῷ
333 2716 437 2814 Ἀδὰμ
459 2726 513 2790 καί
535 2735 576 2814 τῇ
609 2728 733 2818 γυναικί
756 2733 850 2793 αὐτοῦ
877 2739 1012 2819 χιτῶνας
1068 2730 1179 2792 liuticos
1191 2725 1331 2808 pelliceos.

265 2822 477 2923 διρματίνους.

305 2938 423 3031 Νεαρὰν
445 2939 506 3033 γὰρ
522 2940 640 3014 σκέπην
657 2943 753 3007 ἐποίει
768 2951 815 3026 τῷ
831 2942 1012 3034 νεκρωθέντι
1106 2937 1253 3004 Mortuum
1273 2941 1352 3006 enim
1373 2952 1510 3024 regumn
1526 2941 1605 3007 licus
1626 2941 1743 3024 aptarit
1761 2942 1810 3006 ho·

262 3035 314 3111 iel
336 3045 395 3120 τήν
420 3049 585 3138 ἁμαρτίαν·
607 3057 654 3133 τῷ
677 3048 738 3141 γὰρ
754 3049 847 3142 νεκρὰ
867 3053 1013 3143 ἁμαρτή-
1066 3045 1369 3131 αἰιιί,ροιροοωιιιιιι
1379 3047 1724 3114 monueneoentienim
1734 3065 1813 3112 mor-

262 3177 350 3244 ματα
365 3154 472 3245 ἔχοντι
483 3156 553 3246 περὶ
564 3157 602 3221 τὸ
619 3165 720 3247 σῶμα,
734 3155 847 3248 φθορὰν
864 3159 1012 3249 ἐσήμαινε
1068 3152 1152 3219 lisere
1167 3163 1284 3237 peecata
1295 3151 1470 3222 mendum
1483 3153 1697 3238 corruptionem
1710 3154 1743 3219 in
1753 3153 1814 3238 pcl-

261 3263 299 3327 τὸ
325 3254 432 3353 δέρμα.
1066 3259 1140 3325 liceo
1160 3258 1290 3343 eorporis
1309 3259 1428 3326 omino.

306 3366 354 3433 lt.
366 3367 440 3452 Gap.
454 3367 572 3450 XLIX,
584 3388 612 3433 n.
629 3370 733 3435 enei
746 3371 848 3458 ἐπίτῇ
864 3371 1012 3438 συστάσει
1105 3364 1157 3432 ll·
1179 3365 1813 3434 Elidemttlliowrdmnonoonlenddntvi·

262 3478 364 3538 αὐτῶν
381 3471 424 3564 μή
443 3476 539 3565 ἐρίσαι
551 3473 594 3540 τὰ
606 3477 716 3550 ήπατά
733 3502 793 3566 μου
812 3477 891 3563 [γαίτ
908 3477 955 3554 ll,
967 3481 1010 3558 21.
1065 3487 1149 3533 totta
1166 3488 1241 3535 med·

307 3579 394 3646 Ἀντί
416 3591 481 3646 τοῦ·
505 3581 554 3655 Μή
586 3581 708 3675 γένοιτό
740 3607 792 3673 μοι
823 3584 1012 3674 ἐπιθυμῆσαι
1107 3577 1217 3644 florum
1229 3577 1260 3642 in
1270 3577 1344 3644 loco:
1357 3577 1455 3657 Absit,
1464 3595 1503 3643 ne
1513 3576 1651 3642 similium
1662 3576 1813 3643 hominum

260 3696 323 3752 τῶν
347 3687 505 3753 τοιούτων.
523 3687 578 3753 Ἐκ
594 3699 650 3755 τοῦ
666 3691 787 3767 ἥπατος
804 3691 863 3784 γὰρ
887 3691 1012 3785 λέγουσι
1066 3685 1219 3751 desideriis
1234 3684 1427 3750 consentiam.
1443 3683 1550 3750 Diount
1570 3683 1649 3750 euim
1664 3700 1701 3747 er
1717 3685 1813 3751 risos·

260 3794 299 3857 τὸ
326 3793 549 3883 ἐπιθυμητικὸν
582 3793 740 3861 κινεῖσθαι·
765 3788 812 3862 διὸ
844 3791 937 3864 εἶπεν·
961 3799 1009 3874 Μή
1066 3793 1147 3860 ribus
1167 3791 1237 3860 oriri
1258 3811 1375 3857 sensum
1388 3791 1584 3858 desiderandi.
1600 3791 1670 3857 Ideo
1685 3792 1745 3859 ait:
1768 3793 1814 3860 Ne

263 3901 451 3993 προστιμήσῃ
477 3900 519 3968 τὰ
542 3903 653 3976 ήπατά
676 3927 735 3993 μου
758 3916 823 3981 τοῖς
850 3905 1012 3985 τοιούτοις,
1067 3900 1268 3984 concupiscant
1289 3900 1396 3964 οίοαια
1416 3917 1481 3963 αισα
1499 3899 1531 3964 in
1548 3897 1710 3976 sentito·
1730 3917 1766 3964 oo
1788 3899 1813 3965 si

294 4135 354 4210 lv.
367 4152 480 4211 Scholia
494 4155 522 4210 in
536 4153 657 4210 Genesin
677 4156 854 4227 potissimum
868 4159 1013 4232 excipinn-
1103 4159 1148 4214 111.
1168 4157 1361 4216 Andriorum
1379 4153 1542 4210 Melitonem
1561 4155 1595 4211 ed
1620 4155 1694 4211 huno
1718 4155 1810 4228 ipsum

258 4247 305 4297 tur
331 4259 366 4296 ex
390 4243 469 4300 oodd.
495 4245 587 4301 Vstio.
618 4242 702 4308 1520.
731 4243 817 4314 1657,
836 4247 927 4304 Pelet.
947 4247 1011 4304 205.
1068 4252 1169 4307 (lenes.
1190 4247 1290 4303 locum:
1305 4246 1406 4313 Pelles,
1425 4247 1540 4317 eipnum
1557 4248 1746 4314 mortalitatis,
1761 4264 1811 4302 su-

258 4330 333 4386 Looo
351 4349 416 4388 vero
444 4333 593 4405 scriptume
624 4350 712 4390 seorae
739 4335 866 4393 referunt
889 4335 1010 4396 celeber·
1067 4356 1118 4412 prs
1130 4358 1159 4410 p.
1171 4337 1218 4405 59,
1233 4354 1261 4393 n.
1275 4335 1320 4390 44.
1334 4336 1490 4406 -ίσήμανι
1502 4337 1565 4392 Vnt.
1579 4333 1608 4390 2.
1622 4336 1809 4391 -Heotenus

263 4422 364 4479 rimum
390 4422 482 4478 Vetto.
503 4422 670 4494 Plerumque
696 4427 836 4483 consentit
862 4428 1011 4500 Nicephori
1067 4421 1100 4474 de
1120 4419 1290 4474 Hexoemero
1309 4416 1371 4472 loos
1388 4418 1454 4484 trie,
1473 4431 1523 4468 neo
1542 4416 1596 4470 nisi
1616 4415 1672 4470 tris
1689 4415 1746 4471 slis
1764 4416 1811 4470 nd·

265 4508 363 4565 cnei.
381 4508 402 4564 l.
1067 4509 1170 4563 duntur
1189 4505 1319 4562 ineditis
1347 4503 1492 4578 Hippolyti
1518 4505 1658 4577 operibus,
1686 4507 1811 4577 quemvis

297 4597 318 4651 1.
337 4595 490 4651 Dolendum
504 4596 637 4657 huotenus
655 4599 801 4656 obscurem
814 4606 1011 4659 stemmatum
1063 4595 1189 4670 emplum
1206 4597 1241 4650 eb
1260 4611 1292 4651 eo
1311 4597 1446 4668 scriptum
1471 4593 1558 4649 fuisse
1583 4596 1812 4651 commentorium

263 4685 293 4739 in
306 4685 362 4739 line
381 4685 549 4740 remansisse
562 4687 723 4759 pericopen,
736 4689 814 4744 brevi
828 4706 878 4748 suo
897 4690 1010 4764 fulgore
1065 4686 1147 4741 multi
1166 4685 1289 4740 referent
1305 4690 1372 4757 post
1389 4684 1538 4739 Eusebium
1557 4689 1586 4740 et
1599 4685 1809 4758 Hieronymum,

262 4770 443 4840 luculentum,
456 4789 542 4844 quum
560 4775 703 4831 Nioaenem
714 4775 773 4832 fers
792 4777 950 4834 fermotum:
966 4781 1011 4837 tu.
1066 4776 1113 4846 qui
1133 4766 1217 4828 e'tiem
1236 4774 1306 4828 scite
1318 4774 1435 4842 neunt,
1454 4789 1500 4845 ep.
1513 4771 1563 4844 41,
1576 4772 1614 4830 el.
1628 4773 1674 4830 65:
1688 4797 1702 4824 s
1716 4775 1813 4846 Nuper

261 4879 329 4918 mse
342 4861 378 4920 de
391 4863 533 4926 lumine...
546 4865 817 4924 consubstantialem
836 4867 929 4937 Porri,
942 4885 1010 4924 oon-
1066 4867 1178 4920 eenotus
1202 4863 1366 4924 Ambrosius
1392 4864 1435 4918 sio
1463 4850 1653 4920 Hexeememn
1680 4863 1813 4936 Origenis

261 4953 350 5006 tinent
368 4952 397 5005 in
416 4948 551 5021 clausule,
570 4969 653 5026 quom
670 4957 776 5014 Arione
800 4974 870 5030 pene
892 4959 1010 5016 dixerim
1065 4952 1237 5027 compilavit,
1249 4965 1282 5012 ut
1292 4958 1383 5027 mepte
1402 4953 1548 5025 Hippolyti
1566 4958 1721 5011 conuertas
1734 4954 1813 5008 Besi-

260 5038 367 5095 invidio
384 5039 518 5096 boetrum
535 5059 724 5118 suppressum.
742 5076 778 5089 -
796 5049 960 5121 προσηγορία,
979 5056 1011 5104 ut
1066 5040 1153 5115 litque
1171 5048 1345 5117 sequeretur.
1360 5067 1374 5090 ι

258 5124 327 5180 slibi
345 5129 532 5203 npeeeyopsiso
560 5131 652 5197 (Patr.
672 5151 701 5204 x,
720 5133 775 5190 ool.
794 5133 848 5189 588
873 5141 910 5201 o.)
936 5137 1010 5209 opud
1101 5133 1149 5189 lV.
1164 5135 1230 5190 Hoeo
1249 5134 1318 5189 udde
1330 5133 1423 5204 editis,
1436 5133 1545 5190 Potrot.
1557 5151 1575 5188 x
1587 5132 1642 5189 eol.
1661 5132 1725 5188 588:
1737 5136 1808 5186 τοῦτο

259 5215 447 5291 Hippolytum
467 5218 502 5274 de
520 5221 670 5293 prophetie
687 5221 810 5294 intelligi
829 5223 912 5280 solet.
1064 5223 1165 5295 λέγω...
1176 5223 1295 5296 stirpense
1314 5230 1346 5278 τὰ
1364 5227 1444 5295 νιῦρα,
1457 5239 1520 5296 qun
1533 5223 1593 5278 sole
1604 5222 1714 5276 sineere
1732 5226 1809 5288 sunt,

294 5307 327 5361 ll.
348 5309 387 5362 De
406 5307 511 5364 noeriis
529 5309 567 5364 et.
589 5309 681 5368 Melit.
711 5313 791 5369 Cloe.
811 5331 840 5384 p.
860 5311 896 5368 39
916 5330 942 5369 ιι.
963 5313 1008 5373 62.
1065 5315 1113 5369 sed
1132 5315 1239 5372 mutila.
1259 5315 1367 5372 ceum
1385 5315 1448 5369 edd.
1467 5314 1501 5369 ed
1520 5311 1654 5385 Cyn-illum
1672 5309 1759 5366 resen.
