4044 6098
833 479 1118 548 TESTAMENTUM
1696 487 1754 554 did

201 623 243 680 M.
257 641 310 680 em.
325 626 429 698 'dripere
441 630 534 688 ἀτελεῖς
545 633 588 682 καί
598 629 700 700 ὰτίρεοεες
713 629 802 683 reline
813 628 952 694 εὐτελεῖς)...
1007 630 1097 700 αὐτῶν,
1113 629 1179 686 εἶπεν
1192 635 1298 696 αὐτοῖς...
1312 637 1388 692 linea
1399 638 1459 710 [ere
1477 641 1580 694 omissa
1593 640 1627 694 ob
1639 641 1753 698 remilia.

238 713 306 770 Cod·
327 713 349 767 1.
369 713 434 783 348,
454 733 483 787 p.
506 714 568 783 185,
581 717 634 772 col.
652 715 677 772 1.
693 735 719 772 v.
733 713 760 773 3.
776 719 892 780 Εἰπόντος
910 739 952 790 por
1042 739 1070 792 p.
1093 719 1153 793 187,
1173 724 1225 778 col·
1248 721 1271 793 1,
1290 741 1317 780 v.
1338 722 1382 779 ³0.
1403 722 1443 776 'lle
1463 729 1562 800 μεγάλῃ
1582 727 1674 800 ldie-y...

207 803 246 864 δίς
265 823 332 874 pet...
1041 811 1093 865 col.
1111 807 1139 876 2,
1159 830 1186 865 ε.
1209 810 1249 867 17.
1268 812 1400 884 Ἐρωτήσω
1420 834 1469 867 σε...

235 911 262 947 v.
285 891 327 949 ll.
349 895 423 955 Σίτπς
442 895 458 950 lt
478 893 565 967 γονὴ...
1042 915 1068 954 v.
1087 895 1133 954 39.
1154 896 1357 952 'ducentem

239 982 306 1038 Cod.
326 984 365 1039 ib.
385 1003 412 1036 v.
431 980 478 1039 23.
499 987 548 1036 lits
568 985 665 1038 δίδωσιν
684 985 770 1044 nied...
1041 1005 1071 1058 p.
1094 985 1155 1056 189,
1173 985 1228 1044 col.
1251 987 1274 1058 1,
1293 1004 1319 1044 v.
1336 988 1362 1043 6.
1384 987 1482 1062 Δείξῃ...

164 1081 171 1094 ’
237 1072 287 1127 col.
307 1069 335 1139 2,
355 1091 380 1128 v.
401 1071 430 1126 6.
446 1073 503 1124 'lun
520 1075 546 1127 τί
565 1073 795 1146 ίλάληοαςῶςρεία
814 1077 952 1147 τῶεαρρό-
1044 1078 1110 1132 cod.
1131 1076 1153 1132 s.
1173 1076 1237 1145 349,
1256 1096 1285 1149 p.
1309 1077 1369 1147 190,
1382 1077 1515 1150 οοί.’1,ε.
1533 1078 1562 1134 5.
1582 1077 1755 1142 Ἀδοεάτους...
1843 1105 1845 1110 ·

200 1179 247 1210 τωο
266 1162 388 1231 γυναικῶν
407 1163 491 1214 διὰτί
510 1164 560 1215 dl...
581 1164 780 1220 limitatum
798 1170 910 1221 omissa.
1042 1181 1067 1218 v.
1088 1161 1135 1218 22.
1156 1167 1189 1218 Te
1209 1163 1362 1218 δακτύλιον...

237 1267 264 1303 v.
288 1247 332 1303 10.
352 1253 613 1323 Μακροθυμήσωμεε...
1042 1272 1068 1307 v.
1088 1251 1134 1308 25.
1154 1257 1225 1324 Τρεῖς
1248 1257 1338 1325 χορδὰς
1361 1255 1524 1327 περιζώματα
1550 1263 1613 1326 (am.
1633 1257 1674 1315 M.
1692 1261 1755 1330 Τρία

237 1355 264 1392 v.
287 1334 330 1393 15.
351 1341 399 1391 Διὰ
418 1341 441 1393 τί
461 1340 504 1392 οὐκ
523 1343 627 1411 ἆρχεοαε
646 1343 710 1410 (em.
730 1341 768 1399 M.
788 1345 902 1414 αρχῃ)...
1006 1341 1100 1408 χορδῶν
1119 1341 1329 1412 περιζώματα)...

237 1445 264 1497 p.
286 1424 347 1497 186,
367 1429 420 1484 col.
439 1427 467 1484 2.
488 1429 573 1486 nen.
591 1433 658 1482 Πασε
675 1433 723 1484 ποῦ
741 1433 781 1484 νῦν
801 1435 951 1505 nunniti.
1042 1447 1068 1482 v·
1087 1427 1133 1483 29.
1154 1429 1263 1484 didonis
1284 1433 1422 1503 ὰναχορδὴν
1436 1436 1494 1505 μιᾶς
1508 1435 1613 1497 ἕκαστος
1628 1441 1692 1504 (em.
1713 1436 1753 1490 M.

202 1514 262 1578 δόξα
281 1535 348 1569 σου...
1007 1516 1061 1569 Λίδ.
1082 1519 1172 1589 χορδὴν
1192 1522 1251 1590 μίαν
1271 1522 1411 1592 ίεεάστῃ)...

238 1624 265 1662 τ.
285 1604 330 1660 32.
352 1607 511 1678 Θορεατήρεα
529 1611 573 1668 τῆς
593 1609 658 1679 ᾠδῆς
678 1610 731 1677 (sic
749 1609 811 1668 cod.
825 1609 889 1682 lage
908 1615 951 1673 τῆς
1041 1608 1094 1662 col·
1113 1606 1141 1675 2,
1159 1627 1185 1662 v.
1206 1608 1228 1666 1.
1242 1611 1329 1682 Κύριος
1342 1613 1365 1664 lv
1378 1611 1460 1685 ἢρίρρ
1472 1615 1512 1667 ὅτε
1526 1613 1660 1669 εείεδόεεεεσεε
1679 1614 1755 1668 lxd-

203 1695 350 1760 εὐωδίας)...
700 1745 705 1754 ,
1006 1716 1053 1768 ρεος
1073 1699 1195 1755 ίλεῆσαε...

237 1804 264 1841 τ.
277 1785 322 1842 42.
338 1787 464 1858 Ταραχὴε,
478 1789 642 1850 καταπαύσας
656 1786 694 1843 edu
707 1791 756 1864 tyn
776 1791 820 1850 τὸν
839 1791 951 1863 ταραχὴε
1041 1806 1068 1843 τ.
1083 1785 1129 1844 35.
1144 1790 1279 1846 Δυεῆαεταε
1291 1792 1365 1863 εὑρεῖν
1379 1793 1402 1844 is
1416 1795 1466 1853 τοῖς
1478 1791 1561 1863 ipson
1578 1794 1690 1854 Κασοίας
1705 1793 1754 1859 l)...

240 1965 265 2030 1)
284 1967 368 2019 Κασίε
393 1984 503 2040 quaqua
527 1965 629 2020 dicitur
653 1969 682 2021 in
707 1965 778 2023 libro
797 1984 887 2024 sacro.
907 1965 952 2023 llli
1006 1961 1230 2042 hujue'nominie
1248 1969 1470 2044 hymnographae
1489 1987 1555 2028 τωο.
1570 1987 1609 2041 rx,
1622 1989 1677 2044 qua
1697 1972 1755 2028 ior-

205 2073 270 2111 vero
286 2056 399 2112 Cassiae
410 2072 461 2111 cur
473 2057 650 2128 potissimum
662 2059 842 2114 ascribantur·
853 2063 953 2130 hymni
1005 2064 1080 2114 lasse
1093 2063 1186 2130 oetate,
1200 2061 1293 2132 operis
1307 2061 1468 2134 interpolati
1487 2064 1696 2118 consarcinator
1714 2064 1756 2118 τί·

204 2147 338 2219 angelici,
358 2163 448 2201 noune
468 2147 496 2200 in
515 2162 598 2200 cause
616 2147 671 2200 erit
689 2145 763 2201 lame
780 2146 950 2204 doctissimae
1004 2149 1089 2203 xerit.

732 2358 783 2432 De
806 2359 919 2434 codiee
949 2358 1121 2435 Vaticano
1144 2360 1228 2434 749.

242 2536 340 2602 Codex
363 2535 431 2604 vat.
448 2536 519 2616 llll,
536 2535 573 2601 de
586 2555 644 2621 quo
655 2535 716 2621 jam
733 2536 843 2602 dictum
862 2555 951 2621 supra
1005 2536 1056 2621 qui
1078 2537 1254 2604 vetustiores
1274 2547 1354 2619 sunt,
1377 2537 1441 2605 eine
1460 2539 1521 2605 ullo
1541 2540 1602 2606 lere
1621 2550 1754 2624 respectu

203 2644 272 2709 pag.
289 2627 360 2704 360,
376 2625 446 2708 361,
468 2634 585 2690 constal
599 2625 676 2690 loliis
695 2625 726 2689 in
741 2625 843 2709 majori
859 2626 950 2692 lorma
1005 2625 1043 2689 ad
1064 2623 1192 2690 anciliae
1211 2645 1277 2711 quac
1298 2626 1447 2692 dicuntur.
1464 2627 1590 2694 Nomina
1610 2629 1755 2712 interpre-

202 2715 381 2799 consiguatis
401 2734 482 2780 num.
505 2717 581 2796 stt,
604 2735 640 2782 ex
661 2715 832 2781 membrana
853 2714 950 2797 rigida
1007 2723 1069 2779 lum
1086 2714 1257 2798 plerumque
1270 2715 1361 2780 minio
1376 2715 1515 2796 emicant,
1532 2716 1685 2802 plenisque
1706 2719 1754 2782 lit-

202 2815 234 2872 el
253 2822 362 2883 emesa,
383 2804 498 2870 duabus
521 2805 664 2870 columnis
683 2814 814 2882 ereren,
831 2804 861 2868 in
882 2803 951 2868 cha·
1007 2803 1076 2870 teris
1095 2803 1308 2887 exprimuntur,
1324 2806 1381 2870 nisi
1400 2807 1479 2888 quod
1499 2807 1680 2889 frequentius
1700 2826 1753 2873 uc-

201 2904 315 2961 ractere
334 2893 442 2959 unciali
456 2893 567 2977 majore
580 2905 612 2960 et
626 2893 775 2972 inclinato,
791 2892 840 2958 uhi
858 2897 951 2958 uerba
1006 2909 1073 2957 men
1087 2891 1223 2974 origenis
1236 2894 1297 2959 solo
1311 2902 1351 2981 ll,
1361 2894 1468 2964 lcuiter
1481 2896 1593 2963 minuto
1609 2925 1624 2988 ρ
1639 2896 1750 2980 addito,

200 3001 301 3064 mera,
321 2981 425 3049 minori
447 3001 519 3050 uero
539 2992 569 3049 et
590 2993 669 3049 recto
691 2983 720 3046 in
742 2982 951 3048 commentario
1005 2981 1213 3065 distinguatur.

202 3073 369 3152 uariorum,
391 3073 440 3156 qui
462 3071 605 3156 reliquam
630 3071 770 3156 paginam
798 3070 900 3155 implet
920 3071 951 3136 in
1044 3071 1753 3156 Interpretisnomineappellatiindecursucom-

203 3175 264 3231 toto
286 3164 397 3229 ambitu
411 3163 486 3227 sacri
503 3173 612 3240 textus,
627 3161 733 3244 amplis
754 3170 853 3226 tamen
873 3179 951 3226 mar·
1005 3163 1141 3226 menterii
1160 3173 1245 3226 sunt:
1261 3163 1473 3245 apollinarius,
1487 3163 1681 3244 Athanasius,
1697 3166 1753 3230 lla·

202 3254 323 3336 ginibus
343 3251 451 3317 relictis
465 3267 502 3315 ex
521 3249 599 3315 omni
622 3259 714 3332 parte,
732 3249 834 3315 vacuis
854 3265 886 3317 et
905 3250 951 3314 ni·
1005 3248 1101 3327 silius,
1123 3248 1359 3334 chrysostomus,
1375 3250 1506 3334 Gyrillue¹
1522 3251 1750 3332 Alexandrinus,

202 3343 282 3406 tidie.
299 3340 414 3424 Saepius
427 3349 525 3405 autem
538 3339 630 3404 series
645 3338 799 3421 rumpitur,
815 3347 849 3404 ut
869 3339 951 3405 locus
1006 3336 1164 3419 Didymus,
1186 3337 1347 3420 Dionysius
1368 3338 1600 3420 Alexandrinus,
1616 3339 1754 3423 Ephraim

202 3431 286 3496 detur
306 3430 435 3496 uetustis
458 3429 602 3507 iconibus,
620 3428 651 3492 in
671 3445 738 3493 area
759 3445 848 3492 aurea
869 3429 952 3512 depi·
1004 3427 1109 3509 Syrus,
1126 3427 1276 3492 Eusebius
1288 3427 1492 3508 Caesariensis,
1508 3428 1667 3511 Euagrius,
1681 3431 1753 3498 Gre-

205 3520 279 3600 clis,
302 3520 459 3586 accedente
480 3519 639 3603 epigraphe
660 3536 747 3602 quam
774 3517 837 3602 ipse
859 3518 952 3600 pictor
1004 3516 1105 3598 gorius
1118 3516 1295 3601 'theologus
1311 3517 1453 3598 Isidorus,
1469 3518 1604 3582 Julianus
1623 3519 1753 3584 Halicar-

201 3609 319 3676 uidetur
339 3608 529 3693 apposuissc;
543 3610 637 3674 altera
651 3617 730 3674 certe
743 3619 788 3674 est
801 3624 952 3691 apponen-
1005 3607 1170 3684 nassonem,
1191 3607 1371 3689 ldethodius,
1393 3606 1489 3689 Nilus,
1512 3608 1750 3694 olympiodorus,

202 3698 240 3762 lis
253 3697 432 3784 epigraphes
443 3715 557 3776 manus,
566 3696 910 3781 indiligentior,maxime
921 3697 952 3761 in
1005 3695 1157 3778 Origenes,
1170 3695 1390 3780 Polychmuiua,
1402 3695 1753 3780 &venenisuenenis

202 3788 342 3871 neglectis
361 3788 541 3869 accentibus,
562 3798 593 3855 cl
612 3788 712 3854 rudior
732 3805 820 3872 quam
840 3787 951 3871 optima
1005 3783 1218 3850 Theodoretus.

160 3947 167 3956 ,
202 3876 306 3957 altere,
329 3894 396 3960 quas
419 3885 511 3942 totum
531 3877 662 3942 codicem
681 3875 747 3942 siue
767 3877 866 3956 rubro,
887 3877 953 3942 sive
1045 3871 1193 3938 Nonnulla
1203 3872 1242 3938 ab
1254 3872 1337 3940 initio
1351 3872 1420 3938 lolia
1432 3873 1661 3941 desuntzcodcx
1674 3875 1753 3942 euim

203 3965 290 4048 nigro
307 3965 403 4030 colore
417 3965 523 4049 pinxit.
541 3965 699 4048 Utriusque
713 3984 828 4043 manus,
844 3966 949 4031 utrius·
1005 3961 1109 4045 incipit
1123 3962 1256 4045 abrupto:
1273 3962 1293 4038 ll
1311 3963 1395 4028 κατὰ
1412 3962 1454 4028 τά
1469 3957 1598 4055 stipatis&
1621 3966 1698 4032 αὐτό
1715 3992 1753 4034 τε

202 4071 260 4137 que
273 4053 386 4118 librarii
399 4065 431 4120 et
445 4051 570 4138 pictoris'
581 4063 654 4119 aetas
673 4056 776 4120 eadem
790 4063 848 4131 est,
864 4072 953 4138 quam
1005 4061 1100 4117 τοῦτο
1123 4053 1160 4117 τὸ
1190 4045 1327 4136 duillios,
1351 4069 1417 4134 quan
1437 4052 1574 4132 leguntur
1593 4053 1623 4117 in
1644 4053 1754 4119 canna

202 4141 334 4225 Angelus
353 4141 449 4206 hlaius
462 4141 570 4207 saeculo
593 4142 658 4210 llll
678 4143 859 4208 referendam
879 4161 952 4208 ren·
1005 4139 1086 4204 lunii
1109 4139 1194 4203 Prol.
1217 4141 1272 4204 ccl.
1298 4141 1335 4203 13
1357 4161 1402 4221 gr.
1420 4140 1506 4222 paulo
1521 4139 1599 4206 circe
1613 4142 1749 4207 medium.

205 4231 278 4309 suit,
301 4248 368 4313 qua
387 4232 440 4295 uis
462 4233 554 4297 multo
574 4243 641 4316 post
661 4231 870 4298 iconomachos
890 4233 955 4298 eine
1046 4228 1166 4294 lconum
1186 4227 1291 4294 seriem
1312 4247 1371 4294 una
1392 4247 1457 4293 cum
1478 4230 1604 4312 singulis
1630 4232 1753 4314 epigra-

203 4317 310 4404 injuria
321 4321 526 4386 ascriberetur.
535 4321 824 4404 Utraquescrlptura,
834 4321 953 4385 interior
1006 4315 1073 4400 phis
1097 4328 1195 4382 texere
1220 4315 1299 4381 haud
1326 4319 1540 4382 incommodum
1560 4318 1633 4400 erit,
1655 4339 1753 4403 neque

203 4420 235 4475 et
247 4410 384 4492 exterior,
400 4411 540 4477 contiuua
561 4421 617 4491 est,
634 4411 699 4477 sine
716 4409 775 4476 ullo
796 4410 952 4476 verborum
1006 4407 1243 4490 mappulum,
1266 4407 1304 4473 oh
1325 4417 1438 4474 tanmm
1459 4409 1567 4475 codicis
1587 4410 1753 4495 antiquita-

207 4499 385 4580 iutervallo,
406 4500 453 4565 his
474 4509 587 4565 tentum
617 4499 761 4566 instructa
784 4499 952 4566 accentibus
1007 4507 1087 4562 tom:

239 4687 260 4741 l.
279 4688 307 4745 6.
328 4685 389 4741 ’idi
407 4694 451 4742 nni
469 4691 484 4745 i
505 4690 565 4762 γυνὴ
586 4689 668 4741 αὐτοῦ.
688 4689 740 4745 Joe
757 4689 841 4761 sedet,
861 4706 949 4744 aureo
1003 4689 1061 4741 eico
1068 4687 1225 4756 pecudibus
1236 4689 1391 4760 incipiinnl
1403 4706 1468 4744 cunt
1479 4691 1577 4762 ῥτεαία
1590 4701 1616 4746 ct
1627 4692 1751 4750 tibicine.

203 4779 320 4831 vestitus
332 4779 422 4847 pullio
435 4789 460 4834 et
473 4783 506 4834 in
517 4783 597 4850 rapio
611 4782 724 4847 threnn
744 4781 820 4836 sedet
838 4797 950 4852 qnoque
1040 4777 1060 4831 f·
1075 4775 1092 4827 7
1106 4777 1149 4830 v·⁰
1162 4777 1260 4830 Ἐνθοὶδε
1274 4777 1574 4850 συμπαραλαμίάενουσεν
1589 4784 1651 4856 (sic)
1664 4787 1687 4836 ol
1705 4783 1754 4839 niul

201 4881 286 4934 umor,
306 4883 440 4938 purpura
459 4873 594 4941 insignis.
1004 4872 1048 4927 τὰς
1068 4870 1177 4939 ἀδελφὰς
1197 4867 1284 4921 αὐτῶν.
1304 4869 1394 4924 Iidem
1417 4871 1511 4925 decem
1529 4873 1568 4926 ad
1591 4878 1753 4930 concinium

239 4956 259 5011 ε’.
279 4955 297 5010 6
316 4958 359 5012 v.⁰
378 4956 440 5011 ’lud
460 4967 502 5012 nul
514 4953 582 5034 'yssi
603 4961 686 5030 αὐτοῦ,
706 4963 729 5014 οί
747 4964 794 5015 οἶοί
815 4968 858 5017 καί
876 4967 952 5036 hoyn·
1004 4959 1172 5027 procedunt.
1655 4953 1658 4960 ¹

204 5045 276 5116 rs'ptt·
297 5050 397 5104 Decem
415 5051 501 5107 libere·
518 5069 583 5106 cum
602 5053 680 5108 stolis
699 5064 725 5109 ei
740 5055 839 5123 palliis
856 5060 951 5111 varic·
1043 5050 1063 5104 s.
1082 5050 1109 5104 8.
1130 5049 1228 5104 ’hiteta
1247 5052 1377 5124 προσφέρει
1396 5050 1454 5105 ’lut
1469 5055 1528 5125 ὑπὲρ
1543 5056 1589 5106 τῶν
1603 5054 1694 5107 cineris
1713 5060 1754 5107 liu·

202 5143 275 5207 patis
293 5142 463 5208 parentibus
481 5146 695 5198 circumastant.
1006 5142 1068 5202 σίας.
1088 5141 1139 5197 Jou
1158 5147 1298 5213 aspiciens
1323 5161 1442 5199 manunt
1466 5147 1673 5204 benedicentem
1691 5153 1752 5205 ritu

242 5225 263 5277 f·
275 5225 301 5281 7·
318 5230 356 5280 Τὰ
368 5229 479 5300 lpipure
497 5234 555 5296 [³5⁶]
573 5229 639 5284 ’ΜΕ
653 5235 782 5291 Pastores
796 5253 873 5292 more
884 5237 954 5291 elas-
1007 5250 1107 5304 praeco
1127 5235 1220 5290 decem
1241 5237 1345 5290 hostias
1365 5238 1453 5308 offert.
