4044 6098
821 512 863 578 IN
885 511 1127 580 1911911101
1696 519 1754 584 399

248 669 323 759 llep.
348 667 421 761 Ktt‘,
448 670 484 755 β’.
502 667 638 760 Πότερον
659 669 729 761 οὐχί
743 673 759 733 ὁ
775 670 883 762 Κύριός
899 677 950 740 ἐκ.
1045 667 1117 751 Cap.
1140 666 1230 746 xxti,
1245 668 1274 731 9.
1290 665 1443 750 Noorpnid
1461 687 1518 734 κοιι
1540 668 1682 738 dominor
1701 679 1752 754 est,

203 800 253 840 τιν
269 768 456 843 ύθιθάοκων
473 777 592 844 σύνεσιν
608 779 661 844 καί
677 781 864 869 inser-ipse
885 777 948 844 Vot.
1006 778 1054 860 poi
1073 781 1153 841 docet
1170 777 1339 844 intellectum
1359 785 1386 842 et
1405 780 1578 846 retentione

203 881 326 958 189,1.

241 985 375 1081 Ἴθωμεν
403 994 437 1058 τί
459 1017 552 1085 φησιν
584 997 600 1058 ύ
631 989 760 1084 Ἐλιροίζ
790 994 864 1084 πρὸς
895 995 951 1060 τὸν
1046 991 1202 1058 Videamus
1224 992 1294 1076 quid
1314 995 1437 1076 tittplran
1458 995 1497 1061 ad
1522 997 1633 1079 justum
1659 998 1753 1064 dieat:

204 1090 332 1164 δίκαιον·
356 1100 492 1190 Πότερον
516 1106 606 1166 κτλ...
632 1109 733 1166 Τοῦτο
750 1112 805 1166 τοῦ
820 1095 889 1166 'lind
907 1107 951 1166 et·
1004 1099 1157 1184 Numquid
1175 1111 1258 1166 ete...
1280 1102 1315 1166 ld
1337 1103 1414 1185 quod
1440 1106 1578 1189 superius
1599 1115 1644 1172 est
1664 1126 1756 1190 quum

204 1207 346 1296 ρηκότυς,
367 1207 528 1299 συντρέχει
544 1209 691 1301 τῷλόγῳ
707 1209 761 1273 καί
776 1213 792 1272 t
808 1203 949 1300 Ἐλιρὰζ,
1003 1207 1058 1272 lob
1072 1208 1203 1288 dixisset,
1219 1227 1284 1273 enm
1300 1227 1334 1274 eo
1349 1213 1496 1278 consentit
1508 1213 1642 1294 liliplraz,
1657 1223 1688 1278 et
1701 1215 1752 1279 ait:

202 1315 256 1378 καί
278 1338 382 1405 φησιν·
406 1307 485 1381 older
501 1315 590 1407 κάγὼ
610 1318 660 1381 ὅτι
675 1315 747 1392 τοὺς
770 1317 892 1409 λόγους,
910 1308 948 1382 δι’
1006 1315 1165 1383 «intellexi
1177 1325 1207 1383 et
1217 1335 1273 1398 ego
1283 1317 1367 1396 illud,
1381 1337 1486 1402 nempe
1496 1320 1624 1386 rationes
1636 1331 1756 1404 propter

201 1414 243 1485 ὧν
267 1425 283 1484 t
308 1421 362 1510 μέν
386 1446 433 1499 τις
457 1421 498 1486 ὧν
523 1416 638 1499 ἀεεύὴς
670 1423 851 1502 εὐθυνεῖται,
875 1428 891 1487 ὁ
916 1415 949 1488 tt
1003 1439 1076 1504 quas
1096 1441 1131 1488 er
1153 1421 1317 1490 hominibus
1333 1424 1429 1508 impiis
1451 1445 1527 1491 unns
1547 1427 1664 1509 quidem
1688 1445 1753 1511 pro-

201 1522 383 1608 κολάζεται,
407 1535 423 1593 ὁ
448 1530 541 1618 μόνος
564 1531 655 1621 σορὸς
679 1523 743 1596 olle
767 1532 855 1608 Θεὸς·
879 1523 948 1598 elin
1002 1537 1148 1610 speretur,
1163 1529 1237 1595 alter
1257 1549 1328 1596 vero
1348 1531 1518 1615 eastigotnr,
1538 1552 1590 1598 eas
1611 1534 1665 1598 soli
1687 1553 1752 1600 esse

202 1627 237 1701 tt
259 1637 312 1700 καί
333 1647 432 1703 τοῦτο
455 1641 505 1703 ὅτι
529 1640 607 1715 θεὸς
632 1639 697 1728 μὲν,
714 1645 754 1716 ὡς
778 1640 833 1705 καί
857 1642 948 1718 αὐτὸς
1003 1634 1064 1700 lieo
1084 1636 1209 1718 sapienti
1227 1637 1372 1720 cognitos.
1386 1639 1497 1706 'lerum
1513 1639 1640 1706 intellexi
1662 1640 1752 1706 etiem

201 1745 288 1834 ἔφης,
312 1753 376 1808 τῶν
400 1744 525 1837 ἀγαθῶν
541 1750 609 1810 ἐστι
626 1737 769 1838 insepti
796 1738 830 1812 δὲ
852 1749 948 1813 κκκίκ
1004 1741 1069 1819 hoc,
1091 1761 1195 1826 nempe
1216 1742 1320 1824 Deum,
1343 1752 1376 1809 nt
1396 1752 1426 1809 tn
1449 1747 1513 1828 ipse
1533 1747 1626 1812 tessus
1643 1766 1687 1826 es,
1704 1749 1752 1812 ho-

201 1849 259 1928 οὰς
282 1853 425 1928 κολάσεις
442 1843 575 1918 λίθωσιν,
589 1893 632 1902 --
645 1853 743 1945 ‘rpite
758 1855 797 1919 τὸ
813 1846 947 1946 lappe„
1005 1865 1109 1913 nomm
1129 1866 1194 1914 esse
1215 1849 1395 1931 largitorem,
1412 1851 1554 1917 malitiam
1568 1870 1640 1917 vero
1653 1867 1755 1934 poena-

202 1995 246 2006 --
269 1956 512 2048 Έπιοτήμη,ή
543 1960 674 2050 περιοχὴ
708 1969 771 2026 τῶν
803 1962 949 2038 ὡσαύτως
1002 1975 1066 2020 rum
1087 1975 1152 2024 esse
1173 1958 1383 2024 munificans
1410 1996 1445 2008 -
1466 1961 1616 2044 Optimum
1637 1961 1755 2044 quidem

201 2066 340 2138 ἑκόντων
364 2063 485 2156 θεωρία,
510 2066 627 2143 σύνεσις
651 2059 684 2133 θὲ
707 2073 727 2142 ἡ
753 2060 910 2159 διάκρισις.
1002 2063 1368 2146 tegmento-seientia
1382 2066 1656 2150 esteomprehensio
1674 2067 1752 2132 theo·

1002 2169 1093 2236 retica
1121 2190 1216 2237 rernm
1237 2173 1395 2254 similium,
1420 2173 1585 2239 intellectus
1610 2191 1681 2238 rero
1705 2187 1754 2239 et·

1003 2293 1068 2338 rum
1088 2275 1254 2342 discrimen.
1778 2289 1783 2298 '

247 2384 279 2452 ε’.
302 2387 437 2477 Πότερον
455 2393 512 2478 οὐχ
527 2391 547 2462 rt
562 2389 656 2454 κακία
672 2411 726 2454 σου
742 2387 810 2454 ἐστὶ
831 2395 892 2455 πολ
914 2387 949 2478 ὴ,
1042 2383 1118 2449 lbid.
1141 2403 1172 2450 n.
1197 2384 1226 2449 ii.
1257 2383 1406 2468 Numquid
1432 2403 1489 2450 non
1516 2385 1684 2469 improbitas
1704 2390 1755 2450 too

202 2493 406 2585 ἀναρίθμητοι
430 2487 464 2561 tt
488 2519 542 2561 σου
559 2502 634 2561 εἰσιν
650 2501 683 2561 ot!
698 2500 857 2588 ἁμαρτίας
885 2496 947 2562 Vol.
1003 2498 1046 2555 est
1063 2491 1166 2572 metita,
1181 2492 1442 2559 stt'ttnttmeradilt'a
1453 2499 1522 2558 ααινί
1540 2499 1591 2558 trtd
1611 2497 1755 2577 peecata?

201 2600 327 2679 189,1.

245 2710 380 2786 Εἰκότως
404 2703 455 2774 οἷον
479 2709 560 2800 φημί
583 2715 642 2800 οὐχ
661 2715 767 2788 ἁπλῶς
789 2711 950 2804 γεγονέναι
1044 2706 1150 2773 Merito
1165 2707 1255 2790 igitur
1269 2715 1371 2772 tenen
1385 2705 1557 2790 simplicitet
1572 2707 1662 2773 luisse
1680 2688 1754 2791 injtr·

202 2841 237 2883 οε
260 2811 376 2896 ἄδικον,
394 2819 460 2885 ἐπεὶ
475 2819 606 2910 πάσχοις
620 2831 764 2899 τοιαῦτα,
781 2819 830 2886 οἰκ
853 2812 951 2897 οὐδείς
1004 2825 1081 2880 stum
1092 2814 1247 2896 dieo,quia
1258 2813 1328 2878 talia
1340 2813 1459 2896 pateris,
1468 2813 1565 2896 qualia
1578 2831 1664 2879 nemo
1676 2814 1754 2879 inter

200 2935 264 2991 τῶν
277 2937 392 3006 κακῶν,
411 2927 479 2992 ἀλλ’
490 2933 520 2993 ἑν
533 2928 655 3006 τούτοις
668 2927 883 3022 γεγεννῆσθαι,
897 2920 952 3001 3η-
1006 2919 1227 3002 1919101108ρω
1235 2919 1324 2985 ellam
1336 2919 1366 2983 in
1378 2918 1424 2983 1119
1436 2919 1565 3002 [18009118
1576 2930 1678 2986 ilatum
1690 2939 1755 2987 0880

199 3034 307 3100 λονύπι
330 3036 460 3100 πλείονα
482 3037 594 3100 κακίαν
622 3041 703 3122 [τῶν
726 3042 849 3122 κακῶν]
877 3035 951 3126 ὑπὲρ
1006 3035 1045 3106 ῑθι
1062 3027 1390 3110 (1911)1)9(1911931019111
1410 3027 1681 3110 ⁰²¹³¹⁴³fi⁸i¹¹¹llrobis
1703 3027 1754 3090 ha·

199 3142 272 3219 τοὺς
296 3143 408 3219 ἄλλους
432 3145 607 3233 ἐσχηκέναι,
623 3146 724 3209 Κακία
747 3145 830 3209 ἐστίν
855 3149 886 3209 ἐν
908 3157 949 3231 τῇ
1006 3135 1104 3199 biteris
1116 3133 1469 3217 improbitatem-Malitia
1479 3133 1649 3200 esthablttts
1660 3134 1754 3198 melus

200 3245 285 3340 ψυχῇ
307 3249 389 3322 κακὴ
408 3243 477 3335 ἕξις,
494 3247 556 3314 οἷον
571 3251 682 3329 λύπης,
700 3255 804 3343 oppon,
820 3251 874 3316 κκι
889 3256 953 3316 ἐκ..
1006 3241 1036 3305 in
1051 3245 1160 3321 anima,
1173 3249 1207 3305 ut
1220 3240 1378 3322 moeatitiae,
1395 3241 1459 3322 irae,
1475 3249 1526 3306 ant
1541 3245 1628 3305 velut
1648 3259 1754 3306 oeneu-

200 3356 296 3447 θυμία
312 3359 461 3449 ἀπρεπής·
479 3361 617 3449 ἁμαρτία
641 3351 675 3425 δὲ
697 3365 717 3434 ἡ
736 3359 882 3452 ἐνέργεια·
904 3355 951 3429 διὸ
1005 3347 1147 3430 pisoentia
1162 3347 1318 3426 indecem
1341 3354 1493 3430 peecatum
1513 3365 1585 3413 vero
1598 3356 1645 3412 est
1657 3356 1750 3412 dotus.

200 3473 322 3556 πρῶτον
348 3459 430 3529 εἶπεν
455 3463 514 3538 τὴν
538 3465 661 3544 κακίαν,
686 3460 755 3530 εἶτα
776 3466 837 3539 τὴν
855 3471 953 3559 ἀμαρ-
1004 3457 1074 3523 Ideo
1088 3459 1213 3540 primum
1227 3453 1753 3539 nominavitmttlitiam,deindepee·

200 3573 284 3663 τίον,
300 3569 360 3646 vlo
378 3571 433 3662 μὲν
449 3573 581 3659 πολλὴν,
595 3569 652 3648 τὰς
668 3564 702 3639 tt
715 3572 950 3665 ἀναριθμήτους,
1005 3573 1083 3645 eata,
1101 3563 1180 3630 illam
1200 3562 1319 3648 quidem
1333 3561 1465 3642 multam,
1479 3578 1514 3626 ea
1530 3579 1602 3627 vero
1620 3564 1685 3626 sine
1699 3581 1753 3628 nn·

203 3678 287 3744 Πάνυ
310 3679 445 3756 πολλοὺς
468 3685 528 3771 ὁρῶ
552 3681 767 3774 ἁμαρτωλούς,
784 3681 838 3747 καί
853 3673 951 3759 οὐθείς

201 3787 303 3850 αὐτῶν
334 3786 532 3864 τηλικούτοις
555 3789 788 3880 περιπέπτωκεν
813 3787 873 3867 οἷος
905 3789 951 3855 σύ.

242 3947 308 4018 Cap.
329 3948 425 4016 xxti,
439 3947 467 4004 2.
481 3950 584 4006 Nostra
596 3951 620 4004 sl
635 3950 781 4006 Gallandie
799 3951 949 4023 addideris,

201 4036 299 4091 deinde
318 4037 462 4101 Maurinos
481 4039 647 4108 adduxeris,
667 4041 810 4111 integrum
836 4041 951 4096 habebis

200 4132 230 4180 et
247 4124 406 4198 elegantem
419 4127 551 4198 Origenis
564 4129 793 4185 commentorium
814 4131 842 4183 in
859 4147 951 4202 prone-

200 4216 286 4270 mium
310 4231 372 4287 nep.
390 4231 459 4272 xxtr.
479 4217 583 4288 Incipit
607 4217 771 4274 Gellandins
794 4237 821 4289 p.
840 4217 891 4273 80:
912 4223 951 4272 Τὰ

200 4305 368 4376 οἰκονούμινα.
388 4305 573 4363 consentiunt
590 4309 656 4364 Vat.
675 4323 685 4364 1
704 4307 723 4366 1.
741 4306 789 4377 93,
802 4323 832 4363 ιιι
847 4309 866 4363 1,
884 4307 949 4379 282,

200 4410 230 4448 ιν
249 4394 269 4450 1.
289 4393 361 4464 295,
381 4411 398 4448 ν
418 4395 439 4450 1.
463 4393 531 4466 151,
550 4413 578 4452 vr
597 4394 618 4454 1.
637 4397 684 4463 99,
705 4413 732 4452 rx
753 4397 771 4453 1.
795 4395 861 4467 102,
879 4399 951 4454 houd

201 4486 262 4538 sine
281 4487 416 4540 varietate
436 4487 568 4557 quadam:
589 4491 628 4538 Tin
647 4493 696 4560 γὰρ
715 4485 790 4541 oleon.
810 4504 848 4556 ιν,
868 4506 895 4546 rn
907 4531 912 4542 .
925 4531 948 4544 ..

169 4622 170 4626 ,
197 4573 266 4644 'Ope
285 4577 310 4626 di
329 4577 357 4628 τύ
376 4577 488 4629 ὑπαίτιον
507 4593 569 4631 lx...
591 4582 625 4630 Te
645 4578 794 4648 ἐπιλήψιμον
811 4595 849 4646 nv,
863 4583 890 4632 τύ
911 4579 951 4652 ἔγ-

201 4670 292 4721 κλκτον
312 4663 385 4719 Gall.
399 4665 515 4735 Triplex
528 4665 648 4719 varietas
660 4668 689 4719 in
702 4665 827 4719 eumdem
841 4681 950 4719 aeneum

200 4753 335 4807 18011111...
350 4755 405 4804 Tot
418 4753 499 4825 λόγων
513 4753 593 4805 αύτῦν
609 4769 634 4808 ι..
657 4749 803 4823 Συμύαίνειν
816 4753 950 4824 ἀνθρώποις

200 4845 304 4896 τοιαῦτα
322 4843 399 4900 riddo.
421 4846 448 4896 nt
464 4845 546 4897 τοίνυν
572 4843 611 4896 ἐπ’
630 4843 751 4915 ὦφίλιιαν
770 4845 842 4913 ὴμῶν
862 4843 951 4916 ἀναγί-

200 4953 322 5008 γραπται,
336 4934 489 5004 ίὶιτάουμιν
503 4939 546 4987 καὶ
556 4939 590 4986 τύ
602 4935 758 5004 προκιίμινα·
771 4934 873 5002 πότερον
889 4949 949 4987 ιν...

202 5025 257 5078 αλλ’
272 5027 365 5096 1δυμιν
379 5041 424 5083 ν...
437 5025 498 5079 Ηυυ
511 5029 607 5080 nostra
619 5025 781 5078 inseruntur
794 5040 828 5077 ex
842 5025 906 5080 Vnt.
922 5039 951 5078 tx

202 5115 222 5173 1.
246 5115 307 5172 192.
329 5117 422 5173 Verba
440 5116 597 5188 posteriora
615 5112 715 5169 seholii
735 5112 869 5168 vatieno
887 5113 951 5166 bre·

201 5209 262 5262 rins
281 5204 365 5261 simul
384 5210 414 5260 et
432 5206 544 5261 uberius
568 5203 691 5275 prrebet:
712 5203 803 5262 Καλῶς
824 5201 893 5273 λίγιι
913 5201 951 5254 ὅτι

202 5299 294 5358 ἀληθὴς
314 5300 461 5357 διδάσκαλος
481 5299 569 5367 ἀρετῆς
589 5299 632 5348 καί
649 5293 763 5366 γνώσεως
780 5292 851 5362 μόνος
865 5291 877 5342 ύ
891 5291 950 5351 Θιύς

361 5386 428 5432 adli.
441 5386 473 5432 11.
486 5383 522 5430 tt.

1005 3691 1095 3738 mero.
1111 3673 1190 3738 Sane
1209 3670 1298 3737 niden
1311 3687 1368 3750 ego
1381 3666 1488 3734 multos
1502 3677 1684 3751 peoettores,
1699 3671 1751 3735 sed

1004 3799 1089 3848 nemo
1109 3781 1211 3846 horum
1232 3787 1386 3862 tantopere
1402 3777 1522 3857 eeeidit,
1537 3795 1626 3860 quam
1643 3788 1685 3841 tn.
1704 3775 1754 3842 m-

1005 3945 1078 3999 ίατιν·
1097 3946 1109 3996 ὁ
1129 3947 1251 3997 διδάσκων
1271 3945 1395 4012 ἄνθρωπον
1415 3943 1504 4014 γνῶσιν
1525 3941 1584 4009 (Ps.
1604 3957 1680 4009 xciii,
1699 3939 1752 4007 10).

1005 4039 1122 4089 Διδάσκιι
1140 4039 1166 4088 δὲ
1185 4036 1197 4086 ὁ
1216 4037 1275 4095 ests
1295 4033 1429 4103 ἐλλάμπων
1448 4037 1481 4103 τῇ
1506 4031 1574 4101 ψυχῇ
1592 4035 1634 4083 τοῦ
1660 4033 1755 4100 μανθά-

1004 4147 1092 4186 νοντος.
1114 4125 1188 4198 Λίγιι
1206 4125 1263 4195 γοῦν
1282 4126 1333 4182 τοῖς
1352 4125 1475 4192 μαθηταῖς
1496 4121 1508 4171 θ
1528 4121 1624 4191 Σωτήρ·
1643 4119 1685 4175 Mal
1709 4137 1754 4170 κα-

1003 4217 1093 4273 λίσητι
1111 4217 1259 4268 διδάσκαλον
1278 4214 1318 4264 ίπὶ
1336 4214 1380 4272 τῆς
1399 4213 1454 4282 γῆς.
1475 4207 1515 4270 Είς
1534 4211 1583 4280 γάρ
1603 4207 1754 4276 instrepente

1004 4309 1152 4365 διδάσκαλος
1172 4305 1194 4356 ίν
1213 4307 1264 4362 τοῖς
1284 4301 1392 4372 οὐρανοῖς
1411 4298 1515 4370 (9191111
1534 4311 1614 4364 xxiii,
1627 4295 1665 4360 8).
1679 4295 1753 4359 Quo·

1005 4413 1067 4452 rum
1085 4393 1168 4466 plura
1185 4393 1231 4445 nix
1251 4407 1306 4444 neo
1325 4385 1526 4441 sincerissime.

1041 4505 1067 4540 o.
1087 4483 1114 4538 5.
1135 4485 1200 4538 vet.
1221 4495 1230 4534 t
1250 4477 1333 4543 tet,
1353 4473 1423 4532 1111.
1449 4472 1509 4542 183,
1526 4471 1586 4540 184,
1606 4487 1633 4524 ιν
1648 4469 1670 4523 1.
1684 4467 1750 4538 296,

1004 4588 1022 4626 κ
1042 4572 1062 4624 1.
1087 4569 1147 4638 152,
1169 4567 1230 4638 153,
1250 4563 1397 4634 vri.100,
1420 4562 1481 4630 109,
1500 4579 1529 4619 rx
1548 4561 1570 4616 1.
1594 4557 1654 4615 102.
1672 4557 1752 4614 More

1006 4661 1186 4729 Catenarum,
1207 4657 1333 4729 quaedam
1359 4654 1503 4709 variantur
1525 4653 1553 4704 in
1577 4666 1606 4709 ιν
1625 4653 1704 4703 etv:
1724 4646 1751 4700 ού

1004 4749 1120 4819 πρότερον
1131 4751 1157 4800 δί
1177 4747 1291 4816 ύνύμαοι
1309 4744 1354 4800 τὴν
1375 4743 1508 4813 ἁμαρτίαν,
1522 4736 1577 4792 nien
1595 4739 1640 4794 τίν
1653 4738 1752 4788 κακίαν·

1005 4842 1072 4891 ἀλλὰ
1080 4840 1177 4908 πρῶτον
1187 4837 1232 4892 τὴν
1242 4837 1341 4900 κακίαν,
1356 4833 1400 4889 τίν
1415 4831 1510 4902 φαύλην
1524 4827 1580 4894 ίὶιν,
1594 4823 1649 4880 eleo
1659 4831 1693 4878 τύ
1705 4827 1753 4878 ὑπὸ

1003 4932 1048 4988 τῆς
1061 4928 1157 4999 φαύλης
1177 4915 1247 4987 litto:
1267 4921 1469 4995 ἁμαρτανόμενα,
1484 4923 1555 4971 donni
1567 4917 1692 4986 ὰνιίριθμύ
1705 4933 1754 4986 φη-

1005 5039 1042 5070 σιν
1061 5014 1130 5083 ιίναι,
1146 5018 1227 5071 τίθησι
1245 5016 1271 5065 δὲ
1290 5012 1355 5063 αὐτὰ
1366 5017 1410 5063 καί
1422 5007 1480 5061 κατ’
1493 5004 1564 5067 κίδος.
1581 5005 1649 5059 Hoee
1667 5002 1753 5058 latine

1003 5108 1080 5162 dedit
1098 5104 1227 5164 comitet.
1246 5100 1310 5158 348.
1332 5102 1439 5155 Partim
1458 5102 1551 5152 autem
1571 5109 1663 5166 green
1683 5089 1754 5148 Gol-

1004 5195 1126 5264 landius,
1146 5195 1229 5250 etism
1247 5193 1360 5262 Jnnlns,
1379 5190 1428 5246 sad
1446 5191 1476 5242 ut
1495 5181 1705 5258 Olympiodot‘i‚
1724 5198 1753 5252 p.

1005 5286 1069 5342 377.
1087 5315 1120 5327 -
1139 5287 1189 5337 rein
1207 5285 1292 5337 κακῶν
1312 5277 1502 5354 interpellatio
1521 5281 1576 5331 est.
