3966 6120
188 603 218 662 p.
242 573 312 659 393,
336 582 363 644 1.
389 573 485 674 σοφία
507 577 548 651 (λη’
570 571 684 647 τοίνυν.

186 701 216 772 2,
238 699 267 758 3.
293 689 373 764 αὕτη
396 692 508 761 τοίνυν.
578 685 582 690 “

186 818 217 891 5,
240 817 270 877 6.
293 813 351 878 καί
373 811 436 880 δικ.
459 811 517 880 καί
538 811 626 906 ἄνδρ.
650 841 680 884 κ.
704 839 800 910 σωφρ.
826 804 935 902 κυριοί·

245 952 325 994 τατα
347 925 381 994 δὲ
402 923 537 996 ποίντων.

185 1049 215 1124 9,
240 1047 288 1110 10.
312 1068 373 1111 om.
396 1042 455 1110 καί
475 1043 548 1134 περί
571 1046 603 1113 ti
625 1052 730 1133 σῶμα.

187 1159 233 1220 ll.
258 1181 321 1227 om.
344 1165 462 1228 παθῶν.

186 1277 233 1339 l-i.
257 1270 338 1345 λίπη
361 1300 418 1361 pro
440 1274 538 1372 χοροί.

184 1395 230 1456 14.
254 1393 343 1481 χαροί
360 1418 419 1479 pro
441 1391 536 1466 λύπη.
560 1419 620 1466 om.
645 1394 679 1463 δὲ
699 1411 727 1464 st
749 1423 789 1465 τε.

184 1516 233 1579 lo.
257 1503 322 1574 ittet
344 1515 439 1598 αὐτῷ.

183 1635 229 1696 16.
253 1623 361 1695 ἔνεστι.

181 1753 228 1814 17.
254 1747 311 1813 καί
333 1747 371 1813 τοί
393 1747 449 1834 μὲν
465 1751 569 1836 ψυχῆς
591 1751 685 1828 ἀλαζ.
703 1747 760 1816 καί
783 1753 846 1847 φιλ.
864 1753 926 1847 φιλ.

239 1865 297 1930 καί
320 1861 501 1960 φιλονεικία.

180 1987 227 2048 19.
250 1980 306 2046 καί
328 1983 417 2067 λαιμ.
442 1979 500 2047 καί
522 2009 631 2080 μονοφ.

176 2105 226 2164 24.
250 2096 427 2184 ἑωαρδειίων
451 2098 508 2165 καί
529 2101 637 2168 σοι’ντα
660 2127 706 2189 τρ.
731 2101 905 2193 μεταχέων.

176 2221 227 2282 25.
252 2215 267 2280 ὁ
288 2201 351 2306 γοίρ
374 2218 441 2306 λογ.
705 2209 712 2222 ’

175 2339 228 2400 27.
250 2339 407 2426 ἑπιθεωρεῑ
428 2333 462 2401 δὲ
482 2333 585 2402 τοίνυν
608 2363 660 2425 πρ.

174 2455 224 2514 31.
246 2448 303 2516 καί
323 2448 435 2518 τούτων
458 2461 539 2551 ἀμφ.

174 2573 224 2636 43.
246 2567 320 2662 πρός
342 2570 397 2641 τήν
420 2578 474 2639 τοῦ
496 2599 527 2637 κ.

173 2690 222 2751 49.
245 2709 306 2768 em.
329 2685 490 2764 δεσιτίςειν
513 2689 745 2761 ἀναδείκνυται.

172 2811 221 2872 51.
244 2815 285 2893 τῷ
306 2801 442 2877 πλησίον
464 2835 519 2874 σου
542 2817 637 2895 ἐστιν,
666 2819 836 2902 ἐπιθυμεῖν.
860 2841 921 2885 om.

233 2927 431 3004 interpositis.

171 3041 221 3100 52.
244 3032 387 3122 πείσαιμ’
409 3035 447 3104 οἲν
471 3041 564 3127 ὑμᾶς.

170 3156 220 3216 53.
245 3148 374 3218 δύναται
397 3156 414 3218 o‘
435 3158 464 3225 λ.

171 3293 201 3351 p.
225 3275 296 3353 394,
318 3283 347 3339 6.
371 3273 483 3340 ἑαυτοῦ
506 3301 553 3365 τρ.

173 3390 221 3452 11.
246 3391 326 3452 ἐστιν
350 3389 366 3454 o‘
387 3389 455 3482 λογ.
479 3400 612 3479 κρατῶν.

173 3511 217 3568 14.
241 3505 295 3576 τήν
327 3533 447 3600 ισοιραν.
480 3513 579 3585 αὐτην
607 3513 742 3606 ἐλέγχων
774 3517 831 3584 καί
862 3529 916 3596 τῆς

229 3649 311 3694 τεκν.

166 3748 217 3808 22.
241 3742 371 3812 δύναται
391 3750 612 3843 φιλαργυρίας.

165 3866 216 3943 24,
238 3868 288 3934 25.
312 3889 371 3930 om.
394 3878 434 3946 είς
456 3870 572 3961 ἀγαθδν
595 3873 790 3960 προτρέπων.

164 3983 214 4042 27.
240 3979 384 4069 ἀβειρῶν,
407 3988 441 4048 οὐ
474 3992 571 4073 θυμοῦ
603 4015 642 4058 τι.

164 4102 215 4166 29.
238 4107 279 4186 τῷ
299 4101 367 4192 λογ.
391 4101 448 4167 καί
471 4103 519 4170 τὸν
543 4111 569 4174 6.

163 4222 213 4281 32.
237 4216 413 4306 Σικημίτας
435 4223 581 4319 αι’φνηιλόν

163 4340 212 4398 34.
234 4331 367 4405 τίόιίνατο
390 4347 447 4405 riv
470 4349 577 4408 ωαθιῖν
600 4347 645 4412 ἑλ.
669 4346 686 4412 o‘
707 4349 775 4438 λογ.
800 4373 849 4438 κρ·

163 4464 213 4536 36,
236 4463 283 4522 37.
311 4481 371 4524 om.
389 4460 470 4554 λόγῳ
493 4467 550 4531 καί
565 4465 821 4546 αὐτεξουσιίτητι
844 4501 916 4540 κοσ-

224 4573 367 4663 μήσας...
398 4589 510 4666 Ροτρίο
531 4583 570 4651 τοί
591 4614 622 4654 π.
647 4612 678 4656 α.
704 4617 733 4654 κ.
758 4616 785 4660 τ.
810 4587 841 4666 η’.
864 4622 914 4662 πε·

223 4721 300 4794 ριεφ.
316 4697 371 4766 καί
394 4697 538 4772 τηνικάδε
562 4705 613 4775 ἐπί
633 4708 754 4780 πάντων
782 4711 840 4781 καί
861 4716 911 4783 riv

222 4816 300 4910 ἱερὸν
317 4822 369 4912 νῐγ.

159 4941 208 5004 38.
234 4961 294 5006 om.
316 4937 412 5012 ἔνδον.

159 5074 208 5134 41.
232 5094 292 5138 om.
317 5097 378 5140 ουν.

989 586 1038 646 43,
1063 581 1121 647 καί
1142 578 1267 669 κομιδῆ.

987 702 1036 763 44.
1062 703 1118 762 τῶν
1142 705 1340 784 σωματικῶν.

988 819 1038 894 47,
1061 819 1110 882 48.
1135 813 1217 880 ἀλλοί
1240 823 1281 903 τῷ
1303 821 1389 904 θυμῷ
1410 814 1539 888 iuvaris
1562 816 1611 886 τὶν
1635 820 1740 908 λογισ-

1050 929 1110 1017 μο“ν
1135 931 1302 1020 βοηθῆσαι.

987 1050 1037 1111 54.
1060 1047 1248 1141 προσβαλιῖν
1271 1051 1323 1115 ἀλ.

959 1209 961 1213 -
987 1187 1017 1245 p.
1041 1168 1112 1246 395,
1138 1168 1165 1229 1.
1189 1161 1357 1232 ἀπέκτεινε.

986 1286 1015 1348 2.
1040 1278 1135 1373 ι’δρῶν
1159 1307 1189 1348 τε
1211 1283 1281 1349 καί.

985 1401 1014 1462 7.
1038 1419 1099 1461 om.
1124 1399 1218 1465 αὐτδν

986 1517 1034 1579 10.
1057 1527 1314 1587 σννασπιστῶν...
1338 1520 1415 1609 βασ.
1439 1517 1587 1610 ἐπιθυμίᾳ
1613 1545 1666 1612 σχ.

986 1633 1034 1694 11.
1058 1625 1111 1696 δύο
1133 1629 1302 1708 νεανίσκοι.

985 1751 1035 1814 15.
1057 1747 1265 1837 ἑρευνιίμενοι.

984 1871 1032 1934 17.
1056 1865 1205 1954 ἐκόμισαν
1227 1895 1255 1941 τ.
1279 1875 1311 1961 β.
1334 1872 1368 1940 τὸ
1389 1874 1491 1942 ποσίν.

980 1988 1030 2048 20.
1056 1983 1090 2050 so*
1112 1987 1203 2054 ποτὲν
1226 1998 1269 2079 τῷ
1290 1997 1318 2058 6.

980 2106 1031 2168 24.
1054 2101 1230 2173 αποπτίσοιι
1251 2102 1355 2187 τιοίσοις
1378 2123 1445 2178 τιῖν.

980 2223 1030 2288 26.
1055 2228 1110 2300 τῆς
1129 2217 1287 2313 ι’στορίας.

980 2340 1029 2400 30.
1053 2343 1107 2417 τῆς
1128 2337 1276 2428 ἀσεβείας
1298 2343 1400 2432 βκσ...
1424 2344 1482 2413 καί
1505 2343 1669 2436 χρήματα.

979 2457 1029 2518 32.
1052 2455 1165 2532 αὐτούς
1186 2455 1406 2548 ἀποδέχεσθαι.

979 2576 1029 2636 34.
1053 2570 1103 2637 τδν
1126 2570 1215 2643 ονοτέ.

978 2693 1027 2753 42.
1049 2698 1106 2755 τῶν
1129 2691 1215 2784 ιἐρῶν
1238 2694 1296 2780 ti·

978 2812 1026 2870 43.
1048 2805 1196 2893 προσνίκει
1219 2809 1347 2894 ταύτας.
1395 2877 1399 2882 ,

977 2929 1026 2988 44.
1051 2946 1112 2990 om.
1137 2924 1170 2990 tt

976 3045 1025 3106 49.
1049 3064 1109 3108 om.
1133 3044 1230 3134 α’νέβη
1254 3049 1313 3114 καί

975 3181 1006 3238 p.
1029 3163 1099 3240 396,
1121 3167 1151 3226 2.
1176 3185 1235 3228 oin.
1260 3172 1352 3256 ἐντῷ
1379 3171 1455 3262 ἐρφλ

975 3286 1004 3339 3.
1030 3276 1079 3342 τόν
1103 3279 1166 3344 Otii

973 3404 1003 3464 4.
1026 3420 1085 3462 om.
1111 3407 1164 3465 τοῦ
1185 3399 1294 3471 τόσου.

973 3520 1056 3578 tete.
1078 3514 1213 3600 οίνιίντος
1235 3516 1278 3589 δι’.

970 3639 1002 3706 Ι8.
1026 3633 1137 3728 τρέμον
1160 3644 1361 3725 ἐμποιοῦντες.
1383 3642 1571 3714 καταπεσών
1587 3643 1622 3742 γὲ
1636 3675 1691 3719 τοι.

974 3757 1020 3817 12.
1031 3768 1103 3836 post
1119 3759 1264 3845 στρατὸν,
1281 3766 1384 3827 addit:
1399 3760 1507 3857 Ἔλεγε
1533 3767 1596 3861 γοίρ
1621 3771 1725 3860 ημαρ-

1030 3871 1142 3954 τηκιὲς,
1165 3871 1244 3941 ὥστε
1265 3878 1322 3942 καί
1352 3883 1525 3948 ἀποθανεῖν
1554 3879 1639 3964 ἄξιος
1667 3887 1726 3952 ύπ·

1030 3983 1250 4078 άρχειν,“ισᾶσί
1265 4020 1295 4060 τε
1316 3993 1490 4083 οίνθριίοτοις
1510 3999 1641 4086 ιίμνκίσω
1664 4029 1724 4068 σω-

1031 4107 1092 4188 θείς
1125 4109 1180 4176 τίν
1209 4116 1261 4177 τοῦ
1292 4115 1374 4200 ἱεροῦ
1396 4115 1626 4204 μακαριότητα.
1660 4145 1720 4189 om.

1028 4234 1195 4310 sequentia:
1218 4224 1343 4307 Τούτοις
1364 4235 1510 4321 ἐπαχθείς
1532 4244 1596 4313 τοῖς
1619 4237 1719 4330 λόγοις

1030 4342 1136 4425 Ὀνίας
1165 4345 1369 4440 ὁᾶρχιερειίς,
1403 4349 1517 4442 καίπερ
1548 4351 1651 4431 ἄλλως
1673 4362 1722 4421 ευ·

1029 4462 1181 4552 λαβηθείς
1202 4463 1246 4553 μή
1268 4494 1350 4538 ποτε.

970 4585 1017 4646 14.
1040 4582 1226 4670 Ἐπιβουλῆς
1248 4585 1305 4655 καί
1328 4589 1372 4678 μνί
1393 4589 1464 4662 ὑπό.

969 4702 1016 4765 18.
1040 4701 1141 4794 ἀρχήν
1163 4708 1270 4774 αὐτοῦ.

970 4826 1017 4887 19.
1042 4826 1058 4886 ὁ
1079 4821 1182 4900 υἱός...
1204 4826 1256 4898 ὑπ.
1280 4831 1337 4897 καί
1359 4827 1465 4912 δεινίς.

966 4947 1016 5010 23.
1040 4941 1124 5020 ἑξηκ.
1147 4941 1181 5026 ἓξ
1202 4947 1355 5020 τάλαντα.

966 5074 1016 5131 24·
1039 5063 1111 5157 οἷρχ·
1136 5088 1189 5148 τοῦ
1212 5077 1295 5169 ίεροῦ
1316 5104 1346 5146 κ.
