4064 6108
681 533 732 612 tta
753 532 1080 612 construetione}
1103 530 1230 610 ttuuot
1673 501 1731 610 itt

179 699 341 763 criticorum
361 699 500 773 molestia,
513 707 542 756 et
555 705 655 757 iterum
665 700 828 758 tolliturbie
842 702 870 754 in
881 719 929 754 ec·
981 703 1130 770 minando,
1139 703 1256 758 claudos
1265 699 1449 774 diripendo...
1461 714 1640 760 mortuorum
1650 709 1731 762 emei-

179 799 339 873 quentibue.
368 796 459 851 Etiam
488 796 517 850 in
540 811 632 867 graeco
661 794 786 850 loannes
815 795 929 848 aborta
983 797 1070 851 tando
1088 811 1188 850 oreo...

182 903 258 941 num.
277 899 356 942 xxtx.
1019 884 1051 941 P.
1063 881 1118 939 927
1131 883 1153 938 l.
1165 883 1196 952 2,
1209 889 1275 957 poet
1290 886 1486 956 amplectatur,
1502 887 1579 942 Arm.
1589 886 1653 942 add.
1667 903 1731 958 oper

218 973 250 1027 P.
269 970 335 1038 924,
354 971 375 1028 1.
403 969 444 1043 10,
473 984 586 1028 sument
611 973 668 1027 duo
694 975 845 1042 prophetae
863 986 927 1024 oum
981 989 1041 1027 non
1059 975 1180 1046 collipet,
1199 992 1291 1046 neque
1310 979 1394 1030 etiam
1412 975 1452 1030 ad
1470 993 1517 1031 eor
1535 975 1656 1032 accedet.
1675 977 1732 1032 Sed

182 1062 303 1118 loanne-
324 1064 403 1117 Arm.
423 1079 479 1116 om.
499 1079 564 1116 oum
582 1061 702 1116 loanne.
980 1074 1118 1128 peracre
1136 1065 1274 1125 ascendit.
1294 1080 1379 1134 cuper
1399 1068 1493 1120 moria
1511 1065 1647 1136 ambulat,
1658 1082 1728 1136 per-

217 1151 286 1205 ibid.
306 1149 328 1205 l.
352 1147 393 1206 15.
413 1151 531 1222 Propter
557 1155 725 1206 immensam
749 1165 848 1204 eorum
867 1151 927 1203 ini·
981 1151 1157 1220 puemultoa
1175 1151 1350 1207 diatritum
1367 1169 1428 1206 non
1445 1155 1542 1219 sumit,
1558 1168 1621 1224 qum
1640 1152 1729 1207 inter·

182 1245 318 1312 quitatem
337 1250 363 1295 et
381 1245 550 1310 impietatem
568 1255 623 1294 om.
645 1241 722 1295 Arm.
983 1237 1148 1307 potationes,
1168 1241 1252 1293 etiam
1271 1240 1391 1293 ruditate
1411 1241 1558 1310 sermonis,
1575 1241 1617 1296 rel
1636 1243 1665 1296 in
1685 1241 1729 1296 in·

218 1327 287 1383 lbid.
302 1327 323 1383 1.
337 1325 383 1384 22.
396 1331 537 1401 interfecti
549 1330 585 1383 alt
602 1329 776 1384 Antichristo
790 1328 867 1380 Arm.
881 1323 927 1375 ubi
983 1329 1104 1398 terprate
1123 1327 1254 1394 Armeno,
1274 1325 1394 1381 altarum
1414 1327 1537 1398 produnt
1554 1328 1691 1400 opificem.

181 1434 273 1488 graece
295 1423 366 1487 παρὰ
384 1421 427 1469 τοῦ
445 1416 570 1482 tretium.
1017 1414 1046 1476 ἓ.
1067 1429 1144 1484 xxtv,
1163 1411 1184 1467 l.
1209 1413 1237 1470 9.
1263 1414 1367 1471 ludaei
1391 1431 1478 1488 utque
1501 1416 1535 1470 ad
1560 1418 1728 1474 collocamus

216 1505 284 1560 ibid.
296 1505 317 1561 1.
328 1503 374 1572 26,
387 1511 452 1577 petru
463 1505 556 1574 Ἐνὼχ,
566 1504 645 1558 Ἠλία
655 1510 698 1558 nal
710 1504 835 1571 Ἰωάννου,
850 1503 926 1557 Arm.
982 1519 1037 1558 om.
1058 1504 1137 1559 Arm.

182 1598 265 1650 tertio
284 1613 339 1653 om.
357 1595 496 1653 loannem
515 1596 587 1668 quod
610 1613 709 1651 nomen
729 1593 878 1650 manifesto
897 1593 929 1646 tit
953 1659 956 1666 ἢ
1017 1598 1045 1660 ἓ.
1064 1608 1132 1661 xxv,
1152 1591 1174 1649 1.
1197 1589 1240 1651 il,
1259 1596 1473 1668 Ampelome,
1487 1598 1663 1668 Aethiopiam,
1677 1595 1730 1652 Ιη-

181 1690 355 1755 praepoetera
374 1683 564 1756 interpolatio.
680 1705 683 1714 ¹
982 1683 1085 1737 dorum
1105 1685 1182 1737 Arm.

221 1772 289 1829 ibid.
309 1773 332 1828 l.
354 1771 400 1842 32,
419 1777 498 1830 Arm.
515 1773 620 1827 addunt
631 1772 824 1844 doxologiam:
846 1773 930 1828 curt·
1017 1771 1086 1827 ibid.
1107 1768 1129 1825 l.
1152 1768 1185 1824 15
1202 1776 1268 1843 poet
1282 1773 1480 1844 proloquetur,
1499 1772 1562 1829 add.
1580 1774 1658 1828 Arm.
1679 1789 1730 1828 neo

182 1875 267 1932 stum,
287 1868 340 1936 qui
357 1865 535 1936 ploriflcotur
557 1866 593 1919 alt
612 1865 744 1918 omnibus
767 1862 929 1917 videntibus
983 1864 1091 1918 timebit
1107 1863 1262 1918 decretum:
1276 1863 1376 1917 Putris
1388 1879 1428 1930 ea,
1442 1873 1469 1917 et
1480 1865 1513 1917 in
1522 1863 1670 1946 pulonem
1682 1878 1729 1917 re-

179 1967 232 2021 per
251 1963 336 2007 totam
355 1955 557 2008 aeternitatem.
982 1954 1110 2005 oertmit.
1130 1950 1160 2003 in
1180 1951 1235 2005 fine
1254 1967 1321 2022 pag.
1342 1956 1407 2022 poet
1425 1949 1507 2022 plura
1524 1949 1644 2005 multum
1662 1967 1729 2022 per-

750 2025 761 2046 ⁰
984 2041 1103 2110 turbata,
1123 2041 1200 2095 Arm.
1220 2056 1277 2095 om.
1298 2041 1392 2112 qualit
1411 2058 1463 2097 nec
1481 2043 1538 2112 [leit
1555 2058 1574 2095 a
1592 2043 1732 2096 constitu-

479 2132 574 2186 Orotio
593 2129 633 2184 Π.
984 2133 1059 2184 tione
1076 2129 1190 2196 mundi,
1209 2146 1261 2185 neo
1281 2133 1336 2185 erit
1352 2130 1441 2197 ultra,
1454 2140 1485 2184 at
1501 2130 1561 2184 illie
1580 2129 1730 2185 dammam

983 2221 1015 2272 in
1034 2220 1216 2288 temporibus.

218 2307 287 2362 ibid.
297 2309 325 2372 §-
336 2323 406 2364 xxtt.
418 2308 531 2363 Armeni
542 2308 654 2362 brevius
665 2309 693 2362 in
706 2308 829 2363 exordio:
847 2311 929 2364 -Jam
1021 2307 1053 2362 P.
1071 2305 1125 2362 929
1143 2311 1171 2374 δ.
1191 2323 1270 2375 xxvt,
1288 2307 1310 2362 l.
1326 2305 1370 2377 l'l,
1388 2311 1454 2380 poet
1471 2306 1589 2363 deducet
1607 2311 1729 2380 ipneme

184 2396 403 2467 priuediximue,
415 2397 538 2452 futurum
551 2397 930 2453 utAntichrietueveliteeee
983 2393 1059 2454 coelo
1078 2400 1157 2453 Arm.
1176 2397 1280 2454 addid
1298 2409 1464 2454 autemnon
1479 2397 1637 2469 requietem
1651 2411 1730 2463 cero,

183 2488 214 2541 in
226 2487 353 2541 omnibus
366 2488 424 2542 euie
436 2488 567 2559 operibus
586 2485 688 2543 cimilia
701 2488 816 2543 Domino
835 2495 930 2544 nostro
983 2487 1033 2542 ted
1047 2503 1101 2558 per
1117 2489 1300 2558 phantasma.

182 2577 249 2630 lesu
268 2574 389 2644 Christo,
403 2579 450 2647 qui
465 2593 529 2631 cum
548 2581 621 2632 oeeet
639 2577 723 2644 Daue,
742 2577 831 2632 voluit
848 2578 930 2632 homo
1018 2578 1047 2640 S.
1061 2591 1150 2645 xxvtr,
1164 2575 1185 2629 l.
1199 2575 1227 2632 t.
1239 2577 1509 2632 Armenicoomnino
1519 2575 1657 2648 quadrant
1668 2591 1731 2629 cum

144 2693 153 2698 -
184 2666 255 2720 fleri:
272 2667 313 2719 ita
332 2672 360 2721 et
371 2667 563 2722 Antichristus
583 2669 626 2721 eet
638 2665 782 2735 Diabolus,
797 2672 825 2721 et
837 2667 931 2740 prodit
983 2664 1062 2720 Bodi.
1075 2667 1105 2719 in
1118 2671 1184 2721 nota
1194 2665 1223 2735 7,
1237 2667 1285 2721 ubi
1298 2684 1348 2738 pro
1356 2667 1437 2734 ἰχθΰις
1450 2665 1612 2734 fatuitatem,
1624 2663 1732 2735 legitur

183 2753 211 2805 in
223 2753 355 2808 mundum
366 2771 481 2808 neecene
494 2772 528 2808 ex
542 2757 651 2828 impura
663 2756 780 2811 muliere
791 2761 821 2811 et
832 2773 930 2828 ropro—
982 2755 1121 2824 tootiomm,
1141 2773 1221 2829 aeque
1239 2760 1375 2812 aeriorum
1394 2758 1586 2814 barbarorum.

183 2843 229 2895 ba.
250 2843 379 2897 Ohrietue
398 2844 471 2898 Deus
499 2849 594 2898 noeter
612 2861 647 2898 ex
670 2851 767 2899 eencta
785 2850 814 2900 et
831 2847 930 2901 imma·
1021 2847 1052 2903 P.
1071 2843 1139 2915 932,
1157 2849 1186 2911 g.
1206 2862 1306 2913 xxvtu,
1326 2848 1405 2901 Arm.
1424 2845 1534 2918 incipit:
1552 2844 1623 2900 Indo
1635 2847 1731 2913 impu·

182 2929 276 2987 culata
286 2933 405 3004 Virgine
414 2934 505 2989 Maria
518 2940 600 2990 natue
612 2941 656 2990 eet
667 2935 818 2991 secundum
828 2953 930 3009 corpus
982 2954 1018 2990 ra
1036 2936 1089 2992 illa
1107 2937 1222 2992 Diaboli
1241 2937 1332 2990 loroa.

183 3025 319 3090 nostrum,
340 3021 412 3094 quod
432 3023 536 3078 Adamo
555 3025 616 3096 ipae
635 3025 750 3093 creavit,
765 3030 929 3097 nostraeque
1021 3025 1053 3079 P.
1072 3021 1134 3092 934,
1153 3023 1175 3080 1.
1194 3023 1223 3078 9.
1249 3025 1327 3080 Arm.
1353 3040 1409 3079 om.
1438 3023 1573 3081 attendite
1590 3038 1678 3094 utque
1697 3020 1730 3077 ad

183 3112 318 3166 euetinuit
342 3113 496 3184 paeeiouee,
516 3113 620 3185 absque
646 3119 771 3185 peccato.
798 3113 930 3169 Diabolus
983 3116 1102 3171 studeat.

183 3205 314 3254 econtra
341 3216 443 3271 corpue
471 3205 599 3269 assumit,
628 3219 717 3274 neque
745 3219 780 3256 ex
798 3202 928 3274 Virgine,
1020 3207 1052 3260 P.
1065 3205 1127 3276 945,
1139 3208 1167 3270 5.
1179 3219 1269 3272 xxxu,
1280 3205 1357 3261 Arm.
1368 3205 1446 3259 brevi
1459 3203 1632 3275 compendio:
1644 3203 1732 3258 uota·

184 3305 273 3362 neque
286 3290 463 3345 sanctissimo
472 3295 619 3362 conceptu,
630 3291 678 3344 eod
688 3307 723 3344 ex
733 3289 840 3361 polluta
849 3297 877 3346 et
886 3293 930 3347 in·
982 3307 1148 3352 tunctorum
1164 3295 1332 3367 tupiuntad
1344 3296 1493 3366 speluncae
1512 3304 1538 3349 et
1556 3304 1675 3358 montet,
1695 3302 1741 3370 ut,

182 3385 272 3433 cestu.
290 3379 330 3434 Ac
343 3378 417 3432 eicut
428 3379 556 3434 christus
575 3379 632 3433 tuit
648 3379 841 3451 circumciaue,
855 3379 930 3436 filine
984 3403 1013 3440 ee
1025 3387 1061 3440 ab
1073 3390 1187 3456 impuro
1205 3385 1354 3450 occultent,
1367 3395 1393 3438 et
1405 3383 1603 3438 concalescant
1614 3383 1666 3438 tud
1676 3396 1728 3451 po-

183 3469 350 3539 perditionie
363 3469 418 3523 erit
430 3467 544 3524 Diabolo
557 3471 704 3526 recutitur.
715 3469 751 3524 ut
762 3470 929 3526 eicutChri·
984 3479 1054 3531 tenti
1071 3492 1162 3530 manu
1180 3476 1235 3530 Dei
1243 3493 1255 3542 ,·
1275 3477 1417 3531 sustinent
1432 3475 1536 3545 [omem
1554 3482 1581 3528 et
1598 3474 1684 3539 sitim,
1704 3479 1732 3526 et

184 3560 244 3610 etue
263 3557 351 3629 elegit
370 3557 512 3631 apostolor
532 3565 610 3614 ato·
981 3567 1080 3636 plures
1107 3565 1225 3620 illorum
1242 3581 1261 3617 a
1278 3566 1348 3636 ferit
1376 3562 1560 3632 decorantur,
1592 3571 1620 3617 et
1636 3565 1678 3617 ita
1696 3561 1731 3616 ob

219 3649 247 3710 ἓ.
267 3663 347 3716 xxm,
367 3645 426 3703 1.3
455 3649 493 3704 ad
520 3650 725 3705 destruendum
750 3651 798 3704 tui
825 3648 930 3704 similes
983 3656 1172 3709 vehementem
1190 3655 1226 3709 ol
1245 3655 1331 3722 impio
1348 3651 1541 3724 fonnidinetn.
1664 3715 1670 3726 ⁸

185 3735 263 3792 Arm.
284 3754 379 3792 errore
397 3737 517 3795 librarii.
780 3731 782 3744 '
1020 3743 1054 3798 P.
1064 3739 1163 3814 938,t.
1177 3741 1204 3798 t.
1218 3743 1295 3798 Arm.
1308 3757 1364 3796 om.
1377 3741 1514 3813 Liturpia
1526 3743 1733 3814 eattinpuetur,

222 3825 290 3881 ibid.
311 3825 332 3881 l.
356 3827 388 3884 12
406 3834 471 3900 poet
497 3827 691 3902 deperationes
716 3845 777 3884 non
803 3831 930 3899 recipiat,
981 3833 1161 3902 psalmorum
1179 3831 1339 3886 mamutio
1356 3831 1485 3886 rettulit.

184 3917 263 3970 Arm.
284 3916 347 3970 edd.
372 3915 524 3974 maledicta
550 3937 612 3975 non
638 3919 748 3987 audiat,
761 3920 932 3988 juramenta
1020 3923 1048 3986 9.
1067 3935 1155 3988 xxxv,
1174 3918 1195 3973 l.
1211 3917 1239 3973 t.
1259 3929 1367 3990 tempus
1386 3919 1510 3974 duorum
1528 3934 1674 3974 annorum
1687 3935 1732 3975 te-

183 4021 244 4059 mon
263 4010 367 4079 eoipat,
387 4007 536 4063 mendacia
555 4009 716 4064 detestetur.
985 4013 1040 4065 mit
1052 4010 1131 4064 Arm.
1145 4008 1213 4062 Pott
1224 4007 1295 4062 hanc
1308 4007 1516 4079 paragraphum
1529 4007 1663 4063 deliciunt
1675 4008 1731 4063 Ar-

220 4093 241 4150 l.
257 4093 300 4168 13,
310 4097 584 4171 poetedetprodipia
596 4096 847 4154 inmodicarum
859 4097 931 4154 illu·
985 4097 1059 4151 meni
1078 4097 1258 4169 interpreter.

662 4321 804 4388 dlmitum
819 4323 852 4386 tle
867 4322 1089 4406 Clronopraplo
1108 4324 1248 4403 sequente.

222 4493 291 4549 Poet
303 4493 450 4565 Congium,
465 4492 614 4564 Lebbeum,
628 4495 808 4567 Boenagium,
821 4502 850 4551 et
859 4495 928 4568 Hip·
983 4499 1042 4550 tere
1060 4497 1089 4549 et
1107 4492 1169 4548 rudi
1197 4491 1443 4562 interpretatione,
1463 4488 1587 4562 ejuedem
1609 4486 1728 4543 toruae

185 4582 275 4656 polyti
294 4583 425 4652 editores,
450 4600 541 4638 nonne
566 4585 654 4640 otium
680 4585 729 4640 flet
752 4602 822 4640 novo
847 4584 931 4658 huju·
985 4584 1049 4653 mvi,
1068 4580 1255 4654 deprehendo,
1275 4580 1322 4634 vix
1340 4579 1369 4633 in
1390 4576 1512 4650 cinguli·
1530 4576 1623 4630 verbio
1641 4575 1728 4629 dieti·

183 4675 277 4745 operia
300 4673 441 4742 curatori,
464 4675 585 4728 maxime
607 4677 734 4728 latitare
762 4671 929 4745 colligentil
983 4670 1136 4740 mutatum
1155 4670 1220 4725 dum
1233 4669 1394 4724 authentica
1407 4682 1501 4739 graeca
1512 4667 1614 4738 partim
1633 4664 1731 4720 rodin-

183 4761 220 4816 Et
238 4761 304 4834 qnid
323 4766 463 4836 ruperant,
482 4763 536 4817 niti
555 4780 619 4818 cum
638 4762 745 4818 Labbeo
764 4763 928 4834 deoperare:
984 4768 1064 4833 tegra
1083 4777 1117 4815 ex
1137 4761 1223 4815 variie
1246 4763 1372 4814 veterum
1396 4757 1554 4823 chronicie,
1573 4756 1675 4827 partim
1697 4771 1732 4809 ax

185 4877 199 4900 α
210 4852 279 4918 Qnie
292 4853 377 4923 enim,
390 4851 493 4924 inquit,
506 4850 577 4907 illud
588 4852 688 4923 Augias
701 4850 841 4906 stabulum
862 4868 930 4924 pur·
983 4851 1087 4906 omieea
1095 4849 1229 4904 haemona
1238 4848 1379 4903 Anmtami
1391 4845 1546 4919 quaetione
1557 4858 1658 4912 xxvut,
1669 4859 1732 4916 quea

184 4959 252 5014 gara
270 4941 378 5014 poeaitt
390 4965 404 4989 e
424 4940 614 4997 Nihilominue
631 4947 695 4996 acta
711 4943 826 4996 minime
844 4956 929 5012 agere
983 4922 1079 4996 omna·
1088 4939 1209 4994 editoree
1218 4937 1312 5006 latuit,
1320 4953 1354 4992 ne
1365 4936 1471 5007 (leogio
1481 4933 1591 5008 quidem
1602 4937 1734 5016 excepto,

183 5032 252 5090 mihi
270 5033 376 5101 videor,
389 5033 419 5086 in
431 5031 577 5087 rarieeimo
588 5037 617 5086 ot
628 5031 819 5086 retuetieeimo
835 5032 929 5102 ecrip-
982 5029 1028 5083 cni
1047 5031 1139 5083 tamen
1158 5027 1215 5082 elia
1233 5043 1289 5081 non
1307 5043 1398 5099 pauca
1414 5025 1496 5082 obvio
1523 5023 1637 5080 suerunt
1660 5021 1734 5094 apud

183 5125 255 5193 tore,
275 5138 358 5194 quem
376 5119 474 5175 eoeculi
493 5119 528 5174 111
546 5137 608 5176 eote
625 5122 804 5176 concentiunt
821 5137 930 5190 omnee,
982 5116 1145 5191 syncellum
1163 5122 1193 5172 et
1209 5118 1239 5171 in
1258 5116 1395 5172 Chronico
1413 5112 1615 5170 Alexandrino.
1629 5110 1734 5176 Quem-

183 5211 247 5267 dum
268 5228 369 5266 novum
387 5217 416 5266 et
436 5211 563 5282 ignotum
582 5209 706 5266 codicem
723 5210 827 5278 aliero,
847 5210 930 5265 Pari·
982 5207 1128 5264 admodum
1145 5211 1238 5264 autem
1256 5206 1427 5262 indeieeeum
1448 5203 1555 5259 Maium
1569 5216 1623 5256 non
1636 5198 1731 5273 piguit

182 5303 304 5357 aientem
313 5300 404 5370 7418,
423 5301 488 5356 dum
501 5315 625 5372 graecum
637 5299 821 5373 archetypum
841 5300 869 5352 in
882 5317 929 5353 ve·
983 5296 1095 5352 Eueebii
1108 5297 1275 5368 chronicon,
1286 5299 1369 5354 toties
1378 5298 1493 5366 editum,
1504 5297 1577 5351 inter
1587 5313 1638 5352 tua
1647 5311 1728 5351 oneo·

342 5392 409 5436 altit.
422 5392 453 5436 tt.
465 5391 498 5437 18.
