3966 6120
252 497 315 559 636

254 658 314 721 bus
334 657 428 721 obvia
449 658 481 721 et
502 657 680 730 tritissima,
709 645 854 750 ἕρμαῑον
886 656 1059 729 invenisse,
1091 657 1166 718 dum
1197 674 1318 719 novum
1349 657 1573 737 Damigeronis
1603 659 1743 722 codicem
1777 676 1824 722 o-

255 766 377 840 stendo,
399 766 438 829 de
469 784 533 846 quo
555 767 688 830 auctore
718 769 851 830 omnino
875 770 953 840 vult,
986 784 1044 844 pro
1075 784 1134 829 sua
1164 767 1376 841 humanitate,
1409 769 1448 830 cl.
1470 769 1636 847 Eugenius
1657 768 1744 840 Abel,
1764 786 1822 831 me

254 893 336 954 pene
357 874 495 938 inscium
515 876 593 937 olim
617 897 632 932 ι
654 876 884 940 immortaliter
905 875 1062 938 meruisse
1084 898 1110 936 ».
1133 875 1222 948 Quid,
1253 892 1353 954 quum
1385 890 1473 937 nuno
1494 875 1639 938 eumdem
1663 876 1821 954 Damige-

253 999 366 1047 ronem
386 982 426 1045 ab
439 979 553 1046 inieris
573 984 692 1046 iterum
713 984 927 1057 evocaverim,
950 1000 1014 1045 non
1030 985 1132 1045 solum
1154 983 1376 1055 varietatibus,
1399 984 1454 1046 sed
1475 983 1612 1047 sortasse
1626 984 1754 1046 dimidia
1770 1000 1819 1046 ex

252 1094 348 1171 perte
372 1091 525 1153 auctumi
546 1090 579 1151 ld
601 1091 715 1154 saltem
737 1091 899 1182 noverint,
921 1108 1058 1170 quorum
1084 1090 1231 1162 interest,
1256 1090 1397 1153 codicem
1423 1091 1638 1154 parisiensem
1659 1091 1723 1152 trie
1744 1092 1818 1168 post

253 1200 372 1261 saecula
392 1215 434 1260 cx
455 1199 518 1260 alio
539 1199 737 1277 descriptum
758 1200 866 1271 fuisse,
889 1200 943 1276 qui
966 1199 1077 1261 cadom
1106 1215 1239 1276 prorsus
1261 1198 1475 1271 miscellanea,
1498 1216 1537 1260 ac
1556 1199 1623 1260 fore
1644 1198 1678 1258 in
1700 1197 1814 1258 eodeni

252 1307 366 1368 ordine
387 1305 497 1378 refert,
521 1323 616 1382 quam
639 1306 695 1367 illa
716 1323 799 1384 quae
822 1308 891 1384 post
916 1311 1044 1367 Beriam
1058 1311 1098 1366 dc
1117 1307 1322 1379 tevvcporidus
1337 1305 1436 1367 codex
1459 1307 1612 1366 Curensis
1634 1306 1820 1382 promiscue

252 1412 406 1475 continet.
429 1411 611 1489 Utrumque
632 1413 772 1474 codicem
795 1414 882 1475 inter
897 1431 931 1474 se
953 1413 1104 1474 conferre
1125 1413 1303 1489 periodum
1324 1413 1452 1472 unimus
1466 1413 1545 1486 erui,
1563 1415 1598 1472 ut
1618 1428 1715 1488 supra
1732 1411 1819 1471 dini-

253 1537 324 1580 mus
344 1536 373 1596 p.
393 1520 462 1591 281,
484 1519 539 1581 sed
562 1519 666 1580 ultimi
682 1520 792 1580 limitis
817 1521 970 1597 augustia
990 1522 1131 1590 coaetus
1160 1535 1198 1580 ea
1223 1518 1350 1579 tantum
1382 1519 1585 1590 renuntiabo,
1609 1535 1691 1596 quae
1723 1517 1815 1578 inira

255 1626 454 1688 succedunt:

336 1780 641 1855 decoloravere
664 1781 799 1855 AEpppti
818 1784 864 1842 ad
886 1781 1128 1854 cooperatorem
1150 1778 1370 1840 Octauianum
1392 1778 1477 1856 (God.
1499 1775 1661 1854 Gav.182)

333 1889 365 1946 2.
387 1889 467 1947 Alia
487 1888 624 1958 epistola
649 1888 779 1965 (parlim
802 1903 844 1950 ex
865 1887 931 1948 cod.
955 1887 1070 1965 Paris.)

332 1997 363 2054 3.
382 1998 480 2054 anm
505 1997 633 2056 Tiberio
655 1996 857 2070 imperatori
877 1994 933 2073 (es
956 1995 1093 2071 utroque
1115 1993 1207 2072 cod).

333 2105 363 2162 4.
384 2105 515 2163 imiicie
536 2103 735 2164 ualetudinis
753 2108 792 2165 de
813 2104 977 2177 lapididus
997 2100 1265 2180 (Dioiniperoois
1285 2102 1478 2163 doctissimi.

333 2213 363 2268 5.
385 2210 590 2270 Auctarium
611 2227 654 2271 ox
674 2210 813 2288 triginta
834 2209 999 2286 lapidibus,

333 2316 363 2374 6.
384 2318 430 2377 De
449 2317 632 2389 sculpturis
652 2331 783 2378 eorurvv.

333 2425 361 2482 7.
384 2425 431 2483 De
449 2425 614 2496 lapididus
633 2425 664 2484 ei
684 2437 807 2484 eornm
825 2424 1009 2497 sculpturis
1033 2424 1233 2496 Septiciooio.

332 2533 362 2589 8.
385 2532 552 2590 Feruntur
572 2544 638 2590 rom
658 2534 703 2591 od
722 2534 921 2593 florianum
943 2530 1194 2603 imperatorem.

331 2641 361 2700 9.
384 2639 504 2707 Quibus
524 2638 656 2700 accedat
669 2657 711 2702 ox
725 2640 789 2701 alio
803 2638 912 2701 codice
925 2640 1061 2713 epistota
1075 2642 1281 2700 Pormocnis
1295 2643 1340 2700 ed
1360 2643 1549 2714 Troianum
1561 2638 1812 2712 irnperoiorem.

331 2790 417 2853 Scite
437 2791 470 2852 et
490 2790 616 2853 erudite
638 2791 835 2855 interrivos
856 2791 1064 2853 Gerinanioos
1083 2791 1296 2868 disceptatum
1317 2794 1367 2853 est
1389 2791 1553 2854 docetote
1575 2789 1808 2869 Damigeronis,

250 2897 305 2976 qui
325 2913 399 2960 cum
419 2898 559 2960 caeteris
580 2899 696 2960 libellis
717 2917 737 2960 a
757 2916 875 2978 graeco
897 2899 985 2962 fonte
1006 2899 1183 2961 derivatur.
1209 2903 1258 2961 Ex
1280 2899 1463 2960 nominibus
1485 2915 1564 2961 vero
1584 2899 1685 2960 trium
1706 2898 1810 2972 impe-

253 3006 400 3067 ratorum
421 3006 453 3067 id
476 3023 575 3067 unum
596 3008 721 3070 iniorre
741 3007 826 3078 ltcct,
849 3009 948 3085 vulgo
970 3007 1100 3068 insitam
1125 3007 1224 3068 luisse
1245 3011 1278 3070 et
1298 3007 1352 3086 diu
1375 3007 1590 3085 permansisse
1617 3005 1808 3083 opinionem,

250 3115 363 3175 salsam
383 3115 500 3176 venui
523 3114 658 3188 dubium,
680 3115 835 3178 Romanis
856 3115 1010 3193 Augustis
1031 3115 1149 3192 volupe
1179 3115 1278 3177 inisse
1298 3113 1479 3175 istiusmodi
1512 3113 1698 3190 crepundiis
1719 3112 1809 3173 dele-

251 3221 343 3283 clari.

873 3355 1188 3386 ww·

729 3618 1030 3723 sesuldus
1069 3616 1329 3722 FLAVlUS

566 3867 785 3928 Slt'LEC'l'AE'
815 3869 1068 3929 LECTIONES
1091 3869 1151 3926 DE
1171 3867 1507 3927 MACCIIABAEIS.

257 4115 346 4174 Edit.
367 4115 471 4174 Didot.
487 4137 518 4194 p.
534 4117 604 4191 392,
619 4118 649 4175 2.
665 4110 904 4192 αἰτοᾶεσπότης.
924 4120 999 4180 Cod.
1057 4117 1107 4178 29.
1130 4136 1190 4177 om.
1215 4117 1333 4176 ἐκεῒνει.

314 4234 404 4295 Fior.
425 4235 452 4310 s.
475 4233 611 4296 762001.
633 4237 663 4296 2.
1060 4235 1140 4298 leid.
1165 4228 1216 4295 iai
1237 4235 1294 4296 τῶν
1317 4227 1480 4318 ἀνθρώπων
1503 4232 1548 4296 ἐπ’
1563 4227 1704 4321 ἀνδρείᾳ.

255 4351 284 4411 5.
312 4351 387 4412 Cod.
409 4367 469 4410 om.
493 4341 575 4437 λέγω
596 4344 636 4417 dd
658 4342 713 4412 ὅτι.
1057 4355 1109 4415 30.
1134 4343 1352 4433 αἱκισαμένων.

258 4468 304 4526 ll.
330 4467 429 4548 θυμοῦ
451 4488 482 4529 τε
503 4463 559 4530 καί
576 4459 670 4554 pc'imv
692 4463 752 4531 nar*
774 4462 879 4560 φὲβσυ.
1057 4474 1108 4546 sl,
1130 4473 1179 4534 35.
1203 4464 1275 4556 nep?
1297 4461 1402 4531 τούτου
1424 4472 1475 4530 νῦν
1498 4461 1577 4534 αὕτη
1600 4467 1688 4534 καλει
1705 4467 1804 4558 λεγειν

262 4586 307 4648 12,
332 4576 410 4646 εἴποι
431 4575 469 4645 ἄν
492 4604 546 4661 τις.
1119 4589 1167 4668 (l.
1190 4579 1307 4648 αὐτίκα
1330 4578 1420 4671 λέγ.)
1442 4579 1581 4658 ε’ξεσται.

260 4701 307 4763 14.
332 4703 389 4764 τῶν
412 4701 519 4765 αὐτοῦ.
1057 4707 1108 4767 35.
1131 4696 1204 4794 ὅπερ
1226 4697 1330 4768 εἴωθα.

255 4820 305 4882 22.
329 4841 389 4881 om.
412 4815 489 4906 ὑπὲρ
511 4825 568 4883 τῶν
591 4827 644 4884 τοῦ
666 4825 734 4886 θεοῦ
754 4816 865 4907 νέμων.
891 4830 1004 4906 Perpit
1057 4829 1106 4887 39.
1129 4819 1162 4887 τί
1183 4816 1216 4888 δέ
1239 4827 1332 4889 ἐστιν.

315 4928 382 5011 τούς
416 4927 473 5008 ἕως
515 4931 647 5002 θανάτου
684 4932 792 5013 edico,
825 4935 1003 5015 ύωειδίντες
1057 4947 1106 5007 40.
1129 4937 1225 5008 πόσαι
1248 4938 1282 5007 δέ
1303 4947 1420 5008 maddi.

315 5046 511 5126 ἑωεδείξαντο
533 5047 589 5121 ὅτι.
904 5049 906 5056 ⁴
1058 5065 1106 5124 ll.
1130 5083 1190 5126 om.
1214 5057 1271 5126 καί
1293 5073 1319 5124 ct
1342 5057 1464 5126 τούτων.

253 5171 304 5232 26.
326 5165 412 5232 aare?
433 5175 536 5234 τοῦτον
559 5169 609 5237 τᾶν
632 5198 661 5242 κ.
1054 5184 1102 5245 42.
1128 5176 1168 5250 dd
1190 5175 1304 5248 τοίνυν.
