3976 6078
702 459 828 528 count
849 459 1186 526 cttunttortttntts
1678 459 1716 524 eo

209 619 258 684 38.
277 617 319 682 td
334 615 462 682 omnium
480 613 619 679 malorum
637 612 860 697 plenitudinem,
875 611 951 678 siout
966 611 996 676 in
1010 592 1246 688 Deuteronomio,
1259 609 1297 676 de
1311 609 1386 676 lento
1399 613 1445 692 lig
1457 610 1535 688 rogis
1549 609 1655 690 Baton,
1665 607 1715 691 qui

169 741 261 816 typus
273 743 319 796 est
334 729 458 807 Diaboli,
472 727 576 794 seribit
590 729 668 810 qnod
685 746 790 794 nouem
805 725 912 792 nubitis
926 725 965 790 sit
979 725 1134 808 iongitudo
1148 726 1221 808 ejus.

209 847 258 910 31.
272 846 307 911 ll.
318 846 373 910 llio
383 843 567 910 nunterusod
579 841 759 922 Decalogum
767 841 862 924 Legis.
872 839 1025 924 lupsolmn
1034 860 1041 901 :
1050 841 1082 904 ln
1095 839 1233 922 psalterio
1243 839 1342 906 decem
1354 837 1715 924 chordarumpselliteilli.

210 962 259 1026 18.
279 961 324 1026 11
345 958 550 1045 perfectionem
571 957 669 1041 operis
689 956 737 1022 uel
752 954 964 1040 plenitudinem
984 954 1114 1020 omnium
1134 965 1313 1037 sanctornm,
1328 973 1450 1039 qnorum
1471 955 1595 1037 liguram
1616 955 1718 1020 decem

170 1073 231 1138 illae
245 1074 377 1153 cortine,
393 1090 461 1156 quse
475 1073 505 1136 in
519 1069 719 1136 Tnberuaculo
737 1067 906 1151 testimonii,
920 1067 1042 1152 jubente
1056 1067 1190 1146 Domino,
1205 1069 1288 1132 factm
1302 1079 1381 1146 sunt,
1394 1068 1576 1136 obtinebant.

213 1192 263 1258 11.
277 1190 327 1258 lll.
344 1190 400 1256 llio
413 1207 550 1255 numeros
564 1184 827 1270 bansgressionem
841 1182 931 1266 Legis
945 1183 995 1250 vel
1009 1192 1193 1266 peccatorum
1213 1182 1326 1248 obtinet
1339 1183 1475 1265 ligurem,
1491 1183 1568 1250 siout
1580 1191 1611 1250 et
1625 1181 1717 1248 unde·

169 1306 263 1371 cimus
276 1305 419 1390 psnlmus,
435 1304 486 1389 qui
502 1303 533 1367 in
547 1302 680 1388 ejusdem
696 1299 808 1366 numeri
822 1308 1004 1364 sacramento
1021 1300 1061 1384 [p.
1079 1299 1129 1381 33]
1145 1299 1342 1383 presignetur
1355 1306 1410 1380 est,
1426 1297 1515 1364 dioit:
1535 1298 1657 1365 Salvum
1670 1317 1718 1366 me

172 1424 227 1504 tec,
243 1421 379 1503 Domine,
394 1420 531 1505 quoniam
545 1419 654 1486 deiecit
668 1427 800 1485 sanetus.
816 1420 854 1485 Et
867 1419 898 1484 in
917 1419 1116 1484 Tabernaeuln
1135 1418 1252 1484 tunderis
1272 1418 1303 1484 in
1323 1418 1516 1486 similitudine
1534 1417 1717 1500 persentiam

171 1538 302 1622 ejrndem
322 1517 438 1603 numeri
452 1552 525 1616 sega
540 1534 656 1600 cilicino
672 1535 733 1600 lieri
748 1533 971 1618 precipiuntur.

214 1652 344 1733 11111,
366 1651 405 1716 ad
424 1650 584 1734 apostolos.
601 1650 635 1714 ln
650 1650 831 1734 Evangelio:
854 1650 1013 1718 Duodecim
1035 1650 1229 1736 apostolorum
1249 1651 1367 1717 nomine
1386 1650 1451 1716 brec
1471 1658 1551 1718 sunt.
1567 1649 1641 1716 ltem
1655 1649 1717 1716 ibi:

173 1770 278 1837 Nonne
290 1789 347 1854 ego
359 1789 414 1836 ros
425 1767 580 1835 duodecim
595 1767 695 1851 elegit

214 1889 263 1953 13.
279 1885 468 1953 Adnmnium
481 1895 648 1951 sanctorum
670 1886 799 1970 pertinet
821 1895 1046 1967 sacramentnm,
1059 1885 1111 1969 qni
1131 1903 1167 1952 ex
1186 1894 1311 1980 quatuor
1331 1882 1432 1948 mundi
1446 1882 1590 1967 portibus,
1613 1901 1666 1967 per
1685 1881 1718 1945 u-

172 2001 237 2067 dem
252 2002 417 2083 Trinitatis,
431 2002 582 2068 collectam
597 2021 685 2068 nnem
706 2020 741 2066 ex
759 2020 793 2066 se
810 2000 922 2066 laniunt
935 2001 1114 2068 Euolesinm:
1131 2001 1232 2066 borum
1247 2000 1405 2066 electorum
1419 1999 1572 2066 duodecim
1587 1998 1629 2065 illi
1645 1998 1720 2078 lapi·

173 2119 226 2184 dee
241 2117 370 2202 pretiosi,
385 2117 542 2202 exquibus
557 2116 588 2182 in
602 2117 784 2202 Apocalypsi
799 2117 906 2184 oiritas
920 2118 998 2196 regis
1012 2117 1109 2201 magui
1125 2117 1313 2197 eonstmitur,
1327 2115 1585 2200 liguremhobnot.
1598 2115 1635 2180 lli
1651 2124 1720 2180 sunt

173 2231 324 2298 duodecim
338 2231 431 2298 tribus
444 2231 571 2297 tiliorum
584 2232 686 2314 lsrael,
703 2252 790 2299 sensu
805 2232 941 2298 ridentes
953 2231 1058 2298 Deum.

215 2347 264 2411 11.
277 2345 358 2428 Ι1111,
375 2348 414 2413 11
424 2346 512 2429 Legis
523 2346 736 2431 plenitudinem
746 2357 776 2416 et
786 2349 873 2415 iidem
887 2347 1053 2416 Trinitatis.
1069 2347 1105 2415 ln
1119 2347 1287 2416 Ezechiele:
1300 2349 1339 2416 111
1349 2367 1467 2414 mensus
1477 2356 1522 2414 est
1535 2344 1720 2413 altitudinem

174 2471 266 2544 portm
281 2459 419 2527 tredecim
432 2461 552 2526 enbitis.
1215 2515 1219 2528 .

216 2577 428 2660 1111111111
451 2587 666 2647 monumentum
686 2580 841 2648 dominice
861 2580 1069 2661 generationis.
1085 2579 1120 2646 ln
1140 2579 1321 2667 Evangelio:
1344 2579 1388 2646 111
1402 2579 1552 2646 noralem
1572 2595 1664 2664 usqne
1683 2577 1722 2644 ed

175 2691 273 2758 Dauid
286 2693 491 2776 generationes
505 2695 736 2776 quatuordeeim.
1179 2702 1186 2714 ‘

217 2809 265 2874 16.
281 2808 376 2891 Xllll,
393 2811 431 2877 ad
446 2829 578 2896 presens
593 2823 706 2898 tempus
719 2815 768 2880 uel
781 2813 919 2893 loturum,
935 2813 1014 2880 siout
1027 2812 1057 2878 in
1077 2812 1209 2880 Lerition
1223 2812 1261 2878 de
1274 2809 1395 2878 muliere
1407 2827 1475 2895 qun
1488 2808 1624 2894 genuerit
1639 2809 1721 2877 lemi-

176 2936 245 2984 nnm
258 2919 375 3003 dieitur,
390 2923 469 3006 quod
484 2922 598 2989 dnobus
611 2924 855 3009 hebdomadibus,
870 2927 927 2995 bon
939 2936 985 2994 est
1000 2928 1029 2992 in
1043 2927 1180 3012 presenti
1196 2935 1226 2992 et
1240 2925 1347 3006 tuturo,
1362 2924 1403 2990 sit
1419 2924 1581 2992 immunda.

216 3035 265 3100 17.
280 3036 342 3107 llll.
358 3036 413 3102 llio
426 3057 566 3104 numerus
580 3041 666 3123 Legis
678 3051 708 3108 et
719 3042 886 3126 Evangelii,
899 3043 1005 3127 quietis
1015 3053 1046 3110 et
1056 3041 1276 3110 resurrectionis
1286 3041 1400 3108 obtinet
1409 3040 1599 3124 mysterium:
1617 3039 1718 3122 [lsiout

177 3149 208 3216 in
223 3153 346 3218 letibus
360 3154 567 3238 apostolorum,
583 3155 692 3222 Paulus
705 3157 854 3242 apostolus
867 3158 1031 3243 quindecim
1045 3159 1150 3226 diebus
1163 3178 1230 3226 oum
1243 3161 1328 3228 Petro
1342 3179 1535 3227 commorasse
1547 3159 1665 3225 dieitur.

216 3271 264 3336 18.
280 3271 429 3353 Sedenim,
443 3272 483 3339 ed
495 3293 648 3341 numerum
660 3274 788 3340 sedenim
802 3273 1019 3360 prophetarum.
1472 3262 1476 3268 ⁴

218 3388 267 3454 19.
283 3388 400 3473 Septem
412 3399 442 3454 et
456 3389 569 3472 decem,
586 3392 625 3457 ad
637 3409 792 3474 numerum
803 3393 931 3459 omnium
943 3396 1145 3478 perlectorum,
1158 3395 1208 3478 qni
1219 3395 1319 3462 decem
1330 3403 1476 3477 precepta
1487 3392 1560 3475 legis
1571 3411 1623 3476 per
1633 3392 1723 3476 septi-

176 3504 872 3594 lormemgratiemSpiritussanotiopernntur.
1582 3589 1588 3599 ‚

216 3622 265 3686 11.
281 3621 404 3705 Viginti,
419 3623 458 3688 nd
471 3623 680 3708 perlectionem
694 3625 802 3710 operis,
817 3646 884 3711 qum
898 3647 950 3712 per
963 3628 1133 3694 charitatem
1144 3636 1291 3712 operetur.
1304 3627 1467 3709 Dnmlogus
1476 3625 1555 3693 euim
1565 3625 1653 3708 Legis
1669 3643 1723 3710 per

176 3736 233 3801 dno
253 3737 384 3804 oaritatis
405 3749 552 3823 precepta
574 3741 743 3826 duplicatus
763 3742 872 3827 uiginti
886 3746 991 3827 efficit;
1008 3747 1086 3812 unde
1099 3755 1130 3812 et
1143 3745 1201 3810 duo
1222 3745 1389 3827 Cherubim,
1406 3746 1483 3829 quod
1506 3755 1553 3812 est
1571 3743 1724 3829 plenitudo

177 3851 317 3935 scientim,
333 3854 365 3919 iu
379 3855 485 3939 templo
499 3857 630 3940 ejusdem
644 3859 757 3926 numeri
771 3859 886 3928 cubitos
900 3860 1038 3929 babuisse
1051 3872 1218 3929 narrantur.

212 4200 923 4281 38.111111101111111.1111111111111111,111γράφιι.
1014 4210 1059 4268 17.
1079 4210 1139 4266 rtet.
1152 4219 1240 4280 apest.
1260 4225 1311 4282 prn
1332 4205 1428 4276 omi,
1444 4205 1485 4262 18.
1507 4207 1607 4277 Ingens
1624 4205 1724 4262 leounn

214 4294 260 4352 39.
279 4295 327 4350 Pe.
346 4310 437 4364 mu,
456 4294 484 4351 2.
979 4317 1040 4375 quea
1057 4298 1206 4356 eclerom.
1220 4299 1329 4353 inventa
1341 4303 1385 4352 eet
1397 4297 1426 4351 in
1444 4296 1594 4368 Argentin.
1608 4293 1726 4367 supple-

214 4385 258 4442 11.
280 4386 421 4442 lueodem
440 4405 561 4444 numero
579 4399 757 4445 sacramento
777 4391 806 4447 G.
820 4390 867 4445 Pe.
883 4407 923 4458 11,
978 4397 1025 4447 tur
1043 4409 1077 4446 ex
1096 4391 1250 4446 Meemieno
1274 4389 1348 4444 inter
1370 4405 1456 4443 unone
1481 4387 1598 4455 inserto,
1617 4403 1680 4459 quse
1701 4386 1723 4439 0

181 4477 211 4548 ¹3
231 4477 317 4533 Exod.
338 4493 415 4544 xxvi,
434 4476 462 4530 7.
978 4484 1084 4555 pariter
1103 4483 1133 4535 ie
1153 4485 1259 4535 textum
1284 4479 1400 4552 recepit.
1428 4479 1514 4533 llrror
1537 4493 1572 4530 ex
1597 4493 1629 4532 eo
1647 4480 1726 4532 ortus

213 4566 258 4624 12.
278 4566 381 4621 Mattb.
395 4581 424 4634 x,
436 4563 470 4635 2;
484 4567 527 4622 Jo.
542 4583 581 4636 vr,
593 4564 640 4622 71.
655 4567 693 4622 ad
704 4584 750 4638 ap.
765 4573 823 4624 eive
835 4585 924 4623 enan·
979 4577 1023 4627 oet
1040 4571 1113 4645 quod
1131 4568 1264 4625 librarius
1283 4569 1304 4623 O
1321 4569 1355 4622 ab
1374 4584 1429 4622 una
1447 4567 1482 4622 ed
1500 4565 1616 4622 alteram
1641 4569 1726 4638 pegi·

175 4659 290 4732 peteme
309 4657 458 4712 duodecim
476 4657 497 4713 0
516 4658 577 4714 sine
595 4674 670 4714 corr.
689 4663 721 4712 ut
738 4675 789 4714 noe
808 4660 842 4714 1.
979 4677 1042 4718 nem
1060 4662 1145 4716 eitius
1164 4660 1311 4728 testinans,
1324 4675 1342 4713 n
1353 4675 1420 4714 voce
1437 4661 1605 4729 mysterium
1620 4656 1684 4711 inde
1696 4656 1726 4710 in

213 4745 259 4802 13.
270 4747 358 4818 Apon.
371 4761 430 4808 xxt,
446 4743 488 4801 12.
500 4776 535 4788 -
544 4763 630 4802 sensu
642 4748 779 4817 videnter,
794 4753 852 4803 tote
865 4749 926 4803 tere
979 4750 1099 4806 similem
1117 4749 1267 4804 dictionem
1279 4747 1447 4820 promptiori
1459 4745 1540 4802 oenlo
1558 4745 1668 4814 redidit,
1682 4745 1727 4798 in·
1764 4737 1767 4744 '

177 4835 307 4908 periodus
327 4851 419 4907 graece
437 4835 555 4893 redolet.
979 4840 1169 4912 terpositaquo
1193 4841 1287 4892 omnia
1311 4836 1503 4908 praetermisit,
1522 4835 1683 4907 insciusque
1702 4835 1727 4890 Α

213 4923 259 4980 11.
278 4923 383 4980 Exeeh.
397 4940 443 4992 111,
459 4921 501 4980 ll.
512 4925 749 4993 -oltt'tudinem,
763 4928 791 4980 τὸ
805 4921 880 4995 εὖρος,
895 4926 924 4979 in
979 4929 1074 4984 eodem
1093 4927 1167 4982 saltu
1185 4927 1254 4982 eeeoi
1267 4926 1345 4982 dunis
1360 4927 1481 4998 vestigia
1497 4925 1611 4998 pressit.
1634 4923 1727 4978 Ceste·

178 5012 255 5084 vulg.
277 5017 494 5088 lonpitudinem.
513 5014 614 5070 -15,
634 5015 735 5070 Marto.
755 5031 776 5084 1,
800 5013 842 5069 17.
979 5035 1040 5072 rum
1059 5018 1151 5071 omnia
1169 5015 1239 5082 haee,
1257 5013 1377 5068 tortasse
1395 5013 1527 5070 sublestae
1541 5013 1725 5084 integritatis,

213 5103 260 5158 16.
280 5104 367 5161 Lerit.
388 5121 438 5172 xrr,
451 5104 715 5178 nemeaeum
733 5108 924 5175 1011111110,
979 5106 1082 5174 absque
1101 5119 1201 5173 magno
1220 5102 1387 5159 detrimento
1406 5103 1587 5158 excidissent.

177 5191 263 5248 solite
280 5195 415 5253 socordia.
1014 5193 1061 5248 50.
1081 5211 1113 5250 111
1131 5195 1203 5265 Reg.
1222 5209 1261 5262 vr,
1281 5193 1306 5251 3.
