3966 6120
870 529 1132 612 uelandus.

296 799 358 858 Fas
380 796 471 858 nobis
492 797 564 869 erit,
586 797 661 858 dum
676 799 850 876 primordia
862 815 973 862 rerum
993 799 1248 862 christianarum
1270 799 1450 872 recolimus
1468 801 1564 862 entra
1585 801 1781 878 pomoerium

216 905 379 968 Ecclesiae
403 906 639 992 aliquantulum
660 923 847 980 excurrere,
870 908 904 968 ut
925 911 943 968 J
947 908 1120 970 udaeorum
1135 908 1187 969 vel
1204 907 1417 969 Ethnicornm
1431 908 1643 986 coaequalium
1659 910 1781 987 scripta

216 1014 373 1076 nonnulla
392 1014 603 1086 excutiamus,
625 1031 708 1092 quae
729 1014 799 1076 sive
820 1014 949 1076 sincera
970 1015 1044 1086 sint,
1064 1003 1272 1088 sive'ilctitia,
1287 1014 1420 1076 omnino
1435 1031 1500 1076 non
1515 1013 1670 1078 videntur
1685 1017 1782 1078 extra

218 1123 299 1186 fines
320 1121 449 1184 nostros
471 1123 631 1186 exsulare.

296 1234 343 1292 Ac
367 1229 514 1307 primum,
537 1229 586 1290 uti
611 1231 709 1291 antea
729 1230 857 1290 Philoni
879 1229 1102 1292 Alexandrino
1123 1230 1231 1291 locum
1252 1228 1387 1291 fecimus
1407 1228 1496 1291 haud
1518 1229 1589 1291 sine
1613 1231 1689 1306 jure
1710 1247 1781 1291 am-

215 1337 401 1418 plissimum,
425 1336 469 1397 ita
490 1336 663 1414 losephum
685 1337 833 1398 flavium
854 1338 968 1398 saltem
990 1337 1109 1414 exiguo
1130 1351 1268 1412 aequum
1293 1336 1343 1398 est
1367 1337 1514 1414 recipere
1542 1337 1692 1416 hospitio.
1717 1337 1780 1415 lpsi

214 1445 389 1508 ascribitur
408 1445 584 1522 ampullosa
605 1445 760 1522 quaedam
779 1445 811 1506 et
843 1445 921 1505 satis
943 1446 1075 1522 elegans
1095 1431 1253 1533 ἕκφρασις
1274 1447 1313 1505 16
1335 1447 1574 1516 111611116616,
1609 1461 1705 1522 quam
1728 1444 1781 1504 in-

217 1556 268 1618 ter
289 1554 387 1615 libros
409 1569 518 1614 sacros
539 1553 633 1614 vetus
653 1551 754 1614 codex
778 1551 987 1614 Florentinus
1002 1551 1161 1613 collocare
1175 1567 1273 1612 ansus
1295 1549 1344 1612 est
1359 1551 1391 1612 et
1407 1550 1586 1613 inscribere
1599 1551 1695 1612 titulo
1709 1551 1780 1612 ler-

215 1662 254 1723 tii
278 1659 350 1722 libri
370 1659 658 1721 Macchabaeorum
676 1659 710 1738 ¹).

296 1769 384 1829 Hora
405 1783 455 1828 me
476 1783 569 1827 usum
590 1767 784 1838 subcessiva,
803 1767 891 1844 Juvit
912 1766 972 1827 has
1005 1766 1208 1828 membranas
1239 1765 1390 1827 conferre
1420 1781 1494 1827 cum
1514 1765 1658 1843 probatis
1683 1764 1776 1828 libris

216 1879 256 1938 ab
277 1875 448 1946 Hudsonio‚
471 1876 707 1953 Havercampio
742 1875 774 1936 61
796 1875 921 1937 Didotio
942 1875 1190 1953 diligentissime
1210 1873 1322 1934 editis:
1347 1890 1386 1934 ao
1411 1873 1554 1934 mirabar
1581 1873 1614 1933 in
1640 1873 1679 1934 iis
1704 1873 1775 1934 sin-

216 1984 302 2062 gulis
322 1982 452 2043 omnino
472 1981 649 2043 desiderari
671 1981 859 2044 innumeras
880 1981 912 2043 et
933 1982 1070 2058 optimas
1102 1981 1220 2043 codicis
1252 1980 1433 2042 florentini
1462 1979 1651 2042 varietates.
1674 1980 1780 2042 Etiam

215 2109 266 2153 me
287 2105 374 2150 nunc
394 2089 501 2151 toedet
525 2088 611 2150 haud
633 2089 711 2150 satis
732 2089 789 2148 olii
809 2089 969 2173 habuisse,
993 2090 1028 2149 ut
1049 2105 1119 2150 rem
1133 2088 1173 2149 ad
1209 2087 1396 2150 umbilicum
1417 2088 1577 2150 ducerem.
1594 2089 1659 2150 Vix
1687 2088 1780 2149 dimi-

215 2201 299 2262 diam
320 2198 411 2277 pensi
432 2197 556 2276 partem
576 2197 708 2269 absolvi,
729 2189 825 2274 quam
845 2197 954 2257 tamen
975 2195 1041 2258 huc
1062 2197 1222 2274 subjicere
1243 2212 1308 2257 non
1323 2196 1420 2273 piget,
1448 2195 1531 2258 unde
1552 2196 1645 2268 alius,
1662 2197 1782 2274 lampa-

217 2309 255 2372 de
276 2306 415 2384 arrepta,
438 2320 600 2381 cursuque
620 2303 734 2375 victor,
756 2303 796 2363 ad
818 2303 933 2365 metam
956 2302 1096 2365 feliciter
1116 2303 1296 2381 perveniat.

296 2413 477 2476 Succedunt
498 2411 562 2473 alia
582 2427 664 2489 quae
687 2411 745 2472 vix
765 2411 835 2472 sine
857 2411 982 2488 piaculo
1003 2410 1205 2488 protulerim,
1221 2410 1300 2472 adeo
1314 2410 1453 2472 absurda
1468 2411 1501 2473 et
1516 2411 1649 2473 rancida
1665 2427 1780 2489 mago·

217 2540 289 2585 rum
310 2520 473 2598 impietate
494 2519 527 2580 61
547 2519 693 2579 16111616
715 2519 797 2579 male
818 2519 936 2580 oleant.
958 2518 1112 2596 Agedum,
1137 2518 1172 2578 in
1193 2518 1365 2596 spicilegio
1389 2517 1583 2580 Solesmensi
1612 2533 1688 2580 cum
1710 2521 1779 2596 jam

216 2627 371 2710 prodierit
393 2627 588 2705 Damigeron
609 2630 648 2688 dc
669 2628 842 2700 lapidibus,
865 2641 1003 2702 utrmque
1023 2624 1058 2685 in
1079 2624 1236 2685 famosum
1263 2625 1407 2687 libellum
1439 2625 1590 2688 certatim
1621 2625 1781 2688 incubue-

216 2740 284 2803 rint
305 2738 337 2798 in
361 2735 535 2797 Germania
555 2732 619 2794 viri
640 2732 823 2804 doctissimi,
850 2732 1042 2793 Valentinus
1063 2735 1148 2793 Rosa
1162 2729 1199 2810 3),
1214 2732 1353 2794 Μ1611661
1374 2732 1521 2810 Ringius,
1550 2733 1781 2812 1113611161-

217 2848 266 2910 bel
292 2847 318 2925 ²)
341 2843 396 2922 qui
417 2842 543 2903 nullum
565 2841 700 2918 lapidem
723 2857 787 2902 non
810 2841 992 2912 moverunt,
1014 2841 1050 2900 ut
1072 2839 1203 2900 unicum
1227 2839 1368 2901 codicem
1385 2839 1600 2900 Parisiensem
1625 2841 1662 2918 ⁴),
1684 2840 1782 2902 imbe-

216 2955 290 3017 cille
311 2951 343 3013 et
364 2948 518 3010 caducum
539 2947 689 3009 editionis
710 2946 831 3007 nostrae
853 2945 1014 3018 fulcimen,
1037 2946 1159 3007 rectius
1180 2944 1400 3017 instituerent,
1423 2946 1485 3007 mai
1506 2946 1638 3007 omnino
1653 2939 1657 2948 '
1670 2962 1781 3008 mune·

216 3062 263 3123 ris
286 3073 357 3119 esse
381 3071 505 3126 censeo,
528 3054 668 3115 alterum
689 3053 838 3123 codicem,
857 3054 889 3114 et
908 3053 1120 3115 vetustiorem
1145 3054 1241 3131 longe
1259 3053 1293 3115 et
1311 3053 1592 3130 praestantiorem,
1607 3053 1678 3115 orbi
1690 3054 1782 3117 litle-

217 3165 289 3227 rato
304 3163 465 3240 detegere.
481 3160 587 3222 codex
601 3160 755 3221 (lanensis
769 3160 827 3230 est,
844 3159 902 3219 sub
924 3175 1011 3219 num.
1037 3161 1064 3231 3,
1091 3160 1210 3220 saeculi
1238 3159 1372 3222 circiter
1400 3162 1453 3232 XI,
1481 3159 1568 3221 haud
1597 3176 1676 3222 sane
1699 3162 1781 3222 viris

217 3271 318 3333 doctis
338 3269 478 3347 ignotus
507 3268 604 3328 immo
625 3267 844 3345 famigeratus‚
860 3283 879 3327 a
893 3267 976 3327 Maio
989 3283 1155 3338 excussus,
1171 3266 1206 3328 in
1221 3284 1314 3329 usum
1329 3268 1509 3340 Muratorii,
1532 3268 1646 3330 deinde
1661 3268 1780 3331 Pertzii

216 3380 249 3442 et
270 3378 431 3439 sociorum
460 3374 648 3452 descriptus,
670 3391 765 3453 quem
789 3375 919 3436 tandem
935 3375 1025 3438 hisee
1040 3374 1150 3438 diebus
1178 3376 1212 3437 in
1240 3393 1357 3438 novam
1385 3379 1418 3439 et
1446 3376 1643 3454 splendidam
1672 3377 1778 3438 lucem

217 3486 352 3567 protulit
386 3487 491 3547 lomus
526 3486 554 3545 v
591 3487 718 3545 Codicis
738 3484 945 3557 diplomatica·
968 3487 1126 3546 Caucasis
1141 3485 1178 3564 ⁵).
1202 3484 1262 3546 Sed
1284 3485 1406 3562 praeter
1420 3485 1529 3546 doctos
1549 3483 1668 3546 codicis
1681 3498 1781 3545 cura-

215 3597 312 3667 tores,
333 3609 376 3656 ex
395 3593 445 3656 tot
464 3591 600 3654 eruditis
621 3590 711 3662 viris,
732 3591 786 3669 qui
810 3595 939 3654 Badara
960 3591 1052 3653 illum
1081 3596 1120 3654 de
1141 3593 1354 3668 temporibus,
1377 3592 1425 3654 uti
1447 3591 1646 3663 inscribitur,
1669 3589 1778 3652 trive-

214 3705 301 3776 runt,
321 3699 570 3778 descripserunt,
593 3699 775 3771 laudarunt,
798 3701 971 3768 1161116661,
994 3700 1056 3761 nisi
1079 3699 1182 3771 fallor,
1205 3700 1260 3778 qui
1283 3699 1322 3761 de
1343 3699 1560 3778 Damigerone
1585 3698 1697 3760 nostro
1721 3698 1775 3760 vel

216 3811 320 3873 hilum
341 3807 487 3870 moverit.
510 3807 573 3868 Soli
596 3808 765 3880 carensac,
785 3807 861 3868 dum
882 3807 1024 3869 codicem
1045 3808 1079 3868 in
1100 3808 1275 3886 appendice
1295 3806 1483 3870 describunt
1504 3824 1533 3884 p.
1548 3808 1596 3878 80,
1611 3805 1780 3869 11666116-

217 3919 304 3982 bent:
330 3918 444 3980 «Item
464 3917 611 3978 libellum
631 3919 707 3991 rapi
727 3917 950 3991 duppliorum
969 3919 1089 3979 missus
1110 3919 1151 3977 ab
1171 3911 1781 3993 0616111161111616(11661611616

216 4029 249 4089 in
270 4027 323 4089 cui
344 4041 422 4086 sono
443 4022 576 4084 indicati
598 4022 687 4084 molti
711 4023 1161 4102 111116111111611161166161616
1181 4025 1350 4098 1161111116
1364 4025 1529 4097 lapidibus
1543 4023 1779 4096 6166111116-

215 4137 362 4198 acribus.
382 4166 424 4179 -
444 4137 491 4198 De
511 4133 692 4209 sculpturis
712 4147 833 4195 aarum
853 4165 895 4178 -
914 4138 962 4195 De
982 4135 1147 4208 lapidibus
1167 4133 1198 4194 61
1228 4147 1352 4194 aarum
1381 4131 1573 4206 sculpturis,
1606 4135 1644 4190 11
1674 4143 1781 4203 supra

222 4246 429 4321 Sepiidouio.¹
454 4278 486 4290 -
509 4246 629 4318 incipit
650 4247 775 4305 iudicia
793 4243 993 4305 ualetudinis
1013 4247 1053 4304 de
1073 4243 1238 4316 lapidibus
1252 4241 1282 4302 61
1302 4253 1424 4303 aarum
1438 4239 1577 4300 virtutes
1602 4239 1781 4311 11111616-

217 4356 273 4414 uis
291 4353 478 4414 doctissimi
498 4347 529 4429 (d
552 4367 595 4411 un
618 4352 717 4428 lungo
739 4351 883 4421 trattato,
905 4350 968 4413 obe
989 4350 1110 4428 prende
1132 4347 1250 4426 meglio
1271 4347 1333 4411 che
1355 4345 1432 4408 novi
1453 4345 1552 4407 interi
1574 4343 1677 4424 fogli).
1700 4348 1776 4404 16-

215 4458 307 4532 111611
325 4459 409 4518 liber
429 4460 468 4518 de
488 4460 652 4532 lapidibus
676 4461 745 4532 leae
764 4459 907 4531 feliciter
929 4480 955 4517 1.
978 4459 1045 4520 Ν66
1067 4459 1161 4535 plura
1182 4455 1286 4517 nostri
1307 4456 1477 4516 (lunenses.

298 4563 391 4624 Unde
412 4563 491 4624 mihi
512 4564 619 4626 visum
639 4565 698 4636 est,
720 4563 805 4642 quod
825 4581 904 4626 sane
925 4564 1064 4641 lepidum
1086 4564 1119 4626 et
1134 4578 1304 4625 amoenum
1318 4562 1377 4634 est,
1392 4561 1427 4622 iu
1440 4559 1495 4621 116
1507 4557 1659 4622 videlicet
1672 4557 1781 4620 omni-

263 4752 288 4817 l)
304 4751 371 4804 Cod.
391 4749 559 4802 inscribitur:
578 4751 690 4816 Aequis.
709 4761 763 4802 ser.
776 4751 914 4810 1111111.
932 4753 971 4801 ll.
1066 4751 1092 4816 1)
1110 4751 1204 4803 flam.
1222 4763 1238 4802 a
1255 4748 1386 4801 1876161.
1406 4747 1451 4813 lll,
1470 4760 1497 4811 p.
1515 4749 1558 4798 171
1577 4773 1588 4784 ·
1606 4747 1660 4798 illl.

222 4832 305 4895 lingis
323 4833 424 4882 mirum
441 4835 496 4895 est,
515 4832 540 4882 in
557 4833 656 4883 eadem
681 4831 785 4896 codice,
814 4832 848 4883 ad
876 4831 979 4883 calcem
1063 4833 1089 4895 3)
1109 4831 1213 4892 Orpbel
1230 4832 1338 4894 liturae,
1363 4827 1472 4880 accedit
1490 4828 1663 4889 Duruiperou
1679 4825 1713 4879 dc
1736 4829 1778 4878 la·

222 4911 444 4975 Paralipomenon
479 4911 538 4962 libri
566 4912 598 4970 il,
635 4911 785 4963 succedere
815 4911 865 4964 snb
896 4911 973 4964 titulo
1016 4911 1126 4973 palilibus
1144 4912 1281 4963 recensuit
1301 4910 1365 4973 Eug.
1387 4909 1451 4960 aboi
1470 4907 1559 4960 Borol.
1579 4911 1645 4958 1881.

199 4992 285 5044 ⁴libri
308 4992 356 5044 lli.
383 4991 479 5044 Parui.
507 4991 645 5059 vulgatum
673 4992 774 5046 Esdrae
802 4991 899 5046 librum
922 4993 976 5057 pri·
1059 4994 1084 5056 ll
1098 4993 1174 5044 Nnrn.
1188 4994 1249 5047 7118
1261 5003 1328 5045 suec.
1341 4989 1456 5042 111161.
1469 4987 1557 5049 Spica
1573 4989 1616 5040 lll.
1629 5000 1655 5050 p.
1666 4989 1777 5038 311113.

220 5085 303 5138 mum.
1060 5073 1086 5137 ll)
1106 5071 1171 5125 l'od.
1191 5074 1259 5150 dipl,
1281 5071 1346 5127 cao.
1364 5071 1432 5124 18711.
1450 5067 1513 5125 lise.
1532 5081 1557 5138 p.
1578 5067 1651 5128 1,-11.
