4064 6108
858 488 898 554 ut
919 490 1123 558 susruuru
1235 463 1238 470 ’
1705 505 1765 569 ιον

221 631 376 728 ἔπραξαν,
400 643 440 713 ὡς
466 637 614 726 Σολομὼν
637 639 733 730 λέγει·
757 639 909 731 Ἐτασμὸς
934 635 968 708 δὲ
1021 645 1219 726 peccaverint
1232 647 1532 717 sicutsalomonait:
1548 651 1770 718 «linamentu-
1814 635 1821 656 ’

220 739 341 820 aaziae
374 748 449 809 ὀλεῖ·
482 748 664 810 ἁλίσκονται
698 747 758 839 γὰρ
793 743 877 813 οὗτοι
908 749 966 814 ὑπὸ
1022 751 1194 834 iamimpies
1207 754 1574 841 perdet,eapiunturenim
1587 759 1629 824 illi
1645 760 1766 826 Inseru-

221 851 364 928 ἐτάσεως.
1022 853 1105 920 linio.
1118 879 1133 916 υ

263 957 343 1022 XIII.
356 957 400 1022 Ib.
416 959 477 1028 Kal
488 959 565 1024 τότε
578 971 664 1045 κοινῇ
680 953 888 1038 συνετάξαντο
900 983 968 1023 και·
1060 961 1139 1026 XIII.
1161 965 1204 1030 lit
1221 973 1286 1033 ίνηε
1305 970 1334 1034 t'tt
1354 973 1502 1037 commutati
1521 979 1682 1040 etalterattl
1700 980 1767 1039 aa·

221 1067 270 1157 ρὸν
294 1067 349 1131 ὅτε
373 1065 472 1140 αὐτὴν
498 1058 684 1139 δυνήσονται
708 1071 803 1158 εὑρεῖν
829 1067 936 1155 μόνην·
1019 1090 1086 1155 μην,
1109 1083 1224 1158 quando
1245 1101 1308 1146 eam
1327 1085 1441 1166 poaet'rtl
1457 1088 1586 1153 inanire
1605 1088 1709 1155 nolam.

262 1175 491 1264 Χροσοστόμου.
501 1172 581 1264 Ὅρα
595 1178 698 1238 αὐτῶν
713 1173 773 1248 ria
789 1174 967 1239 κακίανκαὶ
1060 1181 1270 1251 Cnausosraru.
1286 1188 1360 1256 Vide
1379 1208 1479 1256 aarum
1500 1194 1663 1278 nequitiam
1678 1195 1724 1262 rel
1738 1194 1768 1261 in

219 1284 250 1346 ἐν
274 1280 486 1370 αἰχμαλωσίᾳ·
511 1279 587 1344 τότε
610 1281 769 1344 κοινωνίαν
791 1278 912 1370 θέμενοι
935 1285 965 1346 ἐν
1021 1287 1211 1368 captivitate:
1230 1299 1290 1356 ium
1305 1290 1426 1358 interae
1440 1296 1673 1363 communionem
1688 1297 1766 1381 pacti

218 1381 260 1473 τῇ
286 1397 344 1462 τῆς
368 1387 523 1477 ἁμαρτίας
546 1379 665 1476 πράξει,
682 1395 740 1463 τῆς
756 1387 865 1462 κακίας
881 1391 967 1453 ἑποι-
1020 1390 1058 1458 de
1069 1402 1187 1475 peceato
1200 1395 1420 1482 committendo,
1434 1401 1572 1468 Iaeineris
1585 1403 1766 1488 experimen·

219 1503 311 1559 οῢντο
334 1495 458 1584 ἔρευναν
482 1497 626 1582 ἐπιμελῆ.
981 1493 986 1503 “
1022 1507 1084 1564 lum
1104 1501 1206 1567 sedulo
1226 1505 1493 1589 investigaverunt.

263 1599 341 1664 xlv.
355 1599 399 1663 lh.
411 1619 441 1662 ο.
455 1599 503 1663 ln.
514 1601 575 1665 Καὶ
587 1600 709 1692 ἐγένετο
722 1605 753 1665 ἐν
765 1595 811 1686 πῷ
824 1626 968 1692 παρατη-
1061 1607 1137 1674 xlv.
1159 1628 1191 1676 v.
1214 1611 1262 1676 ln.
1284 1610 1327 1676 Et
1344 1611 1457 1695 saciant
1470 1617 1521 1695 σοί,
1537 1614 1606 1680 datm
1626 1615 1774 1684 alaman.

222 1719 282 1798 ρεῖν
308 1707 419 1782 αὐτοὺς
442 1705 561 1797 ἡμέραν
587 1704 719 1770 εὔθετον.
750 1704 811 1770 Vel.
828 1708 917 1782 late,
936 1709 964 1772 3.
1020 1719 1083 1778 ναοί
1102 1715 1177 1779 aliam
1198 1723 1308 1800 aptam.

265 1813 459 1880 Ἱππολύτου.
484 1816 579 1878 Ποίαν
605 1811 740 1892 εὔθετον,
766 1817 838 1880 ἀλλ’
862 1815 881 1889 ἢ
908 1817 966 1892 τὴν
1061 1821 1226 1888 limnonnrr.
1249 1824 1345 1904 Quem
1366 1844 1451 1909 parre
1473 1837 1593 1911 aptum,
1615 1827 1670 1893 nisi
1691 1827 1769 1895 (liam

219 1931 275 1988 τοῦ
299 1919 418 2010 πάσχα,
437 1925 467 1987 ἐν
485 1915 504 2006 ᾗ
524 1920 578 1984 καί
600 1921 638 1985 τὸ
661 1921 791 2012 λουτρὸν
815 1925 846 1987 ἑν
870 1947 968 2013 παροι-
1021 1929 1148 2013 paschae,
1161 1931 1260 2015 inqua
1274 1944 1394 2016 paratur
1409 1936 1606 2001 aestuantibus
1619 1937 1769 2008 lavacrum

220 2021 313 2114 θείσῳ
344 2039 408 2104 τοῖς
439 2025 639 2115 καυσομίνοις
670 2021 889 2116 ἑτοιμάζεται,
914 2028 968 2092 καί
1020 2034 1052 2098 In
1065 2037 1211 2119 paradiso,
1226 2046 1256 2104 et
1273 2039 1407 2106 Susanna
1421 2041 1527 2108 balnea
1541 2046 1693 2126 munditia,
1708 2043 1771 2111 Deo

222 2135 381 2204 Σουσάννα
398 2133 627 2224 ἀπολουομίνη,
642 2132 764 2224 καθαρά
779 2133 881 2225 νύμφη
896 2129 966 2221 Θεῷ
1020 2159 1094 2224 pura
1116 2161 1224 2226 sponsa
1244 2145 1385 2213 sintitur‘t

220 2243 432 2332 παρίσταται;

265 2347 327 2412 XV.
342 2346 388 2410 lb.
405 2345 585 2422 Εἰσῆλθεν...
596 2346 683 2436 μετά
694 2339 748 2412 ito
766 2347 865 2437 μόνων
877 2372 968 2442 κορα-
1061 2355 1122 2423 XV.
1145 2356 1281 2440 leprosae
1301 2363 1345 2424 εεί
1361 2377 1425 2423 carm
1443 2359 1516 2426 εοίιζν
1529 2360 1639 2428 amita
1653 2361 1767 2446 patellae,

222 2459 304 2533 σίων,
329 2455 383 2520 καί
405 2453 581 2543 ἐπεθύμησε
603 2453 774 2520 λούσασθαι
789 2459 820 2521 ἑν
836 2465 882 2540 τῷ
905 2480 968 2522 πα-
1022 2462 1164 2548 veIttt'tpttt
1185 2464 1282 2532 Ieeert'
1299 2467 1329 2531 t'tt
1348 2468 1501 2552 paradise.

228 2555 368 2655 ραδείσῳ.
399 2561 459 2626 Vat.
482 2560 520 2624 ib.

261 2675 344 2735 Ἱππ.
369 2669 474 2734 Ἡνίκα
496 2667 556 2761 γὰρ
580 2667 617 2733 ἂν
639 2669 678 2734 τὸ
701 2665 967 2742 assimiliaris
1062 2677 1170 2762 Esaia.
1186 2680 1312 2761 Quando
1325 2652 1405 2747 enim
1419 2681 1550 2748 lleclasitt
1569 2699 1606 2748 ex
1625 2701 1707 2750 mare
1720 2704 1770 2752 eu·

221 2777 434 2868 τνευματικὸν
452 2771 585 2864 ἐπιθυμῇ
601 2769 709 2840 λαθεῖν
724 2776 854 2866 λουτρὸν
875 2781 894 2849 η
920 2779 970 2840 ἐκ·
1023 2786 1067 2871 pit
1081 2787 1231 2870 spirituale
1246 2788 1393 2856 lavacrum
1412 2791 1553 2873 recipere,
1569 2800 1684 2875 opertet
1703 2810 1769 2860 eam

223 2887 352 2972 κλησία,
376 2878 408 2962 ἐξ
433 2884 571 2974 ἀνάγκης
594 2883 696 2970 ταύτῃ
723 2875 777 2948 δύο
803 2875 969 2960 παιδίσκας
1023 2893 1097 2959 duas
1116 2897 1280 2963 necessario
1294 2897 1404 2964 hahere
1423 2899 1547 2966 ancillas
1561 2900 1768 2986 pedissequam

223 2984 274 3059 δεῖ
302 2989 557 3084 παρακολουθεῖν·
581 2982 633 3057 διὰ
655 2989 716 3082 γὰρ
746 3001 805 3067 τῆς
835 2993 968 3068 πίστεως
1024 3021 1076 3085 per
1096 3003 1182 3069 Iidem
1203 3003 1282 3070 anim
1303 3001 1334 3069 in
1354 3004 1515 3086 christum,
1537 3024 1649 3091 perque
1668 3007 1770 3073 ahari-

222 3111 281 3178 τῆς
306 3106 348 3178 εἰς
372 3101 513 3190 Χριστὸν,
538 3098 591 3164 καί
614 3090 665 3164 διὰ
688 3108 746 3174 τῆς
763 3097 887 3190 ἀγάπης
911 3109 968 3174 τῆς
1025 3118 1115 3176 tatem
1136 3110 1168 3175 in
1188 3111 1293 3193 ileum,
1309 3112 1384 3178 laetu
1405 3113 1598 3196 eonlessione,
1620 3113 1771 3180 lavacrum

222 3209 296 3300 πρὸς
319 3209 374 3275 τὸν
398 3208 477 3274 Θεὸν
502 3199 657 3295 λαμθάνει
680 3206 718 3270 τὸ
742 3206 873 3296 λουτρὸν
896 3209 970 3296 ὁμο-
1023 3217 1160 3303 suscipit,

223 3320 360 3407 >tapetium
382 3320 402 3390 al
428 3316 588 3387 ἐκκλησία.

269 3421 345 3486 xvi.
369 3419 415 3484 lb.
428 3420 503 3488 Ὅτι
526 3430 632 3510 καῦμα
655 3416 702 3494 ἦν.
1064 3430 1141 3496 xvi.
1166 3430 1307 3508 Quoniam
1327 3438 1421 3496 οιείιιι
1441 3439 1513 3496 erat

269 3527 497 3620 Ἀτολιναρίου
522 3526 745 3618 Ἀπολογεῖται
769 3529 785 3590 ὁ
808 3526 989 3616 προφήτης·
1065 3541 1241 3604 laeummu.
1267 3538 1378 3603 luetur
1405 3555 1522 3604 caumm
1543 3539 1685 3604 Susanna
1706 3555 1772 3622 pra-

224 3635 299 3726 ὑπὲρ
312 3647 370 3712 τῆς
385 3635 570 3727 Σονσάννηρ.
580 3633 629 3698 ὅτι
638 3633 828 3722 συνεχομένη
843 3633 903 3698 ὑπὸ
914 3644 970 3698 τοῦ
1025 3645 1126 3729 pheta,
1143 3645 1221 3730 qunti
1234 3655 1305 3712 astu
1318 3657 1463 3729 sarrepta,
1481 3645 1575 3711 lavari
1588 3645 1700 3726 voluit;
1721 3662 1773 3711 ns

224 3742 396 3832 καύματος,
420 3742 557 3817 ἠθέλησε
580 3738 760 3818 λούσασθαι,
784 3740 838 3805 καί
861 3745 895 3804 οὺ
920 3732 971 3805 διὰ
1025 3770 1083 3836 que
1104 3743 1222 3837 pro'pter
1241 3753 1466 3834 immodestiam,
1486 3763 1519 3819 ut
1539 3754 1634 3819 soluta
1655 3752 1770 3834 mulier,

225 3844 369 3928 ἀταξίαν,
391 3851 495 3940 ὥσπερ
518 3839 703 3939 περθομένη·
720 3846 804 3921 πλὴν
820 3838 971 3938 ὕπανδρος
1025 3879 1116 3944 quum
1136 3861 1195 3926 sub
1215 3860 1280 3926 vira
1300 3870 1389 3941 esset,
1409 3861 1493 3926 sicuti
1514 3861 1671 3927 Bersabee.
1686 3862 1770 3928 Haud

225 3953 274 4034 ἦν.
290 3962 366 4034 <itti
386 3950 546 4049 Bapaassai.
563 3953 716 4047 Παρθένον
731 3953 791 4046 γὰρ
808 3959 863 4018 0²3²
882 3956 970 4043 ἴσμεν
1025 3971 1103 4035 enim
1124 3968 1272 4051 virginem
1286 3969 1424 4034 nouimus
1438 3970 1587 4035 lavantem
1601 3988 1634 4034 se
1648 3977 1700 4034 aut
1719 3988 1772 4035 nu·

226 4061 525 4153 ἀπολουομίνην,ἣ
556 4060 854 4153 ἀπογνμνονμένην,
877 4067 918 4137 ὡς
944 4067 972 4126 0!
1025 4077 1163 4154 dantem,
1184 4074 1229 4139 uti
1250 4075 1358 4140 docent
1383 4075 1510 4142 Parasiti
1537 4075 1616 4160 apud
1643 4077 1773 4158 Lampa-

226 4173 409 4261 Δαμπετίου
433 4170 606 4260 Παράσιτον
629 4159 834 4233 διδάσκουσιν.
1026 4183 1110 4249 tium,

270 4277 362 4343 XVII.
378 4277 422 4341 Ib.
438 4297 467 4341 η.
484 4278 533 4340 18.
551 4276 612 4341 Καί
627 4270 710 4341 εἶπεν
725 4285 790 4352 τοῖς
811 4276 972 4365 κορασίοις·
1065 4288 1154 4356 XVII.
1175 4307 1207 4352 v,
1231 4289 1282 4353 18,
1301 4287 1435 4372 Dittt'lpnr
1447 4286 1565 4371 puellis:
1578 4287 1688 4372 Aperta
1704 4287 1776 4352 mili

226 4383 395 4477 Ἐνέγκατε
408 4375 445 4458 δή
466 4407 518 4472 μοι
534 4383 637 4448 ἔλαιον
654 4381 708 4446 καί
720 4381 906 4474 σμήγματα,
920 4382 973 4446 καί
1026 4395 1119 4461 aleam
1140 4399 1345 4478 cisinianum,
1361 4395 1476 4460 atoatiu
1487 4394 1624 4478 paradisi
1638 4393 1772 4474 ιίσνιίὶίι,

225 4491 282 4568 τάς
305 4490 395 4581 θίιρας
419 4501 475 4556 τοῦ
498 4482 687 4580 παραδείσου
711 4490 871 4576 κλείσαιτε,
891 4489 972 4566 ὅπως
1026 4509 1060 4568 ut
1078 4503 1166 4569 laver,

225 4596 395 4686 λοθσωμαι.
427 4595 487 4659 Vel.
511 4596 600 4674 tati,
624 4596 652 4657 i.

260 4789 331 4848 XIII.
353 4792 448 4861 tpauata
467 4789 538 4843 mala
557 4790 615 4848 cod.
636 4807 715 4847 unus.
1064 4781 1136 4836 xvi.
1158 4781 1225 4844 Quis
1247 4777 1337 4834 solvet
1358 4779 1498 4850 adagium,
1518 4780 1578 4832 aive
1596 4779 1720 4848 aenigma
1738 4779 1773 4834 da

262 4882 339 4938 niv.
359 4879 497 4950 καιομένοις
517 4879 579 4933 add.
597 4909 633 4922 —
651 4875 799 4932 Paaehalia
823 4875 972 4948 patefiunt.
1031 4870 1169 4939 Lampsili
1179 4867 1339 4922 Parasitia?
1352 4865 1422 4922 siler
1432 4865 1542 4930 suidas,
1554 4869 1596 4919 lat
1607 4865 1774 4936 proverbio·

261 4973 325 5028 XV.
346 4975 412 5022 κατὰ
425 4971 522 5029 animia
537 4969 597 5024 add.
607 4997 643 5010 -
652 4969 757 5039 ίσιουμῇ
775 4969 875 5035 λουτρὸν
888 4960 974 5017 λαθεῖν
1029 4974 1090 5012 rum
1104 4956 1192 5010 ferax.
1206 4956 1249 5010 An
1263 4970 1363 5009 nomen
1377 4970 1478 5007 novum
1493 4952 1644 5008 adalandum
1662 4957 1704 5005 ast
1716 4969 1775 5006 arn-

227 5059 278 5115 iitl.
292 5059 396 5114 omisso
408 5061 584 5130 πνιυματικίν,
597 5074 629 5111 aa
641 5055 725 5112 simul
737 5061 834 5128 aperto
846 5058 975 5126 reapeelu
1029 5046 1156 5118 plitssimo
1170 5046 1341 5116 implentum
1356 5047 1383 5098 el
1395 5043 1565 5098 comicorum
1586 5041 1691 5115 syllaba
1702 5041 1776 5112 apud

202 5122 204 5128 Ι
226 5149 260 5202 ad
288 5149 466 5218 baptismum.
486 5177 521 5190 -
540 5146 566 5208 ἐξ
591 5149 702 5218 ἀνάγκης
726 5161 814 5215 unqua
839 5150 867 5197 in
893 5145 974 5196 finem
1029 5133 1204 5190 Fabriciumt
1217 5163 1253 5176 -
1270 5133 1324 5190 Sad
1343 5133 1382 5189 el.
1402 5132 1519 5188 Photiua
1538 5133 1567 5186 in
1579 5132 1641 5188 eod.
1656 5145 1682 5186 nr
1696 5130 1773 5226 Bait:

226 5253 281 5292 om.
307 5235 328 5291 l.
1065 5224 1153 5278 xvii.
1165 5224 1308 5295 σμὴγριιιτιι
1317 5221 1370 5276 duo
1381 5220 1460 5276 codd.
1470 5226 1595 5291 utsupra
1604 5221 1681 5276 V.-
1691 5213 1746 5270 aaa·
1760 5233 1776 5268 ιι
