4038 6088
811 462 1122 530 insuaucrtonbn
1144 462 1326 529 nucflnnll

614 743 641 816 Ι.
667 743 718 814 De
742 739 958 815 Hebreornrn
981 743 1164 816 nominum
1186 740 1518 835 sionifiooio‘onibua.

330 942 461 1018 Adonai,
483 937 514 1002 iu
535 937 658 1003 latinum
678 937 830 1019 significat
849 938 999 1004 Dominus.
1129 943 1225 1019 Aper,
1247 937 1374 1017 advena,
1396 938 1445 1004 rel
1467 955 1620 1006 converse.

332 1047 364 1127 [l.
381 1047 430 1129 dli]
448 1051 585 1123 Sabaoth,
599 1045 780 1112 exercituum
795 1045 861 1111 sive
877 1046 1032 1126 virtutum,
1130 1049 1250 1110 Souanoi
1265 1045 1298 1124 τ),
1318 1043 1432 1110 auditio
1450 1045 1516 1111 Dei.

289 1162 351 1231 aut,
373 1163 406 1218 ut
425 1153 516 1236 aliqui
537 1152 643 1219 nolunt
657 1153 697 1237 ¹),
718 1154 769 1220 rel
789 1154 992 1236 Omnipotens.
1129 1151 1485 1231 reineresbrunnen
1500 1151 1700 1235 ⁸)utquidam
1716 1160 1835 1236 putent,

327 1257 403 1339 1118,
425 1258 572 1327 Salvator.
1087 1256 1163 1342 ideo]
1186 1260 1230 1324 sic
1249 1259 1426 1344 appellatus,
1447 1259 1518 1343 quia
1542 1259 1630 1326 Sarra
1651 1259 1760 1341 riserit,
1781 1259 1837 1325 sed

329 1372 493 1455 Nomen,
513 1377 644 1433 sanctus.
1086 1366 1165 1449 quod
1178 1364 1340 1447 Abrabam,
1356 1365 1408 1450 qui
1431 1375 1501 1434 tunc
1522 1367 1622 1451 utique
1638 1361 1670 1448 [l.
1687 1367 1738 1448 dl]
1755 1367 1837 1451 prior

327 1479 466 1552 Messias,
487 1483 603 1551 unctus,
627 1473 656 1538 id
677 1481 721 1538 est
740 1472 887 1538 Christus.
1087 1471 1211 1548 risisset,
1233 1470 1388 1537 iudicatur.

330 1585 473 1659 Minici,
494 1580 585 1664 qui[s]
606 1579 684 1646 siout
703 1579 806 1646 Deus‘l
1126 1585 1264 1658 Rebecca,
1280 1579 1433 1661 patientia,
1446 1580 1513 1647 sire
1526 1599 1594 1664 qua
1607 1581 1732 1647 multum
1745 1583 1768 1662 ⁰)
1785 1598 1836 1646 ac-

331 1695 483 1769 cacani,
506 1687 644 1754 lortitndo
665 1687 731 1753 Dei.
1087 1686 1235 1770 ce[perit].
1419 1743 1428 1760 ,

327 1801 468 1874 Rofabel,
490 1793 612 1860 nuntius
632 1793 699 1859 Dei.
1126 1798 1225 1860 Iacob.
1245 1792 1461 1882 subplantator.

267 1941 269 1946 ·
329 1905 448 1984 [Uribel
468 1901 600 1981 cognitio
620 1901 687 1982 Dei]
705 1903 741 1983 ¹).
1127 1907 1235 1968 Srobcl
1247 1905 1294 1982 ¹⁰),
1316 1902 1363 1967 vir
1383 1901 1487 1969 ridens
1507 1901 1612 1969 Deum.
1710 1947 1713 1956 ·

326 2017 437 2091 Adam,
459 2010 545 2076 homo
566 2010 632 2076 sire
652 2009 799 2092 terrigena
814 2011 850 2090 8).
1127 2015 1241 2094 Rauen,
1262 2009 1357 2076 ndens
1372 2009 1459 2096 filios,
1475 2010 1541 2076 sive
1553 2009 1659 2076 ridens
1675 2009 1707 2074 in
1727 2009 1834 2076 medio.

325 2124 404 2196 Eoo,
417 2116 493 2198 rita,
505 2116 745 2182 sirecalamitas.
759 2115 941 2183 llirorunde
954 2118 1032 2200 apud
1105 2123 1255 2194 almeon,
1277 2117 1402 2183 audiens
1417 2121 1454 2196 ιι)
1476 2116 1622 2182 tristitias.

286 2224 417 2290 Hebreos
437 2222 640 2306 interpretatio
655 2222 742 2307 bujus
759 2221 887 2288 nominis
909 2233 969 2288 tam
989 2225 1033 2290 di·
1127 2230 1213 2304 Lern,
1234 2223 1399 2306 adpositus,
1420 2223 1486 2290 sire
1505 2223 1635 2290 additus.

286 2349 372 2398 nerse
383 2332 434 2412 sit;
443 2332 501 2397 uisi
514 2332 587 2397 torte
598 2331 664 2397 ideo
677 2331 756 2415 quod
766 2333 868 2398 eadem
880 2342 910 2398 et
919 2333 1032 2399 edendo
1127 2336 1221 2408 Jndc,
1243 2332 1397 2411 confitens,
1420 2331 1484 2397 sive
1504 2331 1681 2414 glorificans.

287 2440 399 2506 homini
412 2440 507 2506 ritem
520 2439 670 2518 adtulerit,
682 2447 713 2504 el
729 2440 973 2523 transgrediendo
985 2460 1033 2507 ca·
1127 2444 1266 2518 Zabulon,
1287 2437 1490 2504 habitaculum
1508 2437 1751 2523 pulchritudiuis.

287 2548 468 2628 lenitatem
491 2558 541 2612 ant
561 2547 641 2630 quod
662 2547 767 2614 mulier
793 2548 859 2615 aliis
888 2549 1032 2617 interdum
1127 2552 1263 2626 Isocbnr,
1283 2558 1329 2614 est
1348 2565 1459 2614 meroes
1472 2549 1518 2628 ιΙ).

286 2655 363 2734 rita,
386 2655 453 2718 aliis
472 2663 519 2720 est
538 2655 700 2734 calamitas.
1126 2661 1210 2735 Dan,
1228 2655 1380 2739 judicium,
1403 2666 1456 2724 aut
1473 2657 1619 2739 iudicans.

328 2767 411 2841 Abel,
432 2763 539 2846 luctus,
566 2763 625 2844 [rol
646 2763 882 2847 mianbilisps).
1128 2767 1217 2839 Gna,
1240 2763 1402 2848 temptatio.

329 2871 417 2950 Onia,
438 2871 595 2954 possessio,
617 2871 667 2936 vel
691 2871 896 2953 [tamennon.
1126 2875 1212 2950 Aser,
1234 2870 1368 2952 latitudo,
1389 2871 1455 2940 sire
1475 2873 1590 2940 heatus.

326 2983 439 3056 Enoch,
460 2977 617 3044 dedicatio.
1126 2973 1287 3056 Neptcllm,
1307 2987 1527 3046 conversantes.

325 3091 542 3164 Mntbasolnm,
564 3096 771 3168 mortuoram,
793 3098 824 3154 ct
842 3088 935 3154 misit.
1125 3089 1297 3164 Responsio,
1318 3084 1396 3150 lilius
1416 3084 1553 3155 dextera.

326 3199 399 3271 Noe,
420 3192 548 3276 requies.
1090 3219 1094 3226 ·
1124 3197 1257 3271 Efroien
1279 3192 1410 3277 frugiter,
1427 3195 1492 3262 sive
1505 3195 1635 3275 ubertas,
1650 3193 1699 3260 rel
1712 3195 1831 3275 lugen-

326 3307 403 3382 Sem,
425 3302 602 3368 nominatus.
1084 3297 1145 3364 tius
1165 3301 1256 3366 latine
1268 3305 1315 3380 18).

327 3413 431 3489 Oltam,
452 3409 586 3476 callidus.
1125 3413 1280 3490 Menosca,
1301 3409 1418 3475 oblitus.

328 3518 453 3598 Ναΐα),
474 3515 611 3597 latitudo]
628 3517 664 3596 δ).
998 3562 1007 3574 .
1123 3517 1219 3593 Esca
1241 3515 1350 3582 rubeus
1363 3519 1412 3596 ¹⁴),
1434 3515 1498 3582 sire
1518 3534 1643 3584 acervus
1664 3514 1807 3600 lepidum.

327 3629 414 3700 Loth,
436 3621 600 3702 declinans,
622 3624 687 3688 sire
707 3623 813 3690 rictus.
1125 3625 1252 3712 medor,
1273 3624 1413 3703 tenebra,
1428 3623 1477 3689 rel
1497 3640 1604 3689 meror.

325 3732 531 3804 Mdobisedeir,
552 3743 602 3790 rer
619 3726 729 3810 justus.
1125 3734 1190 3805 Job,
1212 3747 1348 3812 magnus,
1370 3730 1419 3795 vel
1439 3729 1552 3795 dolens.

324 3840 448 3913 Abram,
470 3844 555 3916 paler
574 3833 716 3900 excelsus.
1123 3841 1275 3918 Anniecb,
1296 3837 1421 3922 populus
1440 3837 1584 3904 lambens.

323 3947 488 4020 Abaton,
509 3948 593 4024 paler
612 3940 720 4008 ridens
742 3943 956 4027 populumne}
978 3963 1026 4031 pa·
1123 3951 1243 4025 Moesos,
1266 3945 1441 4029 adsumptio,
1463 3946 1513 4010 rel
1534 3943 1639 4012 liniens
1652 3950 1699 4024 ¹³).

285 4060 328 4114 ter
349 4048 505 4114 multarum
526 4049 671 4132 gentium.
1123 4055 1241 4131 Aaron,
1262 4071 1345 4118 mous
1366 4051 1556 4119 tortitudinis.
1642 4093 1644 4098 .

323 4163 424 4238 Sorai,
445 4159 581 4242 princeps
596 4165 620 4238 l)
643 4161 743 4240 [mea].
1124 4157 1827 4243 Ptarao,denudanseum,siredissipatorejus.

323 4271 429 4345 Sanc,
451 4266 589 4351 princeps
612 4267 762 4347 [excelsrl.
1084 4265 1155 4348 [Sed
1171 4272 1208 4347 ¹⁸)
1224 4266 1338 4336 Pharao
1354 4286 1457 4333 nonen
1472 4276 1590 4333 estnon
1610 4267 1759 4350 hominis],
1776 4267 1828 4336 sed
1875 4263 1886 4284 ⁰

321 4493 342 4554 1)
357 4499 407 4544 aut
417 4499 451 4546 ut
463 4490 557 4562 aliqui
568 4491 679 4558 colant,
694 4488 753 4545 fere
765 4507 845 4546 erasa
855 4493 939 4548 rerba
951 4499 1027 4550 sunt.
1081 4493 1179 4560 erasit,
1192 4508 1255 4562 quer
1269 4491 1438 4563 nescioquis
1450 4492 1583 4548 barbarus
1595 4495 1745 4549 restituere
1762 4498 1824 4549 ten-

280 4611 316 4622 -
332 4580 355 4651 ²)
374 4577 487 4634 Inclusa
503 4580 563 4634 dire
582 4583 795 4652 expunguntur,
814 4583 950 4655 usquein
970 4585 1027 4642 ullo
1081 4582 1159 4638 terit.
1182 4610 1214 4620 -
1238 4581 1270 4651 ο).
1284 4578 1358 4634 idern
1379 4582 1468 4652 jussit
1490 4580 1585 4653 legere
1608 4585 1772 4640 multorum.
1790 4612 1824 4625 -

280 4669 336 4726 alio
354 4668 449 4726 codiee
461 4672 632 4740 comparent.
644 4699 680 4710 -
693 4673 717 4736 8)
733 4673 883 4743 terripina.
895 4701 930 4714 -
945 4679 968 4739 ⁴)
981 4673 1027 4730 lu·
1082 4678 1118 4737 ¹⁰)
1133 4670 1247 4726 Snabel
1258 4672 1333 4722 certe
1347 4666 1362 4724 1
1381 4685 1477 4742 menu3
1497 4675 1593 4744 portes
1605 4672 1628 4728 Τ
1642 4689 1729 4741 eraso,
1749 4673 1823 4728 led-

279 4759 351 4830 clpit
367 4772 459 4828 penna
472 4757 673 4830 Mercringles,
685 4774 747 4830 quae
766 4758 855 4815 multe
872 4761 901 4814 in
914 4761 1026 4818 hir-no-
1080 4761 1164 4828 ditnr,
1177 4761 1209 4812 ut
1226 4757 1277 4811 flat
1294 4757 1415 4816 Israhel.
1427 4760 1528 4816 Recole
1548 4763 1694 4835 premissa
1712 4781 1740 4836 p.
1758 4761 1822 4830 500,

279 4843 402 4899 minibus
421 4843 586 4914 exagitavit:
601 4859 633 4898 es
645 4846 718 4901 inter
730 4862 817 4902 uncos
829 4847 958 4903 claudere
974 4854 1025 4922 jd·
1080 4851 1138 4904 not.
1151 4845 1174 4904 l.
1183 4877 1217 4888 -
1233 4850 1268 4920 ¹¹)
1281 4849 1405 4905 Primum
1416 4852 1556 4908 audienti.
1567 4882 1602 4894 -
1616 4858 1651 4918 ¹²)
1667 4857 1777 4910 anneis
1790 4882 1825 4894 -—

279 4935 359 4988 verit.
383 4963 420 5004 -,
439 4938 463 4999 ⁵)
490 4932 602 4988 Lemma
623 4937 697 4990 inter
722 4952 819 4991 vernus
842 4953 924 4994 manu
943 4937 1026 5010 plene
1081 4939 1117 5011 ¹⁸)
1134 4938 1166 4992 In
1185 4939 1247 5011 ipss
1266 4938 1444 5011 [lugdunensi
1462 4941 1607 5013 provincia
1623 4941 1726 4996 celebri
1746 4939 1822 4997 cultu

278 5023 397 5078 barbare
414 5023 562 5095 adjectum.
580 5053 616 5065 -
635 5028 658 5088 ο)
675 5029 828 5095 prensens,
847 5027 890 5080 bis
909 5031 941 5082 ul
958 5026 1026 5087 alibi
1079 5027 1238 5085 celebratur
1256 5031 1285 5087 S·
1305 5031 1463 5104 Augentius
1483 5029 1567 5105 vulgo
1587 5032 1671 5089 Snr'nt
1693 5033 1777 5104 Oyen.
1789 5060 1824 5075 -

278 5110 439 5184 pluries.-
453 5117 475 5178 7)
487 5114 610 5184 Smaltel,
620 5113 737 5169 utlnlre
746 5115 867 5173 Strnbel.
877 5145 913 5158 -·
927 5123 950 5183 8)
961 5121 1026 5189 διορ-
1080 5116 1120 5191 ¹⁴)
1141 5119 1214 5174 tneo
1232 5120 1386 5177 oracionem
1404 5125 1554 5181 reterens.
1567 5153 1603 5167 -
1616 5130 1652 5190 15)
1671 5125 1762 5182 Anus
1781 5125 1823 5178 le-

278 5201 355 5262 tor-br
374 5203 474 5257 iterum
486 5205 696 5261 nonnullorum
709 5209 871 5276 opinionem
890 5207 1025 5264 radicitus
1079 5212 1171 5263 niens.
1184 5238 1218 5251 -
1234 5207 1273 5282 ¹⁶)
1289 5207 1400 5266 Inclusa
1418 5214 1510 5285 inepte
1529 5215 1559 5266 in
1578 5213 1690 5270 titulum
1708 5214 1822 5268 rubrum
