3976 6078
960 477 1080 548 XVIII

240 635 332 716 veri,
368 634 530 734 justique
569 635 724 715 tenaces,
760 634 844 722 quin
887 637 1007 704 tamen
1048 635 1155 704 iidem
1188 632 1263 703 sint
1296 633 1403 700 rudes
1440 633 1476 700 et
1504 629 1660 700 infantes
1699 632 1794 700 circa

240 757 359 844 prima
382 758 563 844 evangelii
589 758 768 828 elementa
793 761 829 826 et
852 758 930 844 ipsa
952 758 1035 826 fidei
1060 757 1276 827 christianae
1302 754 1554 825 fundamenta?
1578 757 1694 826 ita-ne
1714 755 1795 826 esti

242 878 332 946 Ecce
355 898 426 946 non
445 880 520 965 jam
538 878 582 946 ab
599 877 841 958 heterodoxis
861 879 924 946 sed
940 897 963 946 a
980 867 1114 947 nostris
1137 880 1174 946 et
1196 896 1218 946 a
1240 880 1403 944 ueterum
1423 897 1542 946 rerum
1556 881 1594 948 et
1611 878 1793 948 hominum

242 997 448 1077 cultoribus,
483 977 601 1064 coram
643 995 812 1074 Ecclesia,
849 997 1124 1082 expostulentur
1157 996 1392 1065 hutenicaeni
1429 998 1472 1065 de
1508 999 1596 1085 ipsis
1625 1000 1795 1068 doctrInis

154 1167 158 1172 .
242 1133 331 1201 quas
354 1135 473 1185 coram
498 1115 773 1200 imperatoribus
797 1114 949 1183 confessi
974 1117 1070 1183 sunt.
1097 1116 1332 1202 lnquiruntur
1354 1117 1397 1184 de
1414 1118 1574 1216 symbolo
1598 1122 1794 1205 quodcum

242 1254 368 1304 cruore
392 1235 612 1321 sigillarunt.
624 1232 831 1320 imbecilles
856 1235 890 1302 in
911 1253 950 1303 re
975 1235 1177 1320 dogmatica
1189 1237 1226 1303 et
1241 1235 1376 1304 tirones
1393 1236 1665 1308 conclamantur
1690 1243 1796 1310 vete-

242 1357 321 1421 rani
345 1373 367 1422 a
389 1352 485 1422 bello
508 1354 671 1431 reduces,
697 1352 853 1420 victores
878 1352 1130 1438 sophistarum,
1155 1355 1399 1439 cujuscunque
1417 1355 1620 1425 cacodoxiae
1641 1357 1795 1442 flagella.

243 1469 360 1539 Nullis
383 1471 590 1557 opinIonum
616 1471 874 1539 certaminibus
900 1470 1055 1558 impares
1079 1471 1237 1554 suerunt,
1256 1475 1293 1540 et
1311 1474 1432 1558 qualia
1451 1475 1648 1552 certamina
1666 1476 1795 1546 eraut?

242 1588 429 1658 Ullum-ne
454 1590 488 1655 in
507 1607 592 1658 aera
610 1590 807 1658 christIana
824 1590 996 1658 saeculum
1015 1589 1156 1676 peperit
1171 1591 1304 1658 erroris
1334 1595 1531 1662 monstrum
1557 1593 1795 1678 periculosius

243 1705 359 1794 quam
375 1708 577 1776 GnostIcam
598 1695 856 1775 immanitatem
872 1708 885 1774 t
904 1706 1073 1776 Ullus-ne
1093 1708 1254 1794 sophista
1278 1727 1433 1794 unquam
1454 1713 1613 1780 surrexit
1632 1710 1796 1782 infestior

244 1845 349 1913 quam
375 1825 501 1894 Celsus
518 1827 580 1893 aut
598 1825 844 1912 Porphyrius?
869 1823 955 1894 Esto
980 1826 1073 1911 quod
1091 1825 1324 1894 Valentinum
1348 1828 1586 1899 debellaverit
1608 1833 1791 1910 Irenaeus,

243 1942 486 2012 Crescenlium
512 1943 689 2022 lusimus,
710 1943 852 2012 Celsum
877 1941 1065 2029 Origenes,
1084 1926 1319 2029 Porphyrium
1340 1946 1553 2025 Methodius,
1570 1966 1695 2016 omnes
1710 1950 1798 2017 Ter·

243 2060 430 2146 tullianus;
455 2079 536 2141 nae,
562 2062 744 2147 usquead
781 2061 926 2128 Nicaena
959 2059 1104 2128 decreta
1121 2061 1174 2160 de
1198 2061 1269 2129 lieo
1298 2062 1374 2130 Uno
1407 2065 1444 2130 et
1465 2063 1585 2145 Trino,
1611 2065 1655 2133 de
1678 2063 1796 2133 Verbo

245 2181 435 2248 coaeterno
472 2183 509 2248 et
531 2178 843 2258 consubstantiali,
880 2179 924 2246 de
949 2175 1091 2245 Christo
1116 2176 1262 2246 Domino
1294 2181 1331 2247 et
1364 2179 1532 2249 Creatore
1562 2180 1795 2268 ineptiarunt,

245 2316 362 2385 neque
386 2297 526 2365 tantum
544 2296 580 2362 in
606 2296 767 2365 obscuris
787 2293 932 2382 angulis
950 2293 1108 2362 erratum
1129 2297 1195 2373 est,
1211 2296 1275 2362 sed
1299 2295 1522 2392 Antiochiae,
1545 2297 1796 2381 Alexandriae,

244 2418 390 2494 Romae,
416 2416 454 2482 et
476 2412 513 2480 in
537 2412 624 2498 ipsis
648 2411 791 2498 scriptis
816 2413 859 2478 ad
884 2411 1120 2498 Imperatores
1144 2410 1295 2480 solemni
1319 2411 1501 2498 legatIone
1526 2414 1665 2500 delatis,
1689 2419 1798 2504 atque

245 2533 324 2619 ipsa
347 2519 516 2599 audiente
536 2532 573 2597 et
596 2529 741 2614 legente
764 2529 953 2597 Pontificia
975 2531 1187 2615 majestate!

333 2648 479 2723 Verum,
505 2665 525 2715 o
549 2646 684 2732 superi,
710 2665 781 2714 non
806 2647 851 2714 de
873 2646 1053 2726 Patribus,
1074 2647 1138 2715 sed
1162 2647 1205 2716 de
1224 2650 1308 2728 Deo,
1335 2651 1378 2717 de
1398 2649 1554 2732 Christo,
1572 2652 1616 2721 de
1639 2653 1799 2724 Ecclesia

245 2765 375 2852 agitur:
400 2764 443 2832 de
467 2765 551 2844 Deo,
578 2763 637 2849 qui
663 2763 794 2831 nedum
819 2762 893 2831 orbi
920 2759 1123 2832 Christiano
1148 2763 1323 2845 illuxerit,
1348 2785 1414 2851 per
1438 2768 1508 2836 tria
1529 2769 1674 2838 saecula
1696 2773 1799 2839 teue-

243 2886 326 2953 bras
351 2882 520 2966 ingruere
543 2878 726 2959 toleravit3
753 2879 796 2947 de
817 2878 967 2958 Christo,
993 2880 1054 2966 qui
1090 2899 1200 2966 quum
1224 2882 1474 2966 promiserita
1503 2883 1636 2970 Spiritu
1665 2887 1798 2955 docen-

243 3003 324 3070 dam
350 3015 430 3068 esse
454 3015 595 3067 omnem
619 2995 825 3076 veritatem,
852 2995 1015 3065 doctores
1041 2997 1136 3083 ipsos
1160 2998 1366 3084 permiserit
1388 3000 1603 3084 gravissime
1623 3001 1718 3083 'falli;
1753 3004 1797 3071 de

245 3116 419 3197 Ecclesia,
446 3132 551 3201 quae,
570 3132 678 3199 quum
705 3111 824 3180 nullas
849 3132 1005 3199 unquam
1032 3113 1162 3183 interni
1187 3118 1307 3201 portas
1332 3119 1458 3184 contra
1481 3135 1559 3184 eam
1585 3119 1797 3204 praevalere

244 3235 419 3321 oporteat,
434 3232 505 3300 tria
529 3229 753 3318 exspectavit
772 3231 929 3311 saecula,
950 3233 990 3299 ut
1006 3233 1149 3301 taudem
1175 3251 1247 3302 non
1282 3231 1443 3301 vinceret
1475 3233 1610 3304 Ariana
1633 3235 1798 3323 impietas

240 3352 317 3436 jam
343 3349 558 3418 inveterata.

332 3465 467 3534 ‘foedet
489 3467 526 3533 et
548 3463 648 3532 dolet
670 3481 713 3533 ea
729 3465 910 3550 persequi,
928 3483 1030 3550 .quae
1048 3467 1159 3536 missa
1174 3468 1292 3540 lacere
1308 3474 1445 3559 primus
1469 3473 1610 3541 animus
1634 3476 1724 3540 erat.
1747 3473 1800 3541 hd

244 3583 369 3652 nostra
391 3582 485 3669 quod
510 3583 659 3668 spectat,
685 3581 716 3650 si
733 3600 846 3667 pauca
871 3585 907 3649 et
924 3582 1020 3652 levia
1044 3585 1214 3672 excipias,
1235 3605 1299 3655 suo
1320 3589 1397 3657 loco
1415 3591 1551 3670 notata,
1580 3589 1672 3657 nihil
1698 3589 1802 3658 luxe-

244 3700 375 3777 nimus,
400 3698 460 3768 vel
478 3699 515 3767 in
534 3697 700 3784 OrIgene,
725 3699 819 3784 quod
843 3697 1055 3768 delicatulas
1080 3720 1186 3771 aures
1212 3705 1377 3772 offendat.
1397 3707 1495 3775 Unus
1512 3709 1549 3776 et
1564 3706 1658 3774 alter
1673 3724 1801 3798 censo-

164 3836 167 3846 ·
244 3834 303 3886 res
326 3818 477 3886 Romani
500 3819 624 3885 nostra
647 3816 848 3902 expendere
869 3817 904 3884 iu
924 3834 1053 3887 severa
1076 3819 1283 3905 theologiae
1301 3823 1439 3890 trutina
1452 3824 1545 3909 J'ussi
1577 3828 1673 3890 sunt:
1704 3803 1799 3889 ¹unm

245 3933 474 4005 orlentalium
497 3933 739 4002 doctrinarum
773 3933 1014 4018 peritissimus
1038 3934 1243 4022 theologus,
1269 3939 1362 4005 alter
1392 3957 1516 4007 sacrae
1554 3936 1799 4023 inquisitionis

247 4052 362 4122 dictus
381 4051 615 4139 qualificator,
629 4051 672 4118 ¹in
685 4051 826 4121 Urbano
846 4052 1001 4139 collegio
1020 4054 1245 4139 dogmaticae
1262 4055 1468 4141 theologiae
1486 4054 1660 4123 emeritus
1678 4053 1800 4130 lector,

246 4170 349 4239 ambo
367 4170 545 4238 communi
570 4171 740 4255 suffragio
764 4174 888 4238 nostra
911 4188 991 4240 esse
1016 4171 1195 4240 innnocua
1217 4173 1458 4242 declararunt.
1481 4173 1589 4240 Plura
1613 4173 1643 4240 si
1664 4172 1744 4258 quis
1765 4175 1802 4240 et

247 4286 441 4356 minutiora
462 4289 507 4356 de
531 4287 687 4375 siuguIIs
711 4304 833 4356 sacrae
856 4288 1063 4374 theologiae
1086 4289 1231 4375 punctis
1255 4295 1292 4356 et
1315 4291 1475 4358 artIculis
1500 4289 1693 4376 optaverit,
1719 4307 1800 4356 eum

247 4423 433 4474 monemus
456 4408 497 4473 ut
531 4406 574 4474 ad
608 4389 911 4493 locupletissimos
935 4425 1055 4476 rerum
1090 4408 1362 4495 praecipuarum
1387 4409 1522 4478 indires
1547 4410 1662 4478 tribus
1696 4409 1800 4476 tomis

247 4508 426 4607 subjectos
449 4539 488 4590 se
511 4523 641 4590 bonum
667 4526 704 4592 et
726 4541 877 4609 aequum
903 4525 1065 4612 recipiat.
1092 4524 1115 4614 ¹)

305 5231 331 5298 l)
348 5232 394 5287 Sat
411 5234 528 5288 tortasse
548 5236 601 5290 erit
617 5235 692 5289 adire
710 5235 867 5288 breviorem
892 5232 996 5284 indico·
1048 5231 1118 5284 sldia
1135 5231 1300 5300 dogmatica,
1318 5247 1387 5300 quoe
1412 5247 1442 5287 ex
1462 5233 1519 5287 sola
1537 5233 1605 5288 clavi
1632 5235 1801 5291 llclitoniaoa

251 5316 306 5371 lum
318 5316 352 5370 ad
370 5316 471 5370 calcem
485 5317 565 5384 hujus
577 5319 654 5386 tomi,
669 5318 693 5370 ln
705 5328 760 5385 quo
772 5315 933 5369 exhihentur
947 5313 1010 5366 sub·
1058 5312 1218 5368 deriventur
1235 5325 1263 5378 p.
1281 5315 1335 5367 tls.
