3976 6078
294 454 310 520 t
932 453 963 518 S.
988 452 1197 522 ttutttotts

291 609 346 699 μέν
364 609 385 698 ¹)
404 612 507 673 αὐτῶν
525 609 574 674 ’ίνα
591 597 758 698 φαιδρυνθῇ
787 599 837 674 διὰ
853 619 911 686 τῆς
930 601 1042 700 χρύας,

289 721 305 780 b
330 709 363 781 δὲ
388 718 437 781 tva
460 715 593 802 τονωθῇ,
618 708 669 782 διὰ
693 727 750 794 τῆς
776 719 888 804 βαφῆς.

333 823 367 886 ‘ll
383 814 417 888 δέ
441 823 590 913 σύμπασα
606 834 646 915 γῆ
666 817 791 914 ὄμύροις
807 824 860 888 καὶ
876 836 1032 912 ποταμοῖς

287 930 427 1010 λούεται,
444 932 498 996 καί
520 931 696 1020 λουσαμένη
716 936 819 1007 καλῶς
838 942 1035 1024 γεωργεῖται.

288 1041 419 1129 Ὁμοίως
443 1040 538 1114 seiri
566 1040 764 1132 Αἰγυπτιακὴ
787 1051 828 1132 γῆ
854 1040 1031 1129 λουσαμένη

287 1158 424 1240 ποταμῷ
456 1147 647 1221 πληθύνοντι
671 1143 756 1228 αύξει
789 1149 843 1238 μέν
867 1152 905 1215 τὸ
932 1151 1031 1228 λήῖον,

286 1265 408 1352 πληροῖ
429 1250 463 1324 δέ
486 1259 540 1324 τὸν
566 1257 697 1346 στάχυν,
722 1258 940 1350 ἑκατοντάχοα
954 1262 975 1342 2)
1001 1252 1034 1325 δὲ

285 1378 422 1459 γεωργεῖ
444 1357 496 1430 διὰ
519 1370 617 1429 καλοῦ
642 1369 784 1455 λουτροῦ.

334 1473 434 1539 Ἀλλὰ
455 1473 517 1563 μήν
534 1472 587 1538 καὶ
604 1472 696 1549 αὐτὸς
713 1478 729 1536 b
747 1472 806 1564 ἀήρ
822 1472 950 1539 λούεται
965 1485 1033 1552 ταῖς

284 1589 347 1644 τῶν
371 1572 514 1668 ψεκάδων
537 1590 762 1668 καταπομιταῒς
773 1581 803 1656 ³).

330 1688 463 1752 Λούεται
487 1687 540 1752 καί
563 1693 582 1758 ή
609 1697 672 1752 τῶν
695 1680 818 1778 ὄμύρων
843 1689 950 1780 μήτηρ
973 1713 1032 1754 πο-

287 1792 425 1870 λυανθής
455 1789 510 1885 ἶρις
535 1793 572 1882 ⁴),
604 1793 722 1858 ὁπόταν
754 1793 838 1859 κατὰ
870 1795 1031 1885 ῥευμάτων

286 1899 431 1988 κυρτώσῃ
466 1899 645 1991 ποταμοὺς,
675 1893 845 1993 ὑδραγωγῷ
876 1901 1031 1991 πνεύματι

284 2007 556 2096 προσιαλουμένη.

325 2119 361 2177 Εἰ
374 2105 408 2179 δὲ
422 2114 517 2202 βούλῃ
533 2113 575 2180 τὰ
589 2113 717 2204 οὺροίνια
730 2112 903 2180 θεάσασθαι
917 2117 1031 2198 βαπτι-

282 2214 408 2309 ζόμενα,
427 2219 586 2310 ἑπάχθητι
602 2230 655 2286 νῦν
671 2221 721 2286 ἐπὶ
737 2223 791 2287 τὸν
808 2221 955 2298 ὠκεανὸν,
972 2225 1024 2285 κά-

282 2338 333 2392 κεῖ
355 2351 402 2392 σοι
426 2319 516 2407 δείξω
534 2327 636 2417 θέαμα
653 2329 768 2394 καινόν·
792 2329 929 2420 πέλαγος
953 2332 1029 2393 ἀνα-

281 2435 500 2525 πεπταμένον,
525 2436 579 2500 καί
603 2436 764 2502 θάλασσαν
789 2437 950 2528 ἀόριστον,
975 2437 1028 2500 καί

281 2547 451 2634 ἀπείρητον
467 2544 569 2629 βυθὸν,
582 2546 635 2610 καί
649 2546 826 2635 ἀμέτρητον
839 2545 974 2610 ὠκεανὸν
991 2545 1027 2633 ⁵),

281 2652 335 2716 καὶ
351 2644 431 2743 ὕδωρ
447 2651 593 2743 καθαρὸν,
610 2654 649 2718 τὸ
666 2663 721 2716 τοῦ
738 2655 829 2728 ήλίου
848 2653 1027 2737 βαπτιστή-

283 2783 355 2850 ριον,
378 2760 431 2824 καί
454 2762 492 2825 τὸ
516 2771 579 2825 τῶν
603 2760 725 2850 ἄστρων
746 2762 955 2851 λαμπτήριον,
973 2760 1027 2824 καί

278 2869 316 2933 τὸ
332 2879 390 2944 τῆς
416 2869 550 2946 σελήνης
573 2869 715 2960 λουτρόν·
731 2868 769 2934 τὸ
787 2860 820 2934 δὲ
836 2877 900 2946 πῶς
916 2868 1026 2934 λούον-

276 2999 330 3040 ται
356 2986 522 3065 μυστικῶς,
545 2975 617 3067 παρ’
643 2980 718 3066 ἐμοῦ
744 2974 824 3066 μάθε
848 2979 871 3064 6)
898 2986 1024 3053 πιστῶς.

315 3083 419 3161 Ἥλιος
444 3083 510 3175 μὲν,
535 3075 679 3161 διανύσας
700 3087 721 3168 7)
745 3085 799 3150 τὸν
823 3096 881 3162 τῆς
905 3085 1023 3174 ἡμέρας

275 3183 389 3283 δρόμον
414 3195 549 3282 πυρίνοις
576 3192 756 3282 ἱππεύμασι,
772 3203 813 3278 τῇ
832 3184 1023 3283 περιδινήσει

272 3459 337 3497 reus
355 3445 383 3497 st
401 3446 564 3514 argenteus,
584 3441 613 3496 in
632 3459 713 3512 auro,
730 3453 905 3515 argentoque
924 3444 1022 3515 signa—

271 3535 327 3586 tus.
342 3561 376 3572 -
392 3537 414 3596 ¹)
433 3532 556 3595 Quatuor
568 3532 678 3602 quidem
693 3537 884 3600 recensentur3
898 3531 946 3585 sed
958 3549 1021 3586 cum

271 3623 327 3675 tris
346 3621 442 3692 priora
460 3621 518 3675 sint
536 3637 571 3674 ex
589 3619 712 3674 metallis
731 3619 897 3692 splendidis,
912 3637 944 3674 aa
962 3623 1023 3674 sin-

271 3709 408 3781 gulariter
418 3727 510 3764 sermo
521 3708 726 3782 complectitur,
738 3712 749 3762 b
761 3714 813 3780 μέν,
826 3712 865 3762 ἵνα
876 3713 1019 3783 perriparii,

268 3800 369 3871 quibus
388 3800 542 3870 opponitur
562 3799 778 3868 ferramentum,
799 3800 871 3870 quod
890 3801 918 3853 ln
938 3801 1021 3856 undis

267 3905 400 3956 mersum,
412 3904 467 3942 non
477 3886 638 3959 laevigatam
649 3891 756 3943 obtinet
770 3889 960 3960 superficiem,
971 3891 1020 3945 sed

267 3976 363 4031 duram
383 3977 471 4029 aciem
491 3975 611 4044 exacuit,
633 3977 644 4026 b
663 3979 697 4042 bi,
720 3977 759 4027 ἵνα
779 3979 886 4047 ravat&
907 3982 1018 4031 utrum-

267 4083 320 4137 que
339 4067 426 4120 attios
444 4066 579 4119 brevitate
598 4067 810 4138 perstringitur.
826 4097 858 4108 -
875 4071 898 4137 ²)
917 4069 1017 4119 ἑκατον-

265 4159 346 4222 τάχια
359 4157 393 4209 V.
412 4184 443 4196 -
458 4157 481 4226 ³)
494 4161 685 4226 καταπομπαῖς.
708 4157 793 4229 Cujus
807 4159 920 4228 optimas
941 4159 1018 4212 vocis

264 4245 311 4296 vix
333 4245 388 4297 erit
406 4243 565 4316 exemplum
589 4247 735 4300 vetustius.
757 4247 842 4300 Extat
860 4263 943 4301 sensu
962 4265 1015 4319 op·

263 4333 356 4402 posito
376 4334 524 4403 ἀναπομπή.
540 4363 574 4374 -
588 4337 611 4396 ⁴)
626 4336 675 4385 τῶν
689 4330 788 4404 ύμύρων
807 4336 890 4404 μήτηρ
910 4341 1017 4386 πολυαν-

262 4421 304 4482 tle
324 4418 378 4492 ἶρις,
393 4439 475 4494 quam
493 4430 576 4478 vocat
591 4423 742 4478 Humerus:
762 4421 808 4494 ἶρις
829 4425 949 4485 ἀελλόπος
970 4429 1016 4497 ἂγ-

262 4511 391 4582 γιλίουσα,
405 4511 436 4566 ll.
452 4528 531 4580 xxiv,
543 4511 589 4566 78.
605 4511 754 4567 Homerios
765 4529 831 4567 sans
846 4517 903 4567 tota
922 4513 1014 4584 ἔκφρο-

262 4621 313 4668 σις,
335 4618 386 4655 usc
411 4603 466 4655 nisi
492 4601 602 4672 poetica
621 4601 727 4658 scholia
751 4603 873 4674 patitur,
894 4602 1013 4656 utillud

262 4691 348 4762 Cycni
367 4691 551 4746 Nazianzeni:

296 4780 346 4836 Οἴη
367 4779 388 4830 δ’
410 4781 497 4833 barinto
517 4782 575 4834 κατ’
594 4781 663 4852 {ripae
683 4781 832 4849 ἐυδιόωντος,

296 4869 418 4940 ἀντομένη
438 4871 561 4943 νιιρίισσιν
579 4855 757 4942 δποιιρούστοις
777 4875 918 4944 πιριωγαῒς.

295 4965 366 5022 ἀκτίς
385 4962 476 5018 *balista
496 4964 632 5034 πολύχροον
650 4960 697 5034 ἶριν
718 4965 817 5030 itiones,

293 5055 361 5125 ἀμφὶ
380 5054 409 5105 δι’
427 5074 468 5124 μιν
487 5057 569 5111 πάντη
590 5056 749 5128 σελαγὶζιται
768 5056 866 5128 ἔγγυθεν
887 5053 967 5122 αἰθήρ,

292 5143 415 5196 ιιύιιλοισιν
434 5150 557 5198 πυκινοῖσι
576 5153 619 5199 scol
638 5147 720 5199 iterabo
739 5145 904 5216 λυομένοισι...

262 5233 295 5290 Ut
309 5234 413 5291 Phoebi
425 5238 535 5307 radius,
550 5240 658 5294 coelum
671 5255 735 5294 curn
747 5241 819 5309 {orte
832 5245 958 5303 serenet,

254 5441 270 5474 Ι

1092 607 1159 672 dem
1180 624 1262 690 pars,
1285 615 1320 672 ut
1339 605 1435 671 nitide
1454 602 1623 689 splendeat,
1647 621 1716 687 pars
1738 612 1839 669 autem

1091 705 1195 795 altera,
1217 733 1275 798 quo
1289 714 1384 796 magis
1404 713 1443 779 ab
1465 713 1649 779 immersione
1669 713 1837 780 roboretur.

1132 821 1276 886 Universa
1298 838 1370 886 vero
1391 829 1468 885 terra
1483 819 1627 885 imbribus
1647 829 1676 884 et
1697 819 1838 884 amnibus

1090 927 1210 1006 eluitur,
1233 929 1394 1012 ablutaque
1420 927 1530 1010 optime
1558 938 1669 992 aratur.
1694 926 1840 992 Similiter

1090 1037 1178 1100 etiam
1200 1038 1405 1121 AEgyptiorum
1424 1037 1519 1116 tellus,
1536 1036 1697 1101 abundanti
1714 1036 1839 1118 irrigata

1089 1141 1220 1224 tlumine,
1237 1155 1368 1228 segetem
1383 1154 1481 1228 auget,
1495 1155 1525 1209 et
1540 1146 1650 1227 spicam
1666 1143 1837 1227 amplificat,

1087 1268 1122 1314 ae
1142 1251 1300 1317 centesimo
1322 1253 1427 1330 fructu,
1443 1253 1520 1317 laeta
1536 1251 1710 1332 irrigatione
1734 1252 1836 1335 proba,

1087 1373 1161 1423 arva
1183 1358 1352 1441 locupletat.

1130 1467 1265 1549 Agedum
1286 1467 1376 1548 euim,
1394 1479 1424 1535 et
1443 1486 1494 1535 aer
1514 1467 1579 1552 ipse
1598 1468 1719 1535 lavatur
1739 1476 1839 1552 gutta·

1087 1594 1150 1639 rum
1172 1575 1342 1641 stillicidiis.

1126 1684 1256 1749 Lavatur
1276 1703 1391 1769 quoque
1411 1684 1478 1764 Iris,
1500 1683 1603 1749 tlorida
1619 1683 1753 1748 imbrium
1774 1701 1836 1748 ma·

1087 1800 1141 1867 ter,
1164 1793 1280 1875 quaudo
1302 1793 1388 1858 motis
1409 1793 1586 1872 turbinibus,
1606 1791 1717 1858 lluvios
1738 1791 1768 1855 in
1789 1807 1835 1854 ar·

1086 1917 1152 1962 eum
1175 1899 1270 1980 tollit,
1293 1901 1388 1966 exeita
1409 1919 1523 1966 sursum
1544 1900 1668 1984 spiritu,
1691 1915 1834 1982 aquarum

1085 2016 1216 2074 vectore.

1126 2115 1214 2182 Visne
1224 2124 1254 2181 et
1267 2116 1397 2182 celestia
1409 2115 1598 2199 contemplari
1611 2117 1757 2200 baptismo
1773 2113 1832 2179 tin-

1083 2221 1155 2286 otai
1176 2221 1322 2288 Evehitor
1341 2243 1419 2289 nuno
1439 2226 1600 2291 seeundum
1621 2225 1781 2302 Oceanum,
1800 2231 1833 2288 et

1086 2328 1139 2392 tibi
1161 2347 1271 2396 novum
1292 2331 1340 2396 hic
1353 2333 1503 2398 ostendam
1519 2332 1709 2398 miraculum:
1731 2348 1833 2413 equor

1082 2437 1208 2502 sublime
1219 2457 1390 2522 expansum,
1402 2451 1433 2506 et
1447 2441 1511 2506 sino
1526 2441 1584 2505 tine
1598 2441 1731 2523 pelagus,
1747 2448 1778 2503 st
1792 2437 1832 2502 ir·

1082 2547 1268 2612 remeabilem
1288 2549 1440 2633 abpssum
1456 2558 1487 2615 et
1501 2549 1563 2616 siue
1584 2565 1720 2614 mensura
1735 2547 1827 2611 Oeen-

1081 2673 1160 2732 num,
1174 2663 1205 2719 et
1226 2671 1332 2737 aquam
1349 2655 1544 2738 pellucidam:
1567 2674 1603 2720 cn
1621 2655 1674 2719 tibi
1692 2653 1762 2719 solis
1776 2653 1828 2717 ba·

1080 2761 1259 2842 ptisterium,
1286 2772 1317 2827 et
1342 2773 1486 2828 astrorum
1509 2762 1671 2842 lavacrum,
1693 2771 1723 2827 et
1749 2762 1827 2828 lunen

1081 2865 1226 2931 balneum.
1241 2867 1283 2932 Ea
1297 2887 1367 2935 roro
1381 2870 1459 2953 quod
1472 2871 1532 2953 jam
1547 2877 1632 2954 pacto
1647 2868 1772 2952 mystice
1786 2866 1830 2932 la-

1078 2983 1198 3051 ventur,
1214 2973 1304 3039 velim
1318 2993 1335 3040 a
1349 2994 1395 3042 me
1409 2976 1488 3042 fideli
1501 2977 1662 3061 interprete
1672 2976 1824 3041 edomare.

1117 3079 1261 3164 Equidem
1288 3081 1350 3162 sol,
1377 3081 1437 3148 disi
1466 3101 1583 3147 cursum
1611 3101 1678 3148 oum
1704 3082 1827 3165 perfecit

1078 3187 1171 3270 igneis
1189 3187 1432 3273 equitationibus,
1447 3187 1516 3253 dum
1531 3189 1656 3256 circuitu
1670 3200 1701 3256 et
1714 3190 1826 3272 impetu

1076 3439 1112 3494 ln
1122 3441 1822 3514 nubemincurrens‚omrtiquesroportsrepulsus,

1075 3527 1169 3602 Efficit
1181 3543 1213 3585 ut
1225 3533 1314 3586 soriis
1327 3530 1461 3584 distinato
1473 3531 1620 3584 solombria
1633 3531 1691 3586 Iris

1078 3623 1217 3678 Cornetus
1230 3623 1333 3688 subito,
1347 3631 1476 3691 totusque
1489 3622 1623 3693 effulgent
1634 3625 1732 3678 aether

1081 3709 1207 3776 Vicinus,
1220 3712 1368 3779 crebrique
1381 3711 1462 3766 orbes
1476 3720 1635 3766 noscuntur
1648 3721 1674 3766 et
1686 3729 1748 3766 una

1075 3799 1252 3856 intereunt...
1274 3801 1329 3854 BR.
1350 3804 1372 3855 t.
1392 3816 1422 3870 ιι,
1443 3798 1506 3857 235.

1110 3891 1156 3945 Sic
1169 3890 1228 3944 iera
1241 3889 1342 3958 bilius,
1356 3890 1428 3944 haud
1442 3892 1585 3960 inelegans
1599 3891 1751 3962 interpres,
1765 3890 1821 3944 nisi

1073 3979 1145 4052 quod
1164 3997 1190 4032 v.
1210 3977 1227 4030 d
1247 3978 1379 4049 frigidius
1399 3983 1428 4032 et
1443 3979 1534 4033 minua
1553 3983 1618 4050 apte
1636 3979 1736 4032 habeat
1751 3995 1821 4050 pro·

1072 4073 1150 4123 tinus
1163 4072 1287 4134 exsistat,
1300 4067 1398 4141 ἑλίσσει,
1410 4065 1483 4139 quod
1494 4069 1589 4122 statim
1600 4068 1819 4123 emendavimus.

1072 4155 1134 4210 Erit
1151 4158 1198 4228 qui
1217 4175 1243 4210 v.
1257 4155 1534 4228 2ιυε1ίιπεριανγαῖςε
1549 4155 1596 4208 sed
1612 4157 1713 4210 iterum
1733 4155 1819 4227 paulo

1071 4251 1134 4299 ante
1145 4246 1216 4300 idem
1227 4250 1303 4300 vates
1313 4245 1406 4313 habet,
1415 4265 1443 4317 p.
1451 4243 1549 4314 229,ν.
1557 4243 1603 4299 5οε
1615 4247 1693 4298 κείνου
1704 4248 1817 4318 repro-pp*

1071 4334 1198 4404 ρἰιζιῖμαι
1211 4336 1290 4390 illius
1303 4339 1409 4405 impetu
1421 4337 1528 4402 solvor,
1543 4337 1612 4388 utin
1621 4339 1741 4404 utroque
1754 4331 1817 4388 loco

1069 4425 1177 4495 πιριωγή
1192 4425 1230 4477 sit
1241 4439 1291 4493 pto
1304 4425 1457 4496 περιαγωγή.
1471 4453 1506 4464 -
1519 4423 1581 4492 ipre,
1592 4419 1661 4474 ὅποτ’
1674 4421 1728 4474 ἂν...
1743 4422 1817 4491 idps-

1069 4513 1137 4585 γώγσ
1159 4514 1191 4568 V.
1213 4512 1270 4565 alis
1288 4514 1315 4566 id
1331 4529 1418 4583 genus
1431 4515 1540 4568 omitto.
1555 4541 1589 4552 —
1604 4517 1627 4576 ί)
1642 4511 1757 4563 ὠκεανὸν
1779 4511 1814 4566 V.

1067 4607 1096 4655 et
1109 4603 1184 4658 inira
1193 4603 1315 4673 ineptius
1327 4604 1446 4661 ὠκεανόν,
1457 4633 1491 4645 -
1502 4603 1570 4658 Mox
1583 4605 1635 4654 ἰδεῖ
1650 4600 1736 4657 latine
1746 4619 1815 4674 sup-

1067 4690 1177 4762 pletur,
1196 4692 1243 4746 sed
1272 4709 1364 4764 graeco
1383 4695 1488 4765 impetu
1514 4709 1569 4746 non
1596 4692 1759 4762 requiritur.
1779 4719 1816 4732 -

1066 4783 1088 4853 ὓ)
1108 4788 1182 4853 paribvs
1202 4784 1265 4838 vat.
1285 4800 1320 4837 sn
1338 4801 1389 4854 pro
1416 4785 1592 4854 conjunctivo
1613 4785 1711 4854 μάθῃς,
1732 4775 1815 4852 quem

1065 4871 1268 4926 adhortativum
1281 4869 1393 4926 dicuntl
1405 4870 1443 4926 cl.
1458 4873 1607 4925 Buttmann
1622 4869 1752 4925 (ἔνοικοι.
1767 4868 1811 4922 ed.

1068 4957 1145 5032 1841,
1160 4981 1188 5033 p.
1200 4959 1264 5018 383.
1277 4993 1310 5002 -
1326 4969 1348 5024 ῖ)
1360 4963 1483 5021 brassicae
1498 4962 1533 5016 V.
1547 4962 1667 5032 primum
1682 4959 1812 5030 suspica·

1063 5056 1113 5107 bar
1132 5051 1261 5114 διανεὶξας.
1282 5053 1385 5109 lterum
1406 5051 1557 5106 mellifluus
1584 5051 1726 5105 antistites
1751 5047 1811 5101 sere

1062 5142 1220 5197 homericus
1238 5147 1289 5198 est.
1304 5142 1357 5198 Sed
1377 5141 1410 5195 de
1428 5139 1498 5196 solis
1515 5140 1641 5212 equitatu
1657 5141 1709 5192 aut
1727 5153 1812 5191 curru

1062 5236 1153 5287 tacent
1171 5230 1237 5285 llias
1255 5236 1283 5286 et
1303 5231 1437 5304 Odyssea3
1458 5230 1522 5284 dum
1540 5231 1636 5300 hymni
1656 5229 1704 5301 (in
1718 5229 1810 5282 sotem
