<?xml version="1.0" encoding="UTF-8"?>
<!DOCTYPE html PUBLIC "-//W3C//DTD XHTML 1.0 Transitional//EN"
    "http://www.w3.org/TR/xhtml1/DTD/xhtml1-transitional.dtd">
<html xmlns="http://www.w3.org/1999/xhtml" xml:lang="en" lang="en">
 <head>
  <title>
</title>
<meta http-equiv="Content-Type" content="text/html;charset=utf-8" />
  <meta name='ocr-system' content='tesseract 3.04.00' />
  <meta name='ocr-capabilities' content='ocr_page ocr_carea ocr_par ocr_line ocrx_word'/>
</head>
<body>
  <div class='ocr_page' id='page_1' title='image "./analectasacrasp01pitrgoog_0504.png"; bbox 0 0 4044 6098; ppageno 0'>
   <div class='ocr_carea' id='block_1_1' title="bbox 864 505 1757 580">
    <p class='ocr_par' dir='ltr' id='par_1_1' title="bbox 864 505 1757 580">
     <span class='ocr_line' id='line_1_1' title="bbox 864 505 1757 580; baseline 0.003 -3"><span class='ocrx_word' id='word_1_1' title='bbox 864 505 905 578; x_wconf 90' lang='lat' dir='ltr'>IN</span> <span class='ocrx_word' id='word_1_2' title='bbox 928 507 1100 580; x_wconf 74' lang='lat' dir='ltr'>PSALMOS</span> <span class='ocrx_word' id='word_1_3' title='bbox 1700 505 1757 580; x_wconf 79' lang='lat' dir='ltr'>iii</span> 
     </span>
    </p>
   </div>
   <div class='ocr_carea' id='block_1_2' title="bbox 205 659 1760 1187">
    <p class='ocr_par' dir='ltr' id='par_1_2' title="bbox 205 659 1760 1187">
     <span class='ocr_line' id='line_1_2' title="bbox 205 659 1759 758; baseline 0 -26"><span class='ocrx_word' id='word_1_4' title='bbox 205 663 311 732; x_wconf 74' lang='lat' dir='ltr'>ustos·</span> <span class='ocrx_word' id='word_1_5' title='bbox 336 659 419 732; x_wconf 70' lang='lat' dir='ltr'>ontis</span> <span class='ocrx_word' id='word_1_6' title='bbox 442 665 496 730; x_wconf 75' lang='grc' dir='ltr'><strong>καὶ</strong></span> <span class='ocrx_word' id='word_1_7' title='bbox 518 661 598 758; x_wconf 84' lang='grc' dir='ltr'><strong>ἔγνω</strong></span> <span class='ocrx_word' id='word_1_8' title='bbox 626 664 734 756; x_wconf 80' lang='grc' dir='ltr'><strong>Κύριος</strong></span> <span class='ocrx_word' id='word_1_9' title='bbox 765 661 837 742; x_wconf 81' lang='grc' dir='ltr'><strong>τοὺς</strong></span> <span class='ocrx_word' id='word_1_10' title='bbox 861 667 953 742; x_wconf 82' lang='grc' dir='ltr'><strong>ὄντας</strong></span> <span class='ocrx_word' id='word_1_11' title='bbox 1008 673 1041 730; x_wconf 95' lang='lat' dir='ltr'>ut</span> <span class='ocrx_word' id='word_1_12' title='bbox 1061 662 1186 730; x_wconf 83' lang='lat' dir='ltr'>honoret</span> <span class='ocrx_word' id='word_1_13' title='bbox 1200 664 1289 745; x_wconf 90' lang='lat' dir='ltr'>illud;</span> <span class='ocrx_word' id='word_1_14' title='bbox 1305 665 1382 731; x_wconf 84' lang='lat' dir='ltr'>bona</span> <span class='ocrx_word' id='word_1_15' title='bbox 1403 684 1529 749; x_wconf 85' lang='lat' dir='ltr'>nomque</span> <span class='ocrx_word' id='word_1_16' title='bbox 1549 667 1600 732; x_wconf 85' lang='lat' dir='ltr'>vin</span> <span class='ocrx_word' id='word_1_17' title='bbox 1612 667 1759 750; x_wconf 88' lang='lat' dir='ltr'>justorum</span> 
     </span>
     <span class='ocr_line' id='line_1_3' title="bbox 206 764 1758 865; baseline 0.003 -27"><span class='ocrx_word' id='word_1_18' title='bbox 206 778 301 839; x_wconf 88' lang='grc' dir='ltr'><strong>αὐτοῦ</strong></span> <span class='ocrx_word' id='word_1_19' title='bbox 324 773 378 838; x_wconf 77' lang='grc' dir='ltr'><strong>καί</strong></span> <span class='ocrx_word' id='word_1_20' title='bbox 400 765 471 838; x_wconf 74' lang='grc' dir='ltr'><strong>ὁδὸν</strong></span> <span class='ocrx_word' id='word_1_21' title='bbox 496 764 633 851; x_wconf 82' lang='grc' dir='ltr'><strong>δικαίων,</strong></span> <span class='ocrx_word' id='word_1_22' title='bbox 658 772 762 838; x_wconf 82' lang='grc' dir='ltr'><strong>εἰπών·</strong></span> <span class='ocrx_word' id='word_1_23' title='bbox 787 772 868 865; x_wconf 88' lang='grc' dir='ltr'><strong>Ἐγώ</strong></span> <span class='ocrx_word' id='word_1_24' title='bbox 893 779 956 862; x_wconf 91' lang='grc' dir='ltr'><strong>εἰμι</strong></span> <span class='ocrx_word' id='word_1_25' title='bbox 1009 780 1064 836; x_wconf 88' lang='lat' dir='ltr'>est.</span> <span class='ocrx_word' id='word_1_26' title='bbox 1081 769 1173 838; x_wconf 75' lang='lat' dir='ltr'>Novit</span> <span class='ocrx_word' id='word_1_27' title='bbox 1183 772 1325 838; x_wconf 89' lang='lat' dir='ltr'>Dominus</span> <span class='ocrx_word' id='word_1_28' title='bbox 1335 791 1386 840; x_wconf 84' lang='lat' dir='ltr'>eos</span> <span class='ocrx_word' id='word_1_29' title='bbox 1396 774 1447 859; x_wconf 90' lang='lat' dir='ltr'>qui</span> <span class='ocrx_word' id='word_1_30' title='bbox 1458 785 1527 840; x_wconf 88' lang='lat' dir='ltr'>sunt</span> <span class='ocrx_word' id='word_1_31' title='bbox 1538 775 1621 840; x_wconf 90' lang='lat' dir='ltr'>iilius</span> <span class='ocrx_word' id='word_1_32' title='bbox 1631 786 1662 842; x_wconf 87' lang='lat' dir='ltr'>et</span> <span class='ocrx_word' id='word_1_33' title='bbox 1678 777 1758 843; x_wconf 83' lang='lat' dir='ltr'>uiam</span> 
     </span>
     <span class='ocr_line' id='line_1_4' title="bbox 206 871 1759 966; baseline -0.002 -20"><span class='ocrx_word' id='word_1_34' title='bbox 206 875 284 957; x_wconf 86' lang='grc' dir='ltr'><strong>ὁδός.</strong></span> <span class='ocrx_word' id='word_1_35' title='bbox 304 921 345 930; x_wconf 92' lang='grc'><strong>-</strong></span> <span class='ocrx_word' id='word_1_36' title='bbox 362 871 450 956; x_wconf 77' lang='grc' dir='ltr'><strong>Ὁδὸς</strong></span> <span class='ocrx_word' id='word_1_37' title='bbox 475 871 509 944; x_wconf 75' lang='grc' dir='ltr'>δὲ</span> <span class='ocrx_word' id='word_1_38' title='bbox 532 874 663 959; x_wconf 76' lang='grc' dir='ltr'><strong>ἀσεώῶν,</strong></span> <span class='ocrx_word' id='word_1_39' title='bbox 687 879 726 953; x_wconf 76' lang='grc' dir='ltr'><strong>ἣν</strong></span> <span class='ocrx_word' id='word_1_40' title='bbox 750 871 907 944; x_wconf 76' lang='grc' dir='ltr'>ὁδεύουσιν</span> <span class='ocrx_word' id='word_1_41' title='bbox 928 885 957 943; x_wconf 90' lang='lat' dir='ltr'>ot</span> <span class='ocrx_word' id='word_1_42' title='bbox 1007 875 1163 958; x_wconf 73' lang='lat' dir='ltr'>iustorum,</span> <span class='ocrx_word' id='word_1_43' title='bbox 1175 881 1269 964; x_wconf 90' lang='lat' dir='ltr'>utqui</span> <span class='ocrx_word' id='word_1_44' title='bbox 1281 881 1370 948; x_wconf 84' lang='lat' dir='ltr'>dixit:</span> <span class='ocrx_word' id='word_1_45' title='bbox 1388 882 1480 965; x_wconf 75' lang='lat' dir='ltr'>«Ego</span> <span class='ocrx_word' id='word_1_46' title='bbox 1491 901 1555 948; x_wconf 88' lang='lat' dir='ltr'>snm</span> <span class='ocrx_word' id='word_1_47' title='bbox 1567 883 1618 948; x_wconf 82' lang='lat' dir='ltr'>vin</span> <span class='ocrx_word' id='word_1_48' title='bbox 1630 883 1681 966; x_wconf 85' lang='lat' dir='ltr'>(o).</span> <span class='ocrx_word' id='word_1_49' title='bbox 1692 906 1706 943; x_wconf 85' lang='lat' dir='ltr'>n</span> <span class='ocrx_word' id='word_1_50' title='bbox 1719 921 1759 931; x_wconf 93' lang='lat'>-</span> 
     </span>
     <span class='ocr_line' id='line_1_5' title="bbox 205 979 1760 1080; baseline -0.001 -25"><span class='ocrx_word' id='word_1_51' title='bbox 205 993 454 1080; x_wconf 74' lang='grc' dir='ltr'><strong>κακολογοῦντες</strong></span> <span class='ocrx_word' id='word_1_52' title='bbox 467 979 668 1079; x_wconf 74' lang='grc' dir='ltr'><strong>δημιουργὸν,</strong></span> <span class='ocrx_word' id='word_1_53' title='bbox 682 987 879 1078; x_wconf 79' lang='grc' dir='ltr'><strong>ὁμοιούμενον</strong></span> <span class='ocrx_word' id='word_1_54' title='bbox 891 996 956 1077; x_wconf 83' lang='grc' dir='ltr'><strong>χνῷ</strong></span> <span class='ocrx_word' id='word_1_55' title='bbox 1009 981 1071 1050; x_wconf 84' lang='lat' dir='ltr'>lter</span> <span class='ocrx_word' id='word_1_56' title='bbox 1090 995 1188 1051; x_wconf 84' lang='lat' dir='ltr'>nutem</span> <span class='ocrx_word' id='word_1_57' title='bbox 1204 986 1376 1071; x_wconf 86' lang='lat' dir='ltr'>impiorum,</span> <span class='ocrx_word' id='word_1_58' title='bbox 1393 990 1471 1072; x_wconf 78' lang='lat' dir='ltr'>quod</span> <span class='ocrx_word' id='word_1_59' title='bbox 1491 1000 1590 1056; x_wconf 89' lang='lat' dir='ltr'>terunt</span> <span class='ocrx_word' id='word_1_60' title='bbox 1610 990 1660 1074; x_wconf 90' lang='lat' dir='ltr'>qui</span> <span class='ocrx_word' id='word_1_61' title='bbox 1682 990 1760 1055; x_wconf 82' lang='lat' dir='ltr'>bins·</span> 
     </span>
     <span class='ocr_line' id='line_1_6' title="bbox 206 1087 1759 1187; baseline 0.001 -27"><span class='ocrx_word' id='word_1_62' title='bbox 206 1095 267 1162; x_wconf 80' lang='grc' dir='ltr'>ἀπὸ</span> <span class='ocrx_word' id='word_1_63' title='bbox 291 1095 405 1185; x_wconf 81' lang='grc' dir='ltr'><strong>ἀνέμου</strong></span> <span class='ocrx_word' id='word_1_64' title='bbox 426 1096 648 1185; x_wconf 76' lang='grc' dir='ltr'><strong>ἑκμπτομένῳ·</strong></span> <span class='ocrx_word' id='word_1_65' title='bbox 665 1089 712 1162; x_wconf 82' lang='lat' dir='ltr'>so</span> <span class='ocrx_word' id='word_1_66' title='bbox 728 1107 786 1173; x_wconf 79' lang='grc' dir='ltr'><strong>τῆς</strong></span> <span class='ocrx_word' id='word_1_67' title='bbox 803 1101 834 1161; x_wconf 85' lang='grc' dir='ltr'><strong>ὲν</strong></span> <span class='ocrx_word' id='word_1_68' title='bbox 859 1098 957 1187; x_wconf 80' lang='grc' dir='ltr'><strong>κρίσει</strong></span> <span class='ocrx_word' id='word_1_69' title='bbox 1011 1087 1154 1173; x_wconf 87' lang='lat' dir='ltr'>phemant</span> <span class='ocrx_word' id='word_1_70' title='bbox 1166 1092 1484 1174; x_wconf 84' lang='lat' dir='ltr'>iuGreotorem,simite</span> <span class='ocrx_word' id='word_1_71' title='bbox 1494 1104 1540 1160; x_wconf 90' lang='lat' dir='ltr'>est</span> <span class='ocrx_word' id='word_1_72' title='bbox 1549 1095 1663 1178; x_wconf 82' lang='lat' dir='ltr'>pulveri</span> <span class='ocrx_word' id='word_1_73' title='bbox 1672 1114 1759 1179; x_wconf 88' lang='lat' dir='ltr'>quem</span> 
     </span>
    </p>
   </div>
   <div class='ocr_carea' id='block_1_3' title="bbox 205 1196 958 2478">
    <p class='ocr_par' dir='ltr' id='par_1_3' title="bbox 205 1196 958 2478">
     <span class='ocr_line' id='line_1_7' title="bbox 206 1196 958 1295; baseline 0.003 -28"><span class='ocrx_word' id='word_1_74' title='bbox 206 1203 405 1279; x_wconf 81' lang='grc' dir='ltr'><strong>ἀναστάσεως</strong></span> <span class='ocrx_word' id='word_1_75' title='bbox 421 1208 476 1270; x_wconf 88' lang='grc' dir='ltr'>οῦκ</span> <span class='ocrx_word' id='word_1_76' title='bbox 489 1197 656 1282; x_wconf 79' lang='grc' dir='ltr'><strong>ἀξιοῦνται,</strong></span> <span class='ocrx_word' id='word_1_77' title='bbox 673 1211 713 1281; x_wconf 85' lang='grc' dir='ltr'><strong>ὡς</strong></span> <span class='ocrx_word' id='word_1_78' title='bbox 731 1196 801 1269; x_wconf 84' lang='grc' dir='ltr'><strong>οῦδὲ</strong></span> <span class='ocrx_word' id='word_1_79' title='bbox 814 1210 842 1269; x_wconf 85' lang='lat' dir='ltr'>oi</span> <span class='ocrx_word' id='word_1_80' title='bbox 858 1209 958 1295; x_wconf 84' lang='grc' dir='ltr'><strong>ἁμαρ-</strong></span> 
     </span>
     <span class='ocr_line' id='line_1_8' title="bbox 205 1302 956 1403; baseline -0.003 -26"><span class='ocrx_word' id='word_1_81' title='bbox 205 1311 295 1377; x_wconf 68' lang='grc' dir='ltr'><strong>τολοδ</strong></span> <span class='ocrx_word' id='word_1_82' title='bbox 308 1302 435 1376; x_wconf 83' lang='grc' dir='ltr'><strong>δικαίων</strong></span> <span class='ocrx_word' id='word_1_83' title='bbox 451 1315 575 1396; x_wconf 77' lang='grc' dir='ltr'><strong>βουλῆς.</strong></span> <span class='ocrx_word' id='word_1_84' title='bbox 588 1313 721 1376; x_wconf 76' lang='grc' dir='ltr'><strong>Λυκαίων</strong></span> <span class='ocrx_word' id='word_1_85' title='bbox 739 1310 793 1401; x_wconf 73' lang='grc' dir='ltr'><strong>μὲν</strong></span> <span class='ocrx_word' id='word_1_86' title='bbox 810 1310 870 1403; x_wconf 83' lang='grc' dir='ltr'><strong>γὰρ</strong></span> <span class='ocrx_word' id='word_1_87' title='bbox 886 1303 956 1388; x_wconf 83' lang='grc' dir='ltr'><strong>ὁδὸς</strong></span> 
     </span>
     <span class='ocr_line' id='line_1_9' title="bbox 206 1411 958 1510; baseline -0.001 -28"><span class='ocrx_word' id='word_1_88' title='bbox 206 1412 278 1497; x_wconf 78' lang='grc' dir='ltr'><strong>ἀξία</strong></span> <span class='ocrx_word' id='word_1_89' title='bbox 290 1416 433 1510; x_wconf 88' lang='grc' dir='ltr'><strong>γνώσεως</strong></span> <span class='ocrx_word' id='word_1_90' title='bbox 446 1411 524 1482; x_wconf 76' lang='grc' dir='ltr'><strong>οὖσα</strong></span> <span class='ocrx_word' id='word_1_91' title='bbox 538 1423 628 1496; x_wconf 88' lang='grc' dir='ltr'><strong>Θεοῦ,</strong></span> <span class='ocrx_word' id='word_1_92' title='bbox 641 1416 832 1509; x_wconf 77' lang='grc' dir='ltr'><strong>γινώσκεται</strong></span> <span class='ocrx_word' id='word_1_93' title='bbox 844 1417 894 1484; x_wconf 86' lang='grc' dir='ltr'>ὑπ’</span> <span class='ocrx_word' id='word_1_94' title='bbox 905 1419 958 1484; x_wconf 78' lang='grc' dir='ltr'><strong>αθ-</strong></span> 
     </span>
     <span class='ocr_line' id='line_1_10' title="bbox 205 1514 958 1617; baseline 0.003 -29"><span class='ocrx_word' id='word_1_95' title='bbox 205 1532 271 1588; x_wconf 91' lang='grc' dir='ltr'><strong>τοῦ·</strong></span> <span class='ocrx_word' id='word_1_96' title='bbox 294 1514 364 1599; x_wconf 82' lang='grc' dir='ltr'><strong>ὁδὸς</strong></span> <span class='ocrx_word' id='word_1_97' title='bbox 389 1514 566 1588; x_wconf 69' lang='lat' dir='ltr'>iteretur</span> <span class='ocrx_word' id='word_1_98' title='bbox 592 1527 767 1602; x_wconf 80' lang='grc' dir='ltr'><strong>ἀπολεῖται,</strong></span> <span class='ocrx_word' id='word_1_99' title='bbox 787 1530 828 1601; x_wconf 85' lang='grc' dir='ltr'><strong>ὡς</strong></span> <span class='ocrx_word' id='word_1_100' title='bbox 852 1529 886 1590; x_wconf 83' lang='grc' dir='ltr'>οῦ</span> <span class='ocrx_word' id='word_1_101' title='bbox 910 1551 958 1617; x_wconf 90' lang='grc' dir='ltr'><strong>γι-</strong></span> 
     </span>
     <span class='ocr_line' id='line_1_11' title="bbox 205 1624 956 1722; baseline 0.001 -25"><span class='ocrx_word' id='word_1_102' title='bbox 205 1632 384 1721; x_wconf 78' lang='grc' dir='ltr'><strong>νωσκομένη</strong></span> <span class='ocrx_word' id='word_1_103' title='bbox 410 1631 470 1698; x_wconf 80' lang='grc' dir='ltr'>ὑπὸ</span> <span class='ocrx_word' id='word_1_104' title='bbox 494 1633 615 1722; x_wconf 79' lang='grc' dir='ltr'><strong>Κυρίου.</strong></span> <span class='ocrx_word' id='word_1_105' title='bbox 640 1633 810 1698; x_wconf 85' lang='grc' dir='ltr'><strong>-Εἰπὼν</strong></span> <span class='ocrx_word' id='word_1_106' title='bbox 835 1624 868 1698; x_wconf 82' lang='grc' dir='ltr'>δὲ</span> <span class='ocrx_word' id='word_1_107' title='bbox 896 1633 956 1706; x_wconf 81' lang='grc' dir='ltr'><strong>τὴν</strong></span> 
     </span>
     <span class='ocr_line' id='line_1_12' title="bbox 205 1731 956 1830; baseline 0.005 -28"><span class='ocrx_word' id='word_1_108' title='bbox 205 1731 278 1804; x_wconf 81' lang='grc' dir='ltr'><strong>ὁδὸν</strong></span> <span class='ocrx_word' id='word_1_109' title='bbox 295 1749 358 1804; x_wconf 82' lang='grc' dir='ltr'><strong>τῶν</strong></span> <span class='ocrx_word' id='word_1_110' title='bbox 382 1732 502 1804; x_wconf 73' lang='grc' dir='ltr'><strong>ἀσεώῶν</strong></span> <span class='ocrx_word' id='word_1_111' title='bbox 527 1738 733 1819; x_wconf 75' lang='grc' dir='ltr'><strong>ἀπόλλυσθαι,</strong></span> <span class='ocrx_word' id='word_1_112' title='bbox 756 1731 956 1830; x_wconf 73' lang='grc' dir='ltr'><strong>διωρθώσατο</strong></span> 
     </span>
     <span class='ocr_line' id='line_1_13' title="bbox 205 1847 956 1938; baseline 0.001 -25"><span class='ocrx_word' id='word_1_113' title='bbox 205 1847 263 1925; x_wconf 80' lang='grc' dir='ltr'><strong>τὰς</strong></span> <span class='ocrx_word' id='word_1_114' title='bbox 278 1858 341 1914; x_wconf 86' lang='grc' dir='ltr'><strong>τῶν</strong></span> <span class='ocrx_word' id='word_1_115' title='bbox 358 1852 521 1938; x_wconf 78' lang='grc' dir='ltr'><strong>αἱρετικῶν</strong></span> <span class='ocrx_word' id='word_1_116' title='bbox 541 1849 695 1925; x_wconf 79' lang='grc' dir='ltr'><strong>ὑπονοίας,</strong></span> <span class='ocrx_word' id='word_1_117' title='bbox 714 1847 883 1921; x_wconf 81' lang='grc' dir='ltr'><strong>οἰηθέντων</strong></span> <span class='ocrx_word' id='word_1_118' title='bbox 899 1849 956 1927; x_wconf 81' lang='grc' dir='ltr'><strong>τὰς</strong></span> 
     </span>
     <span class='ocr_line' id='line_1_14' title="bbox 206 1948 957 2044; baseline -0.001 -23"><span class='ocrx_word' id='word_1_119' title='bbox 206 1955 309 2032; x_wconf 81' lang='grc' dir='ltr'><strong>οὐσίας</strong></span> <span class='ocrx_word' id='word_1_120' title='bbox 333 1958 435 2019; x_wconf 81' lang='grc' dir='ltr'><strong>αὐτῶν</strong></span> <span class='ocrx_word' id='word_1_121' title='bbox 460 1960 501 2031; x_wconf 83' lang='grc' dir='ltr'>εἰς</span> <span class='ocrx_word' id='word_1_122' title='bbox 525 1953 623 2043; x_wconf 80' lang='grc' dir='ltr'><strong>τὸμὴ</strong></span> <span class='ocrx_word' id='word_1_123' title='bbox 642 1953 676 2020; x_wconf 77' lang='grc' dir='ltr'><strong>ὃν</strong></span> <span class='ocrx_word' id='word_1_124' title='bbox 695 1948 906 2044; x_wconf 78' lang='grc' dir='ltr'><strong>ἀφανίζεσθαι,</strong></span> <span class='ocrx_word' id='word_1_125' title='bbox 922 1958 957 2020; x_wconf 85' lang='grc' dir='ltr'>ἐκ</span> 
     </span>
     <span class='ocr_line' id='line_1_15' title="bbox 206 2061 958 2154; baseline -0.001 -25"><span class='ocrx_word' id='word_1_126' title='bbox 206 2074 261 2129; x_wconf 93' lang='grc' dir='ltr'>τοῦ</span> <span class='ocrx_word' id='word_1_127' title='bbox 279 2062 428 2153; x_wconf 72' lang='grc' dir='ltr'><strong>εἰρῆσθαι·</strong></span> <span class='ocrx_word' id='word_1_128' title='bbox 445 2061 515 2128; x_wconf 82' lang='grc' dir='ltr'><strong>ἀλλ’</strong></span> <span class='ocrx_word' id='word_1_129' title='bbox 530 2061 549 2136; x_wconf 77' lang='lat' dir='ltr'>o</span> <span class='ocrx_word' id='word_1_130' title='bbox 564 2063 638 2128; x_wconf 82' lang='grc' dir='ltr'><strong>ὡσεὶ</strong></span> <span class='ocrx_word' id='word_1_131' title='bbox 654 2067 670 2126; x_wconf 85' lang='grc' dir='ltr'>ὁ</span> <span class='ocrx_word' id='word_1_132' title='bbox 686 2073 787 2152; x_wconf 86' lang='grc' dir='ltr'><strong>χνοῦς,</strong></span> <span class='ocrx_word' id='word_1_133' title='bbox 805 2062 838 2127; x_wconf 82' lang='grc' dir='ltr'><strong>ὃν</strong></span> <span class='ocrx_word' id='word_1_134' title='bbox 855 2064 958 2154; x_wconf 81' lang='grc' dir='ltr'><strong>ἐκρίπ-</strong></span> 
     </span>
     <span class='ocr_line' id='line_1_16' title="bbox 206 2167 958 2260; baseline -0.001 -25"><span class='ocrx_word' id='word_1_135' title='bbox 206 2195 256 2236; x_wconf 85' lang='grc' dir='ltr'>τει</span> <span class='ocrx_word' id='word_1_136' title='bbox 279 2174 295 2234; x_wconf 84' lang='grc' dir='ltr'>ὁ</span> <span class='ocrx_word' id='word_1_137' title='bbox 319 2169 432 2259; x_wconf 84' lang='grc' dir='ltr'><strong>ἄνεμος</strong></span> <span class='ocrx_word' id='word_1_138' title='bbox 456 2169 518 2235; x_wconf 78' lang='grc' dir='ltr'>ἀπὸ</span> <span class='ocrx_word' id='word_1_139' title='bbox 534 2167 701 2258; x_wconf 83' lang='grc' dir='ltr'><strong>προσώπου</strong></span> <span class='ocrx_word' id='word_1_140' title='bbox 718 2180 777 2245; x_wconf 78' lang='grc' dir='ltr'><strong>τῆς</strong></span> <span class='ocrx_word' id='word_1_141' title='bbox 792 2180 861 2260; x_wconf 84' lang='grc' dir='ltr'><strong>γῆς·</strong></span> <span class='ocrx_word' id='word_1_142' title='bbox 879 2172 958 2234; x_wconf 86' lang='grc' dir='ltr'><strong>ἀπο-</strong></span> 
     </span>
     <span class='ocr_line' id='line_1_17' title="bbox 206 2269 957 2371; baseline -0.003 -27"><span class='ocrx_word' id='word_1_143' title='bbox 206 2279 341 2368; x_wconf 83' lang='grc' dir='ltr'><strong>λομένης</strong></span> <span class='ocrx_word' id='word_1_144' title='bbox 364 2277 424 2371; x_wconf 78' lang='grc' dir='ltr'><strong>γὰρ</strong></span> <span class='ocrx_word' id='word_1_145' title='bbox 447 2288 505 2354; x_wconf 77' lang='grc' dir='ltr'><strong>τῆς</strong></span> <span class='ocrx_word' id='word_1_146' title='bbox 529 2269 610 2357; x_wconf 83' lang='grc' dir='ltr'><strong>ὁδοῦ,</strong></span> <span class='ocrx_word' id='word_1_147' title='bbox 635 2279 864 2369; x_wconf 78' lang='grc' dir='ltr'><strong>ἀνθπαρκτοςη</strong></span> <span class='ocrx_word' id='word_1_148' title='bbox 884 2282 957 2343; x_wconf 86' lang='grc' dir='ltr'><strong>ἀσε-</strong></span> 
     </span>
     <span class='ocr_line' id='line_1_18' title="bbox 207 2377 958 2478; baseline 0.004 -29"><span class='ocrx_word' id='word_1_149' title='bbox 207 2377 278 2450; x_wconf 69' lang='lat' dir='ltr'>dete</span> <span class='ocrx_word' id='word_1_150' title='bbox 300 2387 432 2478; x_wconf 77' lang='grc' dir='ltr'><strong>γίνεται,</strong></span> <span class='ocrx_word' id='word_1_151' title='bbox 455 2396 518 2453; x_wconf 90' lang='grc' dir='ltr'><strong>τῶν</strong></span> <span class='ocrx_word' id='word_1_152' title='bbox 543 2383 587 2464; x_wconf 78' lang='grc' dir='ltr'><strong>οἷς</strong></span> <span class='ocrx_word' id='word_1_153' title='bbox 611 2380 792 2476; x_wconf 78' lang='grc' dir='ltr'><strong>συμώέώηκε</strong></span> <span class='ocrx_word' id='word_1_154' title='bbox 809 2391 958 2452; x_wconf 84' lang='grc' dir='ltr'><strong>καταλει-</strong></span> 
     </span>
    </p>
   </div>
   <div class='ocr_carea' id='block_1_4' title="bbox 1010 1200 1764 2472">
    <p class='ocr_par' dir='ltr' id='par_1_4' title="bbox 1010 1200 1764 2472">
     <span class='ocr_line' id='line_1_19' title="bbox 1012 1200 1759 1287; baseline 0.007 -25"><span class='ocrx_word' id='word_1_155' title='bbox 1012 1200 1129 1282; x_wconf 84' lang='lat' dir='ltr'>projicit</span> <span class='ocrx_word' id='word_1_156' title='bbox 1142 1210 1260 1267; x_wconf 83' lang='lat' dir='ltr'>ventus.</span> <span class='ocrx_word' id='word_1_157' title='bbox 1277 1202 1346 1269; x_wconf 90' lang='lat' dir='ltr'>ldeo</span> <span class='ocrx_word' id='word_1_158' title='bbox 1361 1203 1445 1285; x_wconf 83' lang='lat' dir='ltr'>digni</span> <span class='ocrx_word' id='word_1_159' title='bbox 1460 1221 1521 1268; x_wconf 93' lang='lat' dir='ltr'>non</span> <span class='ocrx_word' id='word_1_160' title='bbox 1535 1213 1692 1269; x_wconf 74' lang='lat' dir='ltr'>censentur</span> <span class='ocrx_word' id='word_1_161' title='bbox 1709 1203 1759 1287; x_wconf 91' lang='lat' dir='ltr'>qui</span> 
     </span>
     <span class='ocr_line' id='line_1_20' title="bbox 1011 1310 1759 1396; baseline 0.008 -24"><span class='ocrx_word' id='word_1_162' title='bbox 1011 1317 1169 1391; x_wconf 80' lang='lat' dir='ltr'>resurgant</span> <span class='ocrx_word' id='word_1_163' title='bbox 1189 1310 1220 1374; x_wconf 92' lang='lat' dir='ltr'>in</span> <span class='ocrx_word' id='word_1_164' title='bbox 1241 1311 1370 1395; x_wconf 74' lang='lat' dir='ltr'>iudicio,</span> <span class='ocrx_word' id='word_1_165' title='bbox 1393 1312 1516 1396; x_wconf 78' lang='lat' dir='ltr'>perinde</span> <span class='ocrx_word' id='word_1_166' title='bbox 1536 1331 1571 1376; x_wconf 86' lang='lat' dir='ltr'>so</span> <span class='ocrx_word' id='word_1_167' title='bbox 1589 1320 1759 1396; x_wconf 82' lang='lat' dir='ltr'>peccatores</span> 
     </span>
     <span class='ocr_line' id='line_1_21' title="bbox 1010 1418 1760 1505; baseline 0.007 -24"><span class='ocrx_word' id='word_1_168' title='bbox 1010 1425 1079 1482; x_wconf 88' lang='lat' dir='ltr'>sunt</span> <span class='ocrx_word' id='word_1_169' title='bbox 1095 1418 1215 1484; x_wconf 87' lang='lat' dir='ltr'>consitio</span> <span class='ocrx_word' id='word_1_170' title='bbox 1226 1419 1370 1502; x_wconf 87' lang='lat' dir='ltr'>justorum</span> <span class='ocrx_word' id='word_1_171' title='bbox 1384 1420 1508 1505; x_wconf 86' lang='lat' dir='ltr'>indigni.</span> <span class='ocrx_word' id='word_1_172' title='bbox 1525 1422 1673 1487; x_wconf 87' lang='lat' dir='ltr'>Justorum</span> <span class='ocrx_word' id='word_1_173' title='bbox 1688 1439 1760 1486; x_wconf 83' lang='lat' dir='ltr'>uero</span> 
     </span>
     <span class='ocr_line' id='line_1_22' title="bbox 1010 1524 1761 1610; baseline 0.005 -22"><span class='ocrx_word' id='word_1_174' title='bbox 1010 1524 1115 1590; x_wconf 84' lang='lat' dir='ltr'>semita</span> <span class='ocrx_word' id='word_1_175' title='bbox 1136 1545 1226 1610; x_wconf 89' lang='lat' dir='ltr'>quum</span> <span class='ocrx_word' id='word_1_176' title='bbox 1252 1525 1345 1608; x_wconf 81' lang='lat' dir='ltr'>digno</span> <span class='ocrx_word' id='word_1_177' title='bbox 1362 1527 1401 1591; x_wconf 91' lang='lat' dir='ltr'>sit</span> <span class='ocrx_word' id='word_1_178' title='bbox 1427 1526 1550 1593; x_wconf 82' lang='lat' dir='ltr'>seientia</span> <span class='ocrx_word' id='word_1_179' title='bbox 1571 1527 1641 1608; x_wconf 87' lang='lat' dir='ltr'>Dei,</span> <span class='ocrx_word' id='word_1_180' title='bbox 1664 1527 1701 1594; x_wconf 85' lang='lat' dir='ltr'>ab</span> <span class='ocrx_word' id='word_1_181' title='bbox 1726 1545 1761 1592; x_wconf 89' lang='lat' dir='ltr'>eo</span> 
     </span>
     <span class='ocr_line' id='line_1_23' title="bbox 1010 1633 1761 1718; baseline 0.004 -21"><span class='ocrx_word' id='word_1_182' title='bbox 1010 1633 1208 1714; x_wconf 74' lang='lat' dir='ltr'>cognoscitur,</span> <span class='ocrx_word' id='word_1_183' title='bbox 1221 1635 1274 1700; x_wconf 91' lang='lat' dir='ltr'>sed</span> <span class='ocrx_word' id='word_1_184' title='bbox 1288 1634 1344 1701; x_wconf 94' lang='lat' dir='ltr'>iter</span> <span class='ocrx_word' id='word_1_185' title='bbox 1359 1634 1513 1718; x_wconf 90' lang='lat' dir='ltr'>impiorum</span> <span class='ocrx_word' id='word_1_186' title='bbox 1528 1635 1646 1718; x_wconf 80' lang='lat' dir='ltr'>peribit,</span> <span class='ocrx_word' id='word_1_187' title='bbox 1659 1643 1761 1718; x_wconf 79' lang='lat' dir='ltr'>utpote</span> 
     </span>
     <span class='ocr_line' id='line_1_24' title="bbox 1010 1737 1762 1823; baseline -0.001 -17"><span class='ocrx_word' id='word_1_188' title='bbox 1010 1737 1074 1806; x_wconf 89' lang='lat' dir='ltr'>Deo</span> <span class='ocrx_word' id='word_1_189' title='bbox 1085 1739 1279 1823; x_wconf 86' lang='lat' dir='ltr'>incognitum.</span> <span class='ocrx_word' id='word_1_190' title='bbox 1295 1779 1330 1788; x_wconf 92' lang='lat'>—</span> <span class='ocrx_word' id='word_1_191' title='bbox 1345 1741 1422 1807; x_wconf 87' lang='lat' dir='ltr'>Dum</span> <span class='ocrx_word' id='word_1_192' title='bbox 1433 1751 1533 1809; x_wconf 86' lang='lat' dir='ltr'>eutem</span> <span class='ocrx_word' id='word_1_193' title='bbox 1544 1740 1762 1808; x_wconf 82' lang='lat' dir='ltr'>asseveretiter</span> 
     </span>
     <span class='ocr_line' id='line_1_25' title="bbox 1011 1845 1762 1932; baseline 0.001 -22"><span class='ocrx_word' id='word_1_194' title='bbox 1011 1845 1169 1930; x_wconf 92' lang='lat' dir='ltr'>impiorum</span> <span class='ocrx_word' id='word_1_195' title='bbox 1192 1867 1310 1932; x_wconf 85' lang='lat' dir='ltr'>pessum</span> <span class='ocrx_word' id='word_1_196' title='bbox 1331 1868 1397 1915; x_wconf 89' lang='lat' dir='ltr'>esse</span> <span class='ocrx_word' id='word_1_197' title='bbox 1417 1850 1560 1931; x_wconf 84' lang='lat' dir='ltr'>dandum,</span> <span class='ocrx_word' id='word_1_198' title='bbox 1577 1849 1627 1915; x_wconf 84' lang='lat' dir='ltr'>itin</span> <span class='ocrx_word' id='word_1_199' title='bbox 1644 1847 1762 1914; x_wconf 77' lang='lat' dir='ltr'>hereti-</span> 
     </span>
     <span class='ocr_line' id='line_1_26' title="bbox 1011 1941 1762 2043; baseline 0 -21"><span class='ocrx_word' id='word_1_200' title='bbox 1011 1975 1111 2022; x_wconf 87' lang='lat' dir='ltr'>corum</span> <span class='ocrx_word' id='word_1_201' title='bbox 1131 1941 1335 2042; x_wconf 85' lang='lat' dir='ltr'>opinomento‚</span> <span class='ocrx_word' id='word_1_202' title='bbox 1357 1960 1559 2043; x_wconf 82' lang='lat' dir='ltr'>reputantium</span> <span class='ocrx_word' id='word_1_203' title='bbox 1581 1958 1762 2024; x_wconf 80' lang='lat' dir='ltr'>substantias</span> 
     </span>
     <span class='ocr_line' id='line_1_27' title="bbox 1012 2065 1764 2148; baseline 0.001 -20"><span class='ocrx_word' id='word_1_204' title='bbox 1012 2083 1080 2130; x_wconf 87' lang='lat' dir='ltr'>suns</span> <span class='ocrx_word' id='word_1_205' title='bbox 1103 2066 1133 2130; x_wconf 90' lang='lat' dir='ltr'>iu</span> <span class='ocrx_word' id='word_1_206' title='bbox 1153 2065 1281 2132; x_wconf 90' lang='lat' dir='ltr'>nihilum</span> <span class='ocrx_word' id='word_1_207' title='bbox 1306 2085 1372 2133; x_wconf 88' lang='lat' dir='ltr'>esse</span> <span class='ocrx_word' id='word_1_208' title='bbox 1396 2066 1567 2148; x_wconf 80' lang='lat' dir='ltr'>abolendos,</span> <span class='ocrx_word' id='word_1_209' title='bbox 1592 2065 1764 2132; x_wconf 83' lang='lat' dir='ltr'>emendarit</span> 
     </span>
     <span class='ocr_line' id='line_1_28' title="bbox 1011 2171 1762 2258; baseline 0 -23"><span class='ocrx_word' id='word_1_210' title='bbox 1011 2171 1066 2237; x_wconf 88' lang='lat' dir='ltr'>hoc</span> <span class='ocrx_word' id='word_1_211' title='bbox 1080 2173 1190 2239; x_wconf 80' lang='lat' dir='ltr'>verbo:</span> <span class='ocrx_word' id='word_1_212' title='bbox 1209 2173 1270 2238; x_wconf 82' lang='lat' dir='ltr'>Sed</span> <span class='ocrx_word' id='word_1_213' title='bbox 1282 2179 1421 2258; x_wconf 81' lang='lat' dir='ltr'>tunquam</span> <span class='ocrx_word' id='word_1_214' title='bbox 1431 2174 1529 2258; x_wconf 82' lang='lat' dir='ltr'>puteis</span> <span class='ocrx_word' id='word_1_215' title='bbox 1544 2193 1625 2258; x_wconf 82' lang='lat' dir='ltr'>quem</span> <span class='ocrx_word' id='word_1_216' title='bbox 1637 2173 1762 2258; x_wconf 78' lang='lat' dir='ltr'>projicit</span> 
     </span>
     <span class='ocr_line' id='line_1_29' title="bbox 1010 2281 1761 2362; baseline 0.005 -20"><span class='ocrx_word' id='word_1_217' title='bbox 1010 2285 1109 2343; x_wconf 80' lang='lat' dir='ltr'>ocutus</span> <span class='ocrx_word' id='word_1_218' title='bbox 1131 2299 1151 2345; x_wconf 88' lang='lat' dir='ltr'>u</span> <span class='ocrx_word' id='word_1_219' title='bbox 1170 2281 1246 2362; x_wconf 79' lang='lat' dir='ltr'>soris</span> <span class='ocrx_word' id='word_1_220' title='bbox 1267 2288 1380 2358; x_wconf 55' lang='lat' dir='ltr'>terrum·</span> <span class='ocrx_word' id='word_1_221' title='bbox 1399 2281 1509 2346; x_wconf 87' lang='lat' dir='ltr'>ebotito</span> <span class='ocrx_word' id='word_1_222' title='bbox 1529 2283 1609 2348; x_wconf 90' lang='lat' dir='ltr'>enim</span> <span class='ocrx_word' id='word_1_223' title='bbox 1632 2281 1761 2362; x_wconf 85' lang='lat' dir='ltr'>tremite,</span> 
     </span>
     <span class='ocr_line' id='line_1_30' title="bbox 1011 2387 1761 2472; baseline 0.004 -21"><span class='ocrx_word' id='word_1_224' title='bbox 1011 2387 1045 2452; x_wconf 90' lang='lat' dir='ltr'>tit</span> <span class='ocrx_word' id='word_1_225' title='bbox 1059 2387 1196 2471; x_wconf 84' lang='lat' dir='ltr'>impietus</span> <span class='ocrx_word' id='word_1_226' title='bbox 1210 2406 1269 2454; x_wconf 91' lang='lat' dir='ltr'>non</span> <span class='ocrx_word' id='word_1_227' title='bbox 1284 2389 1414 2456; x_wconf 83' lang='lat' dir='ltr'>existens</span> <span class='ocrx_word' id='word_1_228' title='bbox 1428 2389 1568 2472; x_wconf 84' lang='lat' dir='ltr'>amptius,</span> <span class='ocrx_word' id='word_1_229' title='bbox 1590 2389 1628 2454; x_wconf 89' lang='lat' dir='ltr'>iis</span> <span class='ocrx_word' id='word_1_230' title='bbox 1649 2389 1717 2456; x_wconf 89' lang='lat' dir='ltr'>licet</span> <span class='ocrx_word' id='word_1_231' title='bbox 1731 2389 1761 2455; x_wconf 92' lang='lat' dir='ltr'>in</span> 
     </span>
    </p>
   </div>
   <div class='ocr_carea' id='block_1_5' title="bbox 208 2493 1600 2584">
    <p class='ocr_par' dir='ltr' id='par_1_5' title="bbox 208 2493 1600 2584">
     <span class='ocr_line' id='line_1_31' title="bbox 208 2493 1600 2584; baseline 0.003 -24"><span class='ocrx_word' id='word_1_232' title='bbox 208 2493 358 2584; x_wconf 79' lang='grc' dir='ltr'><strong>πομένων.</strong></span> <span class='ocrx_word' id='word_1_233' title='bbox 1010 2515 1085 2580; x_wconf 89' lang='lat' dir='ltr'>quos</span> <span class='ocrx_word' id='word_1_234' title='bbox 1106 2497 1244 2578; x_wconf 86' lang='lat' dir='ltr'>concidit,</span> <span class='ocrx_word' id='word_1_235' title='bbox 1265 2498 1362 2565; x_wconf 81' lang='lat' dir='ltr'>adhue</span> <span class='ocrx_word' id='word_1_236' title='bbox 1381 2499 1600 2582; x_wconf 85' lang='lat' dir='ltr'>superstitibus.</span> 
     </span>
    </p>
   </div>
   <div class='ocr_carea' id='block_1_6' title="bbox 207 2687 1759 2873">
    <p class='ocr_par' dir='ltr' id='par_1_6' title="bbox 207 2687 1759 2873">
     <span class='ocr_line' id='line_1_32' title="bbox 247 2687 1759 2778; baseline 0.003 -25"><span class='ocrx_word' id='word_1_237' title='bbox 247 2690 287 2773; x_wconf 83' lang='lat' dir='ltr'>(c)</span> <span class='ocrx_word' id='word_1_238' title='bbox 308 2689 641 2758; x_wconf 84' lang='lat' dir='ltr'>Psnuno-Hrsoouruus.</span> <span class='ocrx_word' id='word_1_239' title='bbox 658 2689 738 2758; x_wconf 88' lang='lat' dir='ltr'>Nihil</span> <span class='ocrx_word' id='word_1_240' title='bbox 753 2691 834 2758; x_wconf 84' lang='lat' dir='ltr'>atiud</span> <span class='ocrx_word' id='word_1_241' title='bbox 847 2710 956 2774; x_wconf 89' lang='lat' dir='ltr'>cogno·</span> <span class='ocrx_word' id='word_1_242' title='bbox 988 2687 991 2694; x_wconf 80' lang='grc'><strong>’</strong></span> <span class='ocrx_word' id='word_1_243' title='bbox 1009 2703 1090 2760; x_wconf 88' lang='lat' dir='ltr'>est...</span> <span class='ocrx_word' id='word_1_244' title='bbox 1114 2691 1199 2762; x_wconf 84' lang='lat' dir='ltr'>Viam</span> <span class='ocrx_word' id='word_1_245' title='bbox 1221 2702 1320 2759; x_wconf 85' lang='lat' dir='ltr'>nutem</span> <span class='ocrx_word' id='word_1_246' title='bbox 1337 2695 1483 2777; x_wconf 81' lang='lat' dir='ltr'>justorum</span> <span class='ocrx_word' id='word_1_247' title='bbox 1505 2693 1586 2759; x_wconf 90' lang='lat' dir='ltr'>illum</span> <span class='ocrx_word' id='word_1_248' title='bbox 1600 2703 1672 2778; x_wconf 91' lang='lat' dir='ltr'>puto</span> <span class='ocrx_word' id='word_1_249' title='bbox 1693 2709 1759 2760; x_wconf 88' lang='lat' dir='ltr'>osse</span> 
     </span>
     <span class='ocr_line' id='line_1_33' title="bbox 207 2779 1534 2873; baseline 0 -30"><span class='ocrx_word' id='word_1_250' title='bbox 207 2780 264 2845; x_wconf 91' lang='lat' dir='ltr'>seit</span> <span class='ocrx_word' id='word_1_251' title='bbox 282 2779 438 2862; x_wconf 82' lang='lat' dir='ltr'>Dominus,</span> <span class='ocrx_word' id='word_1_252' title='bbox 452 2781 509 2873; x_wconf 84' lang='lat' dir='ltr'>nisi</span> <span class='ocrx_word' id='word_1_253' title='bbox 531 2781 609 2866; x_wconf 87' lang='lat' dir='ltr'>quod</span> <span class='ocrx_word' id='word_1_254' title='bbox 629 2783 733 2848; x_wconf 83' lang='lat' dir='ltr'>notitia</span> <span class='ocrx_word' id='word_1_255' title='bbox 748 2783 812 2867; x_wconf 83' lang='lat' dir='ltr'>ejus</span> <span class='ocrx_word' id='word_1_256' title='bbox 833 2781 956 2865; x_wconf 87' lang='lat' dir='ltr'>dignum</span> <span class='ocrx_word' id='word_1_257' title='bbox 1010 2782 1060 2866; x_wconf 93' lang='lat' dir='ltr'>qui</span> <span class='ocrx_word' id='word_1_258' title='bbox 1083 2781 1228 2866; x_wconf 81' lang='lat' dir='ltr'>loquitur:</span> <span class='ocrx_word' id='word_1_259' title='bbox 1252 2783 1343 2866; x_wconf 75' lang='lat' dir='ltr'>ongo</span> <span class='ocrx_word' id='word_1_260' title='bbox 1363 2801 1431 2848; x_wconf 88' lang='lat' dir='ltr'>sum</span> <span class='ocrx_word' id='word_1_261' title='bbox 1451 2784 1534 2849; x_wconf 74' lang='lat' dir='ltr'>ria.»</span> 
     </span>
    </p>
   </div>
   <div class='ocr_carea' id='block_1_7' title="bbox 861 3069 1107 3146">
    <p class='ocr_par' dir='ltr' id='par_1_7' title="bbox 861 3069 1107 3146">
     <span class='ocr_line' id='line_1_34' title="bbox 861 3069 1107 3146; baseline 0.004 -1"><span class='ocrx_word' id='word_1_262' title='bbox 861 3069 1030 3146; x_wconf 83' lang='lat' dir='ltr'>Psutmus</span> <span class='ocrx_word' id='word_1_263' title='bbox 1053 3071 1107 3146; x_wconf 88' lang='lat' dir='ltr'>H.</span> 
     </span>
    </p>
   </div>
   <div class='ocr_carea' id='block_1_8' title="bbox 140 3279 1764 4455">
    <p class='ocr_par' dir='ltr' id='par_1_8' title="bbox 140 3279 1764 4455">
     <span class='ocr_line' id='line_1_35' title="bbox 251 3279 1762 3377; baseline -0.003 -21"><span class='ocrx_word' id='word_1_264' title='bbox 251 3289 419 3366; x_wconf 79' lang='grc' dir='ltr'><strong>’Υπόθεσις</strong></span> <span class='ocrx_word' id='word_1_265' title='bbox 430 3287 517 3354; x_wconf 83' lang='grc' dir='ltr'><strong>Ἀλλ’</strong></span> <span class='ocrx_word' id='word_1_266' title='bbox 528 3281 634 3362; x_wconf 73' lang='grc' dir='ltr'><strong>ἐπειδὴ</strong></span> <span class='ocrx_word' id='word_1_267' title='bbox 649 3289 686 3354; x_wconf 78' lang='grc' dir='ltr'>τὸ</span> <span class='ocrx_word' id='word_1_268' title='bbox 699 3285 741 3377; x_wconf 81' lang='lat' dir='ltr'>pir</span> <span class='ocrx_word' id='word_1_269' title='bbox 758 3279 822 3354; x_wconf 84' lang='grc' dir='ltr'><strong>δεῖν</strong></span> <span class='ocrx_word' id='word_1_270' title='bbox 836 3283 959 3354; x_wconf 73' lang='grc' dir='ltr'><strong>ἀσεώεῒν</strong></span> <span class='ocrx_word' id='word_1_271' title='bbox 1054 3285 1105 3350; x_wconf 79' lang='lat' dir='ltr'>Eu</span> <span class='ocrx_word' id='word_1_272' title='bbox 1126 3290 1304 3367; x_wconf 73' lang='lat' dir='ltr'>argomento.</span> <span class='ocrx_word' id='word_1_273' title='bbox 1327 3282 1384 3349; x_wconf 91' lang='lat' dir='ltr'>Sed</span> <span class='ocrx_word' id='word_1_274' title='bbox 1407 3290 1564 3367; x_wconf 80' lang='lat' dir='ltr'>postquam</span> <span class='ocrx_word' id='word_1_275' title='bbox 1592 3283 1622 3348; x_wconf 93' lang='lat' dir='ltr'>in</span> <span class='ocrx_word' id='word_1_276' title='bbox 1643 3282 1762 3351; x_wconf 85' lang='lat' dir='ltr'>exordio</span> 
     </span>
     <span class='ocr_line' id='line_1_36' title="bbox 209 3391 1761 3490; baseline -0.003 -27"><span class='ocrx_word' id='word_1_277' title='bbox 209 3403 240 3464; x_wconf 81' lang='grc' dir='ltr'><strong>ἐν</strong></span> <span class='ocrx_word' id='word_1_278' title='bbox 256 3408 297 3483; x_wconf 77' lang='grc' dir='ltr'>τῇ</span> <span class='ocrx_word' id='word_1_279' title='bbox 317 3401 398 3490; x_wconf 80' lang='grc' dir='ltr'><strong>ἀρχῇ</strong></span> <span class='ocrx_word' id='word_1_280' title='bbox 416 3407 472 3462; x_wconf 89' lang='grc' dir='ltr'>τοῦ</span> <span class='ocrx_word' id='word_1_281' title='bbox 489 3407 686 3486; x_wconf 82' lang='grc' dir='ltr'><strong>μακαρισμοῦ</strong></span> <span class='ocrx_word' id='word_1_282' title='bbox 703 3395 897 3487; x_wconf 70' lang='grc' dir='ltr'><strong>προετάχθη,</strong></span> <span class='ocrx_word' id='word_1_283' title='bbox 920 3393 958 3462; x_wconf 81' lang='grc' dir='ltr'>τώ</span> <span class='ocrx_word' id='word_1_284' title='bbox 1015 3392 1053 3456; x_wconf 85' lang='lat' dir='ltr'>de</span> <span class='ocrx_word' id='word_1_285' title='bbox 1076 3391 1268 3457; x_wconf 82' lang='lat' dir='ltr'>beatitudinis</span> <span class='ocrx_word' id='word_1_286' title='bbox 1288 3391 1419 3458; x_wconf 80' lang='lat' dir='ltr'>eudomio</span> <span class='ocrx_word' id='word_1_287' title='bbox 1439 3391 1522 3475; x_wconf 87' lang='lat' dir='ltr'>prius</span> <span class='ocrx_word' id='word_1_288' title='bbox 1543 3401 1686 3458; x_wconf 80' lang='lat' dir='ltr'>sutotum</span> <span class='ocrx_word' id='word_1_289' title='bbox 1707 3401 1761 3474; x_wconf 85' lang='lat' dir='ltr'>est,</span> 
     </span>
     <span class='ocr_line' id='line_1_37' title="bbox 210 3497 1761 3596; baseline -0.003 -26"><span class='ocrx_word' id='word_1_290' title='bbox 210 3497 354 3594; x_wconf 79' lang='grc' dir='ltr'><strong>δεύτερον</strong></span> <span class='ocrx_word' id='word_1_291' title='bbox 365 3503 436 3582; x_wconf 83' lang='grc' dir='ltr'><strong>ἔπος</strong></span> <span class='ocrx_word' id='word_1_292' title='bbox 449 3503 512 3591; x_wconf 84' lang='grc' dir='ltr'><strong>[τὰ]</strong></span> <span class='ocrx_word' id='word_1_293' title='bbox 522 3497 580 3582; x_wconf 78' lang='grc' dir='ltr'>ἔξω</span> <span class='ocrx_word' id='word_1_294' title='bbox 588 3497 797 3580; x_wconf 75' lang='grc' dir='ltr'><strong>τῆςάσεώείας</strong></span> <span class='ocrx_word' id='word_1_295' title='bbox 805 3504 959 3596; x_wconf 84' lang='grc' dir='ltr'><strong>γενόμενα</strong></span> <span class='ocrx_word' id='word_1_296' title='bbox 1013 3519 1073 3565; x_wconf 91' lang='lat' dir='ltr'>non</span> <span class='ocrx_word' id='word_1_297' title='bbox 1088 3509 1225 3580; x_wconf 86' lang='lat' dir='ltr'>oportere</span> <span class='ocrx_word' id='word_1_298' title='bbox 1245 3517 1422 3584; x_wconf 80' lang='lat' dir='ltr'>quemqnam</span> <span class='ocrx_word' id='word_1_299' title='bbox 1433 3499 1554 3584; x_wconf 88' lang='lat' dir='ltr'>impium</span> <span class='ocrx_word' id='word_1_300' title='bbox 1568 3520 1644 3585; x_wconf 85' lang='lat' dir='ltr'>osse,</span> <span class='ocrx_word' id='word_1_301' title='bbox 1666 3504 1761 3569; x_wconf 81' lang='lat' dir='ltr'>altero</span> 
     </span>
     <span class='ocr_line' id='line_1_38' title="bbox 140 3607 1761 3702; baseline 0.001 -29"><span class='ocrx_word' id='word_1_302' title='bbox 140 3649 144 3656; x_wconf 93' lang='lat'>·</span> <span class='ocrx_word' id='word_1_303' title='bbox 207 3609 402 3688; x_wconf 78' lang='grc' dir='ltr'><strong>ὑποτίθεται,</strong></span> <span class='ocrx_word' id='word_1_304' title='bbox 414 3609 452 3675; x_wconf 78' lang='grc' dir='ltr'>τὸ</span> <span class='ocrx_word' id='word_1_305' title='bbox 471 3611 673 3702; x_wconf 80' lang='grc' dir='ltr'><strong>εὐαγγελικδν</strong></span> <span class='ocrx_word' id='word_1_306' title='bbox 689 3621 958 3702; x_wconf 77' lang='grc' dir='ltr'><strong>προαναρωνῆσαν</strong></span> <span class='ocrx_word' id='word_1_307' title='bbox 1013 3607 1145 3674; x_wconf 87' lang='lat' dir='ltr'>onrmine</span> <span class='ocrx_word' id='word_1_308' title='bbox 1164 3607 1319 3691; x_wconf 86' lang='lat' dir='ltr'>subjungit</span> <span class='ocrx_word' id='word_1_309' title='bbox 1338 3625 1373 3675; x_wconf 80' lang='lat' dir='ltr'>en</span> <span class='ocrx_word' id='word_1_310' title='bbox 1394 3627 1460 3694; x_wconf 78' lang='lat' dir='ltr'>quat</span> <span class='ocrx_word' id='word_1_311' title='bbox 1480 3609 1553 3676; x_wconf 83' lang='lat' dir='ltr'>uitro</span> <span class='ocrx_word' id='word_1_312' title='bbox 1580 3608 1761 3694; x_wconf 76' lang='lat' dir='ltr'>impietatem</span> 
     </span>
     <span class='ocr_line' id='line_1_39' title="bbox 209 3716 1763 3811; baseline -0.001 -29"><span class='ocrx_word' id='word_1_313' title='bbox 209 3718 389 3809; x_wconf 76' lang='grc' dir='ltr'><strong>μυστήριον·</strong></span> <span class='ocrx_word' id='word_1_314' title='bbox 402 3719 485 3783; x_wconf 82' lang='grc' dir='ltr'><strong>ὥστε</strong></span> <span class='ocrx_word' id='word_1_315' title='bbox 498 3717 613 3808; x_wconf 84' lang='grc' dir='ltr'><strong>τρόπον</strong></span> <span class='ocrx_word' id='word_1_316' title='bbox 625 3718 698 3784; x_wconf 77' lang='grc' dir='ltr'><strong>τινὰ</strong></span> <span class='ocrx_word' id='word_1_317' title='bbox 712 3717 886 3811; x_wconf 80' lang='grc' dir='ltr'><strong>ἐπιγραφὴν</strong></span> <span class='ocrx_word' id='word_1_318' title='bbox 902 3728 958 3784; x_wconf 85' lang='grc' dir='ltr'>τοῦ</span> <span class='ocrx_word' id='word_1_319' title='bbox 1013 3716 1099 3798; x_wconf 86' lang='lat' dir='ltr'>fiunt,</span> <span class='ocrx_word' id='word_1_320' title='bbox 1122 3716 1173 3782; x_wconf 92' lang='lat' dir='ltr'>ubi</span> <span class='ocrx_word' id='word_1_321' title='bbox 1195 3716 1346 3801; x_wconf 75' lang='lat' dir='ltr'>evangeiii</span> <span class='ocrx_word' id='word_1_322' title='bbox 1361 3719 1534 3803; x_wconf 77' lang='lat' dir='ltr'>mysterium</span> <span class='ocrx_word' id='word_1_323' title='bbox 1549 3720 1710 3804; x_wconf 83' lang='lat' dir='ltr'>proctamet</span> <span class='ocrx_word' id='word_1_324' title='bbox 1732 3717 1763 3781; x_wconf 93' lang='lat' dir='ltr'>in</span> 
     </span>
     <span class='ocr_line' id='line_1_40' title="bbox 208 3818 1761 3919; baseline -0.001 -27"><span class='ocrx_word' id='word_1_325' title='bbox 208 3818 354 3917; x_wconf 79' lang='grc' dir='ltr'><strong>δευτέρου</strong></span> <span class='ocrx_word' id='word_1_326' title='bbox 377 3825 503 3915; x_wconf 81' lang='grc' dir='ltr'><strong>ψαλμοῦ</strong></span> <span class='ocrx_word' id='word_1_327' title='bbox 526 3828 582 3892; x_wconf 79' lang='grc' dir='ltr'><strong>τὸν</strong></span> <span class='ocrx_word' id='word_1_328' title='bbox 606 3836 729 3917; x_wconf 84' lang='grc' dir='ltr'><strong>πρῶτον</strong></span> <span class='ocrx_word' id='word_1_329' title='bbox 755 3822 843 3892; x_wconf 80' lang='grc' dir='ltr'><strong>εἶναι·</strong></span> <span class='ocrx_word' id='word_1_330' title='bbox 871 3826 958 3919; x_wconf 82' lang='grc' dir='ltr'><strong>λέγει</strong></span> <span class='ocrx_word' id='word_1_331' title='bbox 1011 3833 1208 3890; x_wconf 74' lang='lat' dir='ltr'>antecessum:</span> <span class='ocrx_word' id='word_1_332' title='bbox 1223 3823 1296 3892; x_wconf 81' lang='lat' dir='ltr'>odeo</span> <span class='ocrx_word' id='word_1_333' title='bbox 1307 3834 1341 3891; x_wconf 87' lang='lat' dir='ltr'>nt</span> <span class='ocrx_word' id='word_1_334' title='bbox 1354 3827 1467 3909; x_wconf 87' lang='lat' dir='ltr'>primns</span> <span class='ocrx_word' id='word_1_335' title='bbox 1481 3827 1613 3910; x_wconf 82' lang='lat' dir='ltr'>psalmus</span> <span class='ocrx_word' id='word_1_336' title='bbox 1622 3825 1761 3893; x_wconf 77' lang='lat' dir='ltr'>videntur</span> 
     </span>
     <span class='ocr_line' id='line_1_41' title="bbox 208 3925 1763 4027; baseline -0.002 -27"><span class='ocrx_word' id='word_1_337' title='bbox 208 3933 268 4026; x_wconf 79' lang='grc' dir='ltr'><strong>γὰρ</strong></span> <span class='ocrx_word' id='word_1_338' title='bbox 291 3933 351 4001; x_wconf 66' lang='lat' dir='ltr'>riu</span> <span class='ocrx_word' id='word_1_339' title='bbox 376 3925 428 3999; x_wconf 79' lang='grc' dir='ltr'>διὰ</span> <span class='ocrx_word' id='word_1_340' title='bbox 444 3935 556 4027; x_wconf 74' lang='grc' dir='ltr'><strong>σαρκὸς</strong></span> <span class='ocrx_word' id='word_1_341' title='bbox 573 3939 639 4000; x_wconf 79' lang='grc' dir='ltr'><strong>ἐκεῖ</strong></span> <span class='ocrx_word' id='word_1_342' title='bbox 652 3934 795 4026; x_wconf 81' lang='grc' dir='ltr'><strong>γέννησιν</strong></span> <span class='ocrx_word' id='word_1_343' title='bbox 820 3945 876 4001; x_wconf 91' lang='grc' dir='ltr'>τοῦ</span> <span class='ocrx_word' id='word_1_344' title='bbox 900 3935 958 4009; x_wconf 74' lang='lat' dir='ltr'>oi·</span> <span class='ocrx_word' id='word_1_345' title='bbox 1011 3932 1162 4020; x_wconf 81' lang='lat' dir='ltr'>sequentis</span> <span class='ocrx_word' id='word_1_346' title='bbox 1176 3932 1340 4017; x_wconf 79' lang='lat' dir='ltr'>inscriptio.</span> <span class='ocrx_word' id='word_1_347' title='bbox 1355 3933 1481 4001; x_wconf 81' lang='lat' dir='ltr'>Enomot</span> <span class='ocrx_word' id='word_1_348' title='bbox 1492 3935 1570 4000; x_wconf 91' lang='lat' dir='ltr'>enim</span> <span class='ocrx_word' id='word_1_349' title='bbox 1581 3934 1642 3998; x_wconf 82' lang='lat' dir='ltr'>intio</span> <span class='ocrx_word' id='word_1_350' title='bbox 1656 3934 1763 3998; x_wconf 81' lang='lat' dir='ltr'>factum</span> 
     </span>
     <span class='ocr_line' id='line_1_42' title="bbox 210 4034 1763 4134; baseline 0 -28"><span class='ocrx_word' id='word_1_351' title='bbox 210 4064 302 4132; x_wconf 79' lang='grc' dir='ltr'><strong>μερον</strong></span> <span class='ocrx_word' id='word_1_352' title='bbox 328 4041 382 4132; x_wconf 70' lang='grc' dir='ltr'><strong>μὲν</strong></span> <span class='ocrx_word' id='word_1_353' title='bbox 414 4041 616 4134; x_wconf 78' lang='grc' dir='ltr'><strong>γεννηθέντος</strong></span> <span class='ocrx_word' id='word_1_354' title='bbox 649 4034 686 4107; x_wconf 88' lang='grc' dir='ltr'>δι’</span> <span class='ocrx_word' id='word_1_355' title='bbox 711 4048 794 4131; x_wconf 80' lang='grc' dir='ltr'><strong>ημᾶς</strong></span> <span class='ocrx_word' id='word_1_356' title='bbox 826 4049 958 4133; x_wconf 88' lang='grc' dir='ltr'><strong>Χριστοῦ</strong></span> <span class='ocrx_word' id='word_1_357' title='bbox 1011 4039 1173 4104; x_wconf 81' lang='lat' dir='ltr'>secundum</span> <span class='ocrx_word' id='word_1_358' title='bbox 1187 4058 1306 4106; x_wconf 75' lang='lat' dir='ltr'>oannem</span> <span class='ocrx_word' id='word_1_359' title='bbox 1321 4043 1544 4123; x_wconf 78' lang='lat' dir='ltr'>generationem</span> <span class='ocrx_word' id='word_1_360' title='bbox 1559 4043 1634 4124; x_wconf 85' lang='lat' dir='ltr'>ojus,</span> <span class='ocrx_word' id='word_1_361' title='bbox 1648 4041 1698 4123; x_wconf 94' lang='lat' dir='ltr'>qni</span> <span class='ocrx_word' id='word_1_362' title='bbox 1710 4060 1763 4125; x_wconf 83' lang='lat' dir='ltr'>pro</span> 
     </span>
     <span class='ocr_line' id='line_1_43' title="bbox 211 4139 1764 4240; baseline 0.001 -27"><span class='ocrx_word' id='word_1_363' title='bbox 211 4149 335 4240; x_wconf 81' lang='grc' dir='ltr'><strong>(χρόνου</strong></span> <span class='ocrx_word' id='word_1_364' title='bbox 361 4139 394 4215; x_wconf 80' lang='grc' dir='ltr'>δὲ</span> <span class='ocrx_word' id='word_1_365' title='bbox 419 4149 507 4240; x_wconf 82' lang='grc' dir='ltr'><strong>μέρος</strong></span> <span class='ocrx_word' id='word_1_366' title='bbox 532 4148 599 4213; x_wconf 80' lang='grc' dir='ltr'><strong>ἐστὶ</strong></span> <span class='ocrx_word' id='word_1_367' title='bbox 621 4149 659 4213; x_wconf 79' lang='grc' dir='ltr'>τὸ</span> <span class='ocrx_word' id='word_1_368' title='bbox 677 4150 838 4239; x_wconf 81' lang='grc' dir='ltr'><strong>σήμερον),</strong></span> <span class='ocrx_word' id='word_1_369' title='bbox 856 4150 904 4215; x_wconf 78' lang='grc' dir='ltr'><strong>ἀεὶ</strong></span> <span class='ocrx_word' id='word_1_370' title='bbox 924 4141 958 4215; x_wconf 81' lang='grc' dir='ltr'>δὲ</span> <span class='ocrx_word' id='word_1_371' title='bbox 1011 4147 1098 4212; x_wconf 88' lang='lat' dir='ltr'>nobis</span> <span class='ocrx_word' id='word_1_372' title='bbox 1117 4148 1236 4229; x_wconf 90' lang='lat' dir='ltr'>quidem</span> <span class='ocrx_word' id='word_1_373' title='bbox 1257 4148 1337 4213; x_wconf 78' lang='lat' dir='ltr'>tortis</span> <span class='ocrx_word' id='word_1_374' title='bbox 1350 4148 1483 4214; x_wconf 88' lang='lat' dir='ltr'>Christus</span> <span class='ocrx_word' id='word_1_375' title='bbox 1497 4158 1583 4214; x_wconf 85' lang='lat' dir='ltr'>notus</span> <span class='ocrx_word' id='word_1_376' title='bbox 1596 4158 1641 4216; x_wconf 79' lang='lat' dir='ltr'>est</span> <span class='ocrx_word' id='word_1_377' title='bbox 1654 4148 1764 4232; x_wconf 80' lang='lat' dir='ltr'>(Hodie</span> 
     </span>
     <span class='ocr_line' id='line_1_44' title="bbox 209 4255 1764 4346; baseline 0.001 -28"><span class='ocrx_word' id='word_1_378' title='bbox 209 4256 244 4318; x_wconf 81' lang='grc' dir='ltr'>ἐκ</span> <span class='ocrx_word' id='word_1_379' title='bbox 266 4264 321 4319; x_wconf 92' lang='grc' dir='ltr'>τοῦ</span> <span class='ocrx_word' id='word_1_380' title='bbox 339 4256 467 4346; x_wconf 82' lang='grc' dir='ltr'><strong>Πατρὸς</strong></span> <span class='ocrx_word' id='word_1_381' title='bbox 481 4255 534 4320; x_wconf 71' lang='grc' dir='ltr'><strong>καὶ</strong></span> <span class='ocrx_word' id='word_1_382' title='bbox 551 4259 581 4321; x_wconf 80' lang='grc' dir='ltr'><strong>ἐν</strong></span> <span class='ocrx_word' id='word_1_383' title='bbox 598 4265 645 4340; x_wconf 85' lang='grc' dir='ltr'>τῷ</span> <span class='ocrx_word' id='word_1_384' title='bbox 661 4256 763 4346; x_wconf 75' lang='grc' dir='ltr'><strong>Πατρὶ</strong></span> <span class='ocrx_word' id='word_1_385' title='bbox 780 4256 868 4332; x_wconf 85' lang='grc' dir='ltr'><strong>ὄντος</strong></span> <span class='ocrx_word' id='word_1_386' title='bbox 884 4261 957 4323; x_wconf 83' lang='grc' dir='ltr'><strong>Υῑοῦ</strong></span> <span class='ocrx_word' id='word_1_387' title='bbox 1012 4271 1081 4337; x_wconf 80' lang='lat' dir='ltr'>pars</span> <span class='ocrx_word' id='word_1_388' title='bbox 1097 4257 1236 4340; x_wconf 86' lang='lat' dir='ltr'>temporis</span> <span class='ocrx_word' id='word_1_389' title='bbox 1249 4257 1317 4339; x_wconf 86' lang='lat' dir='ltr'>est),</span> <span class='ocrx_word' id='word_1_390' title='bbox 1332 4275 1447 4342; x_wconf 83' lang='lat' dir='ltr'>semper</span> <span class='ocrx_word' id='word_1_391' title='bbox 1461 4266 1558 4323; x_wconf 83' lang='lat' dir='ltr'>nutem</span> <span class='ocrx_word' id='word_1_392' title='bbox 1572 4275 1608 4322; x_wconf 81' lang='lat' dir='ltr'>ox</span> <span class='ocrx_word' id='word_1_393' title='bbox 1629 4256 1718 4324; x_wconf 87' lang='lat' dir='ltr'>Patro</span> <span class='ocrx_word' id='word_1_394' title='bbox 1733 4263 1764 4323; x_wconf 85' lang='lat' dir='ltr'>et</span> 
     </span>
     <span class='ocr_line' id='line_1_45' title="bbox 209 4361 1763 4455; baseline 0.003 -28"><span class='ocrx_word' id='word_1_395' title='bbox 209 4361 263 4427; x_wconf 73' lang='grc' dir='ltr'><strong>καὶ</strong></span> <span class='ocrx_word' id='word_1_396' title='bbox 278 4369 367 4428; x_wconf 79' lang='grc' dir='ltr'><strong>Θεοῦ·</strong></span> <span class='ocrx_word' id='word_1_397' title='bbox 382 4365 443 4437; x_wconf 79' lang='grc' dir='ltr'><strong>τήν</strong></span> <span class='ocrx_word' id='word_1_398' title='bbox 459 4387 497 4428; x_wconf 80' lang='grc' dir='ltr'>τε</span> <span class='ocrx_word' id='word_1_399' title='bbox 515 4365 676 4448; x_wconf 82' lang='grc' dir='ltr'><strong>βασιλειαν</strong></span> <span class='ocrx_word' id='word_1_400' title='bbox 698 4363 805 4455; x_wconf 78' lang='grc' dir='ltr'><strong>[λέγει]</strong></span> <span class='ocrx_word' id='word_1_401' title='bbox 825 4363 876 4429; x_wconf 69' lang='grc' dir='ltr'>ἐπὶ</span> <span class='ocrx_word' id='word_1_402' title='bbox 894 4373 957 4429; x_wconf 83' lang='grc' dir='ltr'><strong>τῶν</strong></span> <span class='ocrx_word' id='word_1_403' title='bbox 1011 4362 1042 4427; x_wconf 91' lang='lat' dir='ltr'>in</span> <span class='ocrx_word' id='word_1_404' title='bbox 1062 4362 1151 4430; x_wconf 84' lang='lat' dir='ltr'>Putre</span> <span class='ocrx_word' id='word_1_405' title='bbox 1172 4373 1218 4430; x_wconf 90' lang='lat' dir='ltr'>est</span> <span class='ocrx_word' id='word_1_406' title='bbox 1238 4363 1331 4430; x_wconf 82' lang='lat' dir='ltr'>Filius</span> <span class='ocrx_word' id='word_1_407' title='bbox 1351 4373 1382 4432; x_wconf 88' lang='lat' dir='ltr'>et</span> <span class='ocrx_word' id='word_1_408' title='bbox 1401 4366 1494 4432; x_wconf 80' lang='lat' dir='ltr'>osus.</span> <span class='ocrx_word' id='word_1_409' title='bbox 1509 4367 1702 4450; x_wconf 80' lang='lat' dir='ltr'>Regnumque</span> <span class='ocrx_word' id='word_1_410' title='bbox 1716 4385 1763 4432; x_wconf 86' lang='lat' dir='ltr'>os-</span> 
     </span>
    </p>
   </div>
   <div class='ocr_carea' id='block_1_9' title="bbox 209 4456 1879 4558">
    <p class='ocr_par' dir='ltr' id='par_1_9' title="bbox 209 4456 1879 4558">
     <span class='ocr_line' id='line_1_46' title="bbox 209 4456 1879 4558; baseline 0.007 -30"><span class='ocrx_word' id='word_1_411' title='bbox 209 4465 436 4549; x_wconf 84' lang='grc' dir='ltr'><strong>ἀβασιλεθτων,</strong></span> <span class='ocrx_word' id='word_1_412' title='bbox 454 4471 482 4530; x_wconf 86' lang='grc' dir='ltr'>οἱ</span> <span class='ocrx_word' id='word_1_413' title='bbox 499 4456 551 4530; x_wconf 76' lang='grc' dir='ltr'>διὰ</span> <span class='ocrx_word' id='word_1_414' title='bbox 573 4465 611 4530; x_wconf 80' lang='grc' dir='ltr'>τὸ</span> <span class='ocrx_word' id='word_1_415' title='bbox 636 4464 678 4555; x_wconf 76' lang='grc' dir='ltr'>μὴ</span> <span class='ocrx_word' id='word_1_416' title='bbox 706 4457 863 4531; x_wconf 77' lang='grc' dir='ltr'><strong>δουλεύειν</strong></span> <span class='ocrx_word' id='word_1_417' title='bbox 887 4473 957 4551; x_wconf 81' lang='grc' dir='ltr'>Θεῷ</span> <span class='ocrx_word' id='word_1_418' title='bbox 1011 4472 1107 4539; x_wconf 85' lang='lat' dir='ltr'>tendit</span> <span class='ocrx_word' id='word_1_419' title='bbox 1119 4492 1207 4558; x_wconf 87' lang='lat' dir='ltr'>supet·</span> <span class='ocrx_word' id='word_1_420' title='bbox 1220 4491 1271 4540; x_wconf 84' lang='lat' dir='ltr'>eos</span> <span class='ocrx_word' id='word_1_421' title='bbox 1286 4474 1494 4558; x_wconf 83' lang='lat' dir='ltr'>quisinerego</span> <span class='ocrx_word' id='word_1_422' title='bbox 1507 4483 1591 4540; x_wconf 87' lang='lat' dir='ltr'>sunt:</span> <span class='ocrx_word' id='word_1_423' title='bbox 1609 4475 1640 4539; x_wconf 90' lang='lat' dir='ltr'>hi</span> <span class='ocrx_word' id='word_1_424' title='bbox 1654 4492 1761 4556; x_wconf 82' lang='lat' dir='ltr'>nempe</span> <span class='ocrx_word' id='word_1_425' title='bbox 1874 4475 1879 4482; x_wconf 80' lang='grc'><strong>’</strong></span> 
     </span>
    </p>
   </div>
   <div class='ocr_carea' id='block_1_10' title="bbox 208 4568 1758 4756">
    <p class='ocr_par' dir='ltr' id='par_1_10' title="bbox 208 4568 1758 4756">
     <span class='ocr_line' id='line_1_47' title="bbox 208 4568 1758 4742; baseline 0 -96"><span class='ocrx_word' id='word_1_426' title='bbox 208 4571 395 4742; x_wconf 55' lang='grc' dir='ltr'><strong>ὲγῦἔθινεσιν</strong></span> <span class='ocrx_word' id='word_1_427' title='bbox 427 4568 506 4648; x_wconf 76' lang='grc' dir='ltr'><strong>ἦσαν</strong></span> <span class='ocrx_word' id='word_1_428' title='bbox 538 4573 785 4667; x_wconf 74' lang='grc' dir='ltr'><strong>κατειλεγμένον.</strong></span> <span class='ocrx_word' id='word_1_429' title='bbox 815 4571 900 4638; x_wconf 84' lang='lat' dir='ltr'>Vou&#39;c.</span> <span class='ocrx_word' id='word_1_430' title='bbox 926 4593 955 4657; x_wconf 83' lang='lat' dir='ltr'>p·</span> <span class='ocrx_word' id='word_1_431' title='bbox 1010 4583 1062 4665; x_wconf 83' lang='lat' dir='ltr'>qui</span> <span class='ocrx_word' id='word_1_432' title='bbox 1084 4601 1173 4665; x_wconf 81' lang='lat' dir='ltr'>quum</span> <span class='ocrx_word' id='word_1_433' title='bbox 1195 4583 1255 4650; x_wconf 83' lang='lat' dir='ltr'>neo</span> <span class='ocrx_word' id='word_1_434' title='bbox 1270 4601 1329 4648; x_wconf 90' lang='lat' dir='ltr'>non</span> <span class='ocrx_word' id='word_1_435' title='bbox 1343 4583 1505 4665; x_wconf 87' lang='lat' dir='ltr'>obedirent,</span> <span class='ocrx_word' id='word_1_436' title='bbox 1521 4583 1661 4666; x_wconf 86' lang='lat' dir='ltr'>gentibus</span> <span class='ocrx_word' id='word_1_437' title='bbox 1677 4582 1758 4648; x_wconf 89' lang='lat' dir='ltr'>tuere</span> 
     </span>
     <span class='ocr_line' id='line_1_48' title="bbox 211 4679 1205 4756; baseline -0.002 -1"><span class='ocrx_word' id='word_1_438' title='bbox 211 4679 228 4742; x_wconf 82' lang='grc'><strong>6</strong></span> <span class='ocrx_word' id='word_1_439' title='bbox 273 4725 281 4756; x_wconf 71' lang='grc' dir='ltr'><strong>ν</strong></span> <span class='ocrx_word' id='word_1_440' title='bbox 321 4727 327 4740; x_wconf 90' lang='lat'>·</span> <span class='ocrx_word' id='word_1_441' title='bbox 1010 4689 1205 4756; x_wconf 80' lang='lat' dir='ltr'>annumerati.</span> 
     </span>
    </p>
   </div>
   <div class='ocr_carea' id='block_1_11' title="bbox 209 4911 1762 5354">
    <p class='ocr_par' dir='ltr' id='par_1_11' title="bbox 209 4911 1762 5354">
     <span class='ocr_line' id='line_1_49' title="bbox 248 4911 1760 4995; baseline -0.001 -18"><span class='ocrx_word' id='word_1_442' title='bbox 248 4912 295 4972; x_wconf 72' lang='lat' dir='ltr'>Pt·</span> <span class='ocrx_word' id='word_1_443' title='bbox 311 4911 350 4971; x_wconf 82' lang='grc' dir='ltr'>ῙῙ·</span> <span class='ocrx_word' id='word_1_444' title='bbox 365 4921 585 4988; x_wconf 65' lang='lat' dir='ltr'>Argumentum·</span> <span class='ocrx_word' id='word_1_445' title='bbox 598 4915 663 4974; x_wconf 64' lang='lat' dir='ltr'>Vni·</span> <span class='ocrx_word' id='word_1_446' title='bbox 681 4915 723 4974; x_wconf 76' lang='lat'>14·</span> <span class='ocrx_word' id='word_1_447' title='bbox 739 4919 806 4974; x_wconf 61' lang='lat' dir='ltr'>Post</span> <span class='ocrx_word' id='word_1_448' title='bbox 824 4916 958 4973; x_wconf 59' lang='lat' dir='ltr'>Rutilium</span> <span class='ocrx_word' id='word_1_449' title='bbox 1012 4927 1054 4982; x_wconf 85' lang='lat' dir='ltr'>Ds</span> <span class='ocrx_word' id='word_1_450' title='bbox 1077 4926 1180 4981; x_wconf 81' lang='lat' dir='ltr'>Titutis</span> <span class='ocrx_word' id='word_1_451' title='bbox 1196 4925 1383 4994; x_wconf 77' lang='lat' dir='ltr'>psalmorum,</span> <span class='ocrx_word' id='word_1_452' title='bbox 1403 4940 1520 4995; x_wconf 89' lang='lat' dir='ltr'>quorum</span> <span class='ocrx_word' id='word_1_453' title='bbox 1542 4921 1657 4978; x_wconf 83' lang='lat' dir='ltr'>subinde</span> <span class='ocrx_word' id='word_1_454' title='bbox 1676 4920 1760 4994; x_wconf 85' lang='lat' dir='ltr'>pluro</span> 
     </span>
     <span class='ocr_line' id='line_1_50' title="bbox 211 4999 1759 5084; baseline 0.006 -27"><span class='ocrx_word' id='word_1_455' title='bbox 211 4999 361 5062; x_wconf 82' lang='lat' dir='ltr'>incidimus</span> <span class='ocrx_word' id='word_1_456' title='bbox 372 5007 402 5061; x_wconf 92' lang='lat' dir='ltr'>in</span> <span class='ocrx_word' id='word_1_457' title='bbox 413 5011 474 5078; x_wconf 78' lang='lat' dir='ltr'>ejus</span> <span class='ocrx_word' id='word_1_458' title='bbox 484 5007 601 5064; x_wconf 74' lang='lat' dir='ltr'>tratrem</span> <span class='ocrx_word' id='word_1_459' title='bbox 610 5009 780 5080; x_wconf 82' lang='lat' dir='ltr'>Nyssenum,</span> <span class='ocrx_word' id='word_1_460' title='bbox 791 5009 850 5081; x_wconf 84' lang='lat' dir='ltr'>qui,</span> <span class='ocrx_word' id='word_1_461' title='bbox 861 5010 959 5081; x_wconf 86' lang='lat' dir='ltr'>psueis</span> <span class='ocrx_word' id='word_1_462' title='bbox 1013 5031 1028 5068; x_wconf 84' lang='lat' dir='ltr'>e</span> <span class='ocrx_word' id='word_1_463' title='bbox 1040 5014 1162 5068; x_wconf 84' lang='lat' dir='ltr'>tenebris</span> <span class='ocrx_word' id='word_1_464' title='bbox 1175 5029 1313 5083; x_wconf 88' lang='lat' dir='ltr'>eruemus,</span> <span class='ocrx_word' id='word_1_465' title='bbox 1327 5013 1472 5067; x_wconf 77' lang='lat' dir='ltr'>transiisse</span> <span class='ocrx_word' id='word_1_466' title='bbox 1491 5011 1555 5084; x_wconf 88' lang='lat' dir='ltr'>ptus</span> <span class='ocrx_word' id='word_1_467' title='bbox 1567 5014 1663 5073; x_wconf 78' lang='lat' dir='ltr'>,minus</span> <span class='ocrx_word' id='word_1_468' title='bbox 1682 5013 1759 5067; x_wconf 88' lang='lat' dir='ltr'>inte·</span> 
     </span>
     <span class='ocr_line' id='line_1_51' title="bbox 211 5096 1762 5175; baseline 0.006 -27"><span class='ocrx_word' id='word_1_469' title='bbox 211 5096 341 5166; x_wconf 77' lang='lat' dir='ltr'>mutetis,</span> <span class='ocrx_word' id='word_1_470' title='bbox 361 5097 422 5151; x_wconf 84' lang='lat' dir='ltr'>haee</span> <span class='ocrx_word' id='word_1_471' title='bbox 441 5097 524 5152; x_wconf 81' lang='lat' dir='ltr'>hebet</span> <span class='ocrx_word' id='word_1_472' title='bbox 547 5098 575 5152; x_wconf 90' lang='lat' dir='ltr'>in</span> <span class='ocrx_word' id='word_1_473' title='bbox 601 5097 650 5153; x_wconf 90' lang='lat' dir='ltr'>lib.</span> <span class='ocrx_word' id='word_1_474' title='bbox 671 5115 691 5153; x_wconf 89' lang='lat' dir='ltr'>rr</span> <span class='ocrx_word' id='word_1_475' title='bbox 709 5102 752 5156; x_wconf 90' lang='lat' dir='ltr'>De</span> <span class='ocrx_word' id='word_1_476' title='bbox 770 5096 960 5170; x_wconf 78' lang='lat' dir='ltr'>inscriptione</span> <span class='ocrx_word' id='word_1_477' title='bbox 1014 5101 1762 5175; x_wconf 85' lang='lat' dir='ltr'>gruminsimilsetsubtiiissimumopusilliusGrego·</span> 
     </span>
     <span class='ocr_line' id='line_1_52' title="bbox 209 5184 1760 5264; baseline 0.007 -27"><span class='ocrx_word' id='word_1_478' title='bbox 209 5184 385 5252; x_wconf 77' lang='lat' dir='ltr'>psalmorum</span> <span class='ocrx_word' id='word_1_479' title='bbox 404 5200 465 5256; x_wconf 86' lang='lat' dir='ltr'>cop.</span> <span class='ocrx_word' id='word_1_480' title='bbox 487 5198 536 5240; x_wconf 85' lang='lat' dir='ltr'>urtr</span> <span class='ocrx_word' id='word_1_481' title='bbox 562 5185 684 5258; x_wconf 85' lang='lat' dir='ltr'>(Potrot.</span> <span class='ocrx_word' id='word_1_482' title='bbox 705 5201 788 5256; x_wconf 77' lang='lat' dir='ltr'>xciv,</span> <span class='ocrx_word' id='word_1_483' title='bbox 808 5184 862 5242; x_wconf 88' lang='lat' dir='ltr'>col.</span> <span class='ocrx_word' id='word_1_484' title='bbox 881 5185 957 5250; x_wconf 78' lang='lat'><strong>515).</strong></span> <span class='ocrx_word' id='word_1_485' title='bbox 1012 5192 1059 5261; x_wconf 87' lang='lat' dir='ltr'>rii,</span> <span class='ocrx_word' id='word_1_486' title='bbox 1073 5207 1153 5264; x_wconf 89' lang='lat' dir='ltr'>quern</span> <span class='ocrx_word' id='word_1_487' title='bbox 1166 5193 1269 5246; x_wconf 88' lang='lat' dir='ltr'>scimus</span> <span class='ocrx_word' id='word_1_488' title='bbox 1281 5189 1413 5262; x_wconf 78' lang='lat' dir='ltr'>origenis</span> <span class='ocrx_word' id='word_1_489' title='bbox 1427 5191 1704 5246; x_wconf 77' lang='lat' dir='ltr'>amentissimum.·-</span> <span class='ocrx_word' id='word_1_490' title='bbox 1716 5190 1760 5247; x_wconf 83' lang='lat' dir='ltr'>Cf.</span> 
     </span>
     <span class='ocr_line' id='line_1_53' title="bbox 211 5269 1759 5354; baseline 0.004 -28"><span class='ocrx_word' id='word_1_491' title='bbox 211 5269 268 5328; x_wconf 87' lang='lat' dir='ltr'>Neo</span> <span class='ocrx_word' id='word_1_492' title='bbox 287 5275 410 5346; x_wconf 86' lang='lat' dir='ltr'>suspicio</span> <span class='ocrx_word' id='word_1_493' title='bbox 428 5274 516 5344; x_wconf 87' lang='lat' dir='ltr'>deest,</span> <span class='ocrx_word' id='word_1_494' title='bbox 536 5277 682 5347; x_wconf 81' lang='lat' dir='ltr'>egregium</span> <span class='ocrx_word' id='word_1_495' title='bbox 702 5277 834 5348; x_wconf 85' lang='lat' dir='ltr'>Origenis</span> <span class='ocrx_word' id='word_1_496' title='bbox 853 5278 959 5335; x_wconf 76' lang='lat' dir='ltr'>trorum</span> <span class='ocrx_word' id='word_1_497' title='bbox 1014 5283 1045 5332; x_wconf 85' lang='lat'>‘0</span> <span class='ocrx_word' id='word_1_498' title='bbox 1056 5281 1172 5351; x_wconf 75' lang='grc' dir='ltr'><strong>δεύτερος,</strong></span> <span class='ocrx_word' id='word_1_499' title='bbox 1186 5281 1252 5341; x_wconf 84' lang='grc' dir='ltr'><strong>ὅπως</strong></span> <span class='ocrx_word' id='word_1_500' title='bbox 1264 5279 1292 5332; x_wconf 74' lang='grc' dir='ltr'><strong>ἂν</strong></span> <span class='ocrx_word' id='word_1_501' title='bbox 1304 5279 1350 5343; x_wconf 73' lang='grc' dir='ltr'>ἔξω</span> <span class='ocrx_word' id='word_1_502' title='bbox 1360 5283 1404 5343; x_wconf 77' lang='grc' dir='ltr'><strong>σῦς</strong></span> <span class='ocrx_word' id='word_1_503' title='bbox 1415 5276 1527 5344; x_wconf 62' lang='lat' dir='ltr'>nesorio&lt;</span> <span class='ocrx_word' id='word_1_504' title='bbox 1540 5279 1759 5354; x_wconf 78' lang='grc' dir='ltr'><strong>γινώμνοαΝγεε.</strong></span> 
     </span>
    </p>
   </div>
   <div class='ocr_carea' id='block_1_12' title="bbox 0 0 2033 6098">
    <p class='ocr_par' dir='ltr' id='par_1_12' title="bbox 0 0 2033 6098">
     <span class='ocr_line' id='line_1_54' title="bbox 0 0 2033 6098; baseline 0 0"><span class='ocrx_word' id='word_1_505' title='bbox 0 0 2033 6098; x_wconf 95' lang='lat' dir='ltr'> </span> 
     </span>
    </p>
   </div>
  </div>
 </body>
</html>
