3976 6078
279 495 317 560 98
844 489 977 558 CLAVIS
997 490 1027 556 S.
1051 490 1258 557 daemonis

321 643 372 708 77.
392 641 544 723 [Sescenta
559 640 650 708 millia
665 640 816 726 quingenti
838 640 1077 726 quinquaginta,
1093 641 1131 708 ad
1146 652 1357 709 sacramentum
1383 646 1423 726 [p.
1440 643 1489 724 38]
1513 641 1634 708 4ἰ1ιοιιιιιι
1656 641 1758 722 lornei,
1772 641 1822 724 qni

283 754 393 840 egressi
409 765 479 821 eum
493 754 530 820 de
542 755 681 841 AEgypto
698 755 725 818 in
741 754 851 821 Exodo.
870 831 871 836 ἵ

319 872 372 938 78.
390 869 426 952 [X
439 868 555 948 miiliai.
572 868 627 933 Hie
647 887 785 934 numerus
805 871 843 936 ad
856 870 1033 954 Deoalogum
1055 871 1183 957 pertinet
1204 872 1300 955 Legis.
1313 872 1348 939 lu
1360 843 1538 957 Evangelio:
1554 873 1592 938 iit
1606 873 1722 938 obimus
1737 881 1782 938 est
1796 872 1823 936 ei

279 1005 367 1067 unus,
384 985 433 1070 qui
448 984 574 1050 debebat
586 983 685 1051 decem
701 985 791 1049 millia
806 984 926 1052 ulonra.

318 1101 369 1166 79.
386 1100 518 1166 exeun
531 1099 904 1180 millia,adsaoramentum
917 1103 1085 1184 eieoiorum,
1097 1102 1148 1188 qui
1158 1104 1315 1170 exludeis
1329 1103 1360 1169 in
1376 1104 1462 1169 finem
1476 1102 1577 1169 mundi
1599 1103 1737 1170 credituri
1754 1113 1825 1170 suni

278 1216 308 1282 in
323 1215 452 1293 Christo,
468 1226 500 1281 ιιι
514 1215 633 1299 quidam
648 1216 764 1295 volunt,
777 1215 827 1282 ubi
841 1226 872 1283 et
883 1235 984 1302 supra.

319 1336 369 1424 89.
392 1334 521 1400 CXLlssi
535 1333 637 1416 miliia,
652 1334 691 1399 ad
705 1342 918 1402 sacramentum
933 1337 1062 1404 omnium
1076 1337 1236 1420 virgiuum,
1252 1338 1420 1424 dequibus,
1434 1337 1464 1402 in
1483 1336 1668 1422 Apocalypsi.
1684 1337 1723 1402 et
1738 1355 1824 1404 nemo

282 1462 397 1538 poterat
410 1451 557 1518 eanuioum
571 1450 643 1516 illud
656 1450 765 1532 dicere,
775 1450 833 1516 nisi
848 1449 897 1515 iiia
912 1453 1044 1518 CXLiHi
1061 1452 1186 1536 [miliia].
1203 1453 1240 1519 Et
1253 1463 1320 1538 post
1333 1471 1441 1538 panea:
1457 1451 1593 1536 Virgines
1607 1451 1685 1518 enim
1699 1461 1780 1533 sum,
1796 1461 1826 1517 et

281 1569 310 1634 in
325 1587 375 1635 ore
389 1589 489 1636 eorum
503 1587 561 1634 non
575 1577 622 1634 eei
637 1567 787 1636 inuentum
803 1567 998 1634 mendacium.

315 1811 361 1866 77.
381 1810 467 1865 Exod.
487 1827 604 1879 xxxvrm,
621 1810 667 1869 25.
1079 1811 1153 1885 pius,
1172 1814 1265 1866 minus
1284 1811 1423 1882 inieroito,
1437 1809 1477 1864 nil
1491 1809 1581 1880 magis
1595 1823 1688 1880 graeca
1708 1803 1826 1870 reduiei,

315 1900 362 1956 78.
383 1899 484 1969 dietih,
504 1915 582 1966 auur,
601 1900 647 1955 24.
1079 1915 1160 1971 quam
1171 1903 1303 1971 perpetua
1313 1899 1484 1952 enunciatio:
1496 1899 1600 1953 obtinet
1612 1905 1823 1952 sacramentum

316 1989 362 2044 80.
383 1990 469 2060 Apoc.
490 2005 546 2060 xre,
573 1988 601 2056 3,
623 1989 651 2058 4,
670 1987 697 2046 5.
717 1990 747 2043 In
773 1993 831 2045 toto
857 1989 906 2044 illo
931 1990 1023 2062 capite
1078 1988 1255 2056 αά...8ι’χιτιιι
1274 1991 1300 2040 τὸ
1320 1988 1451 2058 μυστήριον
1471 1990 1530 2057 πρὸς
1549 1991 1607 2039 τὸ...

1028 2363 1081 2428 Vi.

734 2605 788 2672 DE
812 2604 957 2672 MUNDO
981 2603 1032 2670 ET
1057 2601 1255 2670 enauimus
1279 2603 1373 2672 EJUS

1020 2845 1086 2928 §¹-

320 3078 350 3140 1.
366 3069 508 3156 Mundus,
523 3087 654 3156 presens
667 3067 747 3136 orbiu
762 3076 913 3150 terrarum,
929 3068 967 3135 de
980 3085 1039 3152 quo
1060 3068 1090 3134 in
1104 3068 1241 3154 psalmon
1255 3069 1372 3136 Domini
1386 3077 1433 3138 est
1452 3078 1527 3136 terra
1541 3079 1572 3136 es
1583 3067 1734 3155 plenitudo
1746 3067 1823 3151 ejus,

279 3190 359 3257 orbis
373 3200 515 3256 terramm
529 3195 559 3253 et
572 3184 704 3264 universi
720 3185 770 3264 qui
785 3183 919 3251 habitant
931 3184 962 3250 in
976 3203 1023 3251 ea.

320 3311 350 3372 9.
366 3304 506 3387 Mundus,
524 3301 674 3369 hominum
688 3319 792 3385 genus.
807 3300 843 3367 ln
857 3300 1035 3383 Evangelio:
1050 3301 1088 3365 Ee
1101 3300 1228 3366 mundus
1241 3318 1307 3366 eum
1321 3317 1380 3365 non
1393 3298 1543 3380 cognoris.

322 3426 352 3490 a.
368 3423 470 3505 Terra,
486 3419 572 3486 homo
587 3419 661 3504 ipse.
676 3417 712 3484 in
725 3416 904 3500 Evangelio:
919 3416 1006 3482 aliud
1022 3416 1127 3482 oecidit
1140 3416 1172 3482 in
1186 3425 1292 3484 terram
1306 3415 1424 3482 bonam.

322 3540 351 3604 4.
367 3538 441 3604 Item
456 3535 488 3602 in
501 3535 590 3601 aliam
604 3543 734 3620 partem:
747 3533 866 3600 Terram
881 3531 951 3598 odes
964 3531 1100 3597 omuibus
1113 3530 1215 3596 diebus
1229 3529 1300 3596 riiae
1315 3539 1383 3596 tua.

321 3656 349 3720 d.
366 3653 471 3732 Arida,
483 3651 654 3717 inimetuosi
669 3649 796 3717 hominis
811 3669 890 3717 earo.
907 3650 941 3715 in
954 3649 1124 3716 Salomone:
1134 3649 1291 3734 Cooperire
1303 3648 1415 3714 aridam
1431 3647 1544 3716 malitia
1557 3655 1586 3714 et
1600 3645 1765 3713 dolosiuue.

321 3774 351 3838 6.
367 3772 467 3852 Terra,
484 3787 552 3835 cam
566 3767 686 3837 Christi.
702 3769 842 3836 lnIeaia:
859 3769 917 3850 Qui
930 3770 1011 3854 jurat
1030 3767 1062 3849 [i.
1080 3768 1130 3851 99]
1147 3768 1177 3833 in
1194 3779 1283 3848 terra,
1296 3768 1376 3851 jurat
1390 3769 1419 3833 in
1433 3766 1569 3835 Domino.
1585 3767 1688 3830 Amen.

321 3891 350 3955 7.
367 3889 471 3972 Terra,
485 3897 585 3955 sancia
596 3885 739 3954 Ecclesia.
752 3887 787 3952 ln
798 3886 925 3972 psalmo:
937 3885 1032 3954 Credo
1043 3885 1145 3953 ridere
1156 3885 1232 3951 hona
1243 3883 1360 3951 Domini
1373 3884 1402 3949 in
1414 3892 1489 3950 terra
1501 3881 1676 3951 virentium.
1689 3883 1726 3947 m
1738 3880 1824 3949 aiibi:

268 4005 416 4088 nomm,
432 4024 450 4073 a
464 4003 568 4091 paueis
580 4006 618 4072 de
632 4014 710 4072 terra
724 4005 880 4090 dispertire
893 4023 955 4072 eos.

320 4126 350 4190 8.
366 4124 467 4207 Terra,
483 4122 609 4189 earnalis
621 4122 765 4209 potentia.
781 4123 816 4188 ln
830 4121 1053 4190 Ecclesiastico:
1068 4118 1150 4201 Quid
1164 4118 1312 4204 superbis,
1327 4128 1402 4186 terra
1419 4125 1449 4184 et
1462 4116 1561 4182 oinisi

271 4313 273 4316 ,
320 4239 350 4303 9.
366 4239 595 4324 annueretur,
610 4240 737 4326 populus
750 4239 930 4324 iudeorum,
945 4239 1009 4307 siue
1022 4256 1122 4305 omnes
1135 4246 1314 4324 pecuniosos.
1328 4235 1364 4302 In
1381 4235 1544 4302 Hieremia:
1559 4235 1648 4301 Terra
1669 4233 1827 4300 desertam

315 4499 362 4558 vl.
378 4499 546 4557 Rubricatum
565 4505 639 4558 iuius
657 4501 757 4558 titulus
769 4505 798 4557 iu
812 4502 843 4571 Ο,
856 4504 948 4575 prima
959 4506 1022 4558 tan-
1079 4503 1177 4557 menda
1196 4501 1330 4557 minorem
1355 4501 1465 4574 spirant
1488 4499 1652 4567 barbariem,
1671 4513 1753 4569 quam
1772 4511 1825 4568 po-

280 4596 339 4648 tum
358 4592 459 4665 eapitis
478 4591 576 4648 littera
594 4594 623 4648 in
641 4595 676 4665 A,
695 4595 799 4651 omisso
818 4594 910 4650 titulo.
1079 4595 1136 4649 iius
1155 4593 1373 4648 vetustissimum
1395 4591 1540 4645 redhibent
1561 4585 1702 4659 exemplar
1721 4603 1826 4657 conge·

319 4680 342 4738 1.
363 4680 410 4736 Pe.
430 4698 511 4750 xmus,
529 4679 554 4738 l.
572 4686 604 4738 iss
624 4701 666 4753 eu,
680 4685 715 4738 ob
735 4700 843 4755 graeca:
864 4683 1023 4754 iriaeugss'sn
1079 4684 1131 4737 atis
1144 4680 1300 4736 uncialibus
1319 4682 1466 4752 stipatum,
1480 4686 1509 4734 ei
1526 4678 1599 4733 lectu
1619 4695 1702 4749 porro
1717 4675 1826 4730 diffieil-

280 4777 322 4825 uui
335 4775 424 4834 πάιτις
438 4779 460 4826 oi
473 4775 641 4835 κατοικοῦντές
652 4777 675 4827 is
688 4773 939 4846 sirii.-EiiamS'.
953 4775 1024 4830 Ges·-
1078 4769 1186 4828 limum.
1210 4770 1323 4826 Interim
1349 4785 1437 4842 pauca
1462 4766 1566 4823 saecula
1590 4765 1653 4820 inde
1678 4764 1711 4819 ad
1736 4782 1825 4820 aevum

279 4863 354 4916 mani
373 4851 542 4934 psalterium
556 4865 659 4919 retinet
682 4867 734 4936 qui
751 4867 881 4920 dubitasse
899 4867 931 4920 iss
951 4881 1024 4932 eam,
1079 4859 1263 4930 apostolieum
1281 4857 1418 4914 uueiaiem
1437 4857 1538 4912 librum
1559 4854 1694 4910 referunt.

280 4953 405 5024 quamvis
423 4951 529 5007 haereat
548 4955 576 5008 in
596 4969 647 5008 sua
664 4951 744 5008 itala.
763 4953 933 5009 Sabaioi-ius.
1113 4948 1141 5004 6.
1162 4949 1198 5003 ia.
1218 4965 1283 5016 axv,
1308 4947 1347 5003 lo.
1368 4965 1422 5002 ιιι
1442 4949 1566 5018 isodorus,
1586 4943 1792 5016 rulg.jurudis.

314 5039 342 5096 2.
362 5041 405 5095 Jo.
425 5059 445 5111 ι,
468 5041 509 5096 10.
530 5073 564 5086 -
583 5041 610 5096 3.
631 5043 719 5097 Mare.
739 5057 779 5108 ru,
798 5041 844 5096 98.
1113 5035 1140 5090 7.
1162 5038 1209 5091 Pe.
1230 5043 1307 5106 ιιιιιι1
1331 5035 1379 5104 13·,
1400 5053 1457 5102 xur,
1479 5035 1522 5092 14.

315 5127 342 5185 4.
364 5133 434 5186 Gen.
446 5146 490 5202 ms,
506 5131 549 5188 14.
563 5165 597 5177 -
610 5135 686 5206 quod
701 5137 798 5204 pes-ire
809 5133 924 5188 aridum
943 5133 977 5199 A,
993 5131 1022 5188 C.
1113 5128 1142 5182 8.
1161 5127 1247 5186 Ecoli.
1266 5147 1294 5196 x,
1313 5129 1340 5182 9.

280 5225 383 5279 militia
402 5222 433 5278 C.
453 5225 519 5292 Quae
538 5241 593 5280 non
617 5241 707 5299 pauca
730 5221 887 5278 istiusmodi
911 5221 1025 5276 horrida
1113 5217 1140 5274 9.
1161 5219 1261 5274 darem.
1281 5234 1318 5274 m.
1336 5215 1381 5272 43.
