3978 6086
532 872 951 1010 sumemus
1002 779 1601 1006 HIPPOLYTUH

421 1201 760 1310 PORTUS
813 1201 1158 1308 ROMANI
1211 1200 1713 1308 EPISOOPUS.

336 2017 407 2083 Post
420 2015 596 2096 mugirtmm
609 2015 782 2100 discipulus,
798 2023 866 2098 post
878 2016 1022 2082 lrenaeum
1037 2015 1261 2097 Lugdunensem
1275 2013 1423 2079 Romanus
1437 2011 1615 2096 Hippolytus
1633 2012 1729 2078 locum
1742 2011 1846 2078 habet.

299 2124 347 2191 lle
366 2141 425 2209 quo
445 2121 529 2188 multi
550 2121 644 2187 multa
664 2129 695 2188 et
714 2122 817 2188 varia:
839 2140 879 2188 an
899 2123 990 2190 etiam
1018 2124 1108 2190 luerit
1127 2121 1360 2202 Alexandrinus,
1381 2137 1420 2186 un
1442 2119 1603 2186 Galliarum
1626 2120 1782 2200 alumnus,
1809 2139 1850 2186 an

299 2231 474 2310 orientalis,
493 2247 532 2295 an
552 2229 722 2295 Hostrurmtr
742 2239 795 2294 aut
808 2231 938 2295 Arabum
951 2230 1087 2310 antistes,
1104 2239 1138 2295 ut
1151 2229 1235 2294 mulli
1256 2228 1402 2308 referunt3
1425 2245 1464 2293 an
1485 2227 1595 2313 presul
1615 2227 1702 2293 Urbis
1714 2237 1768 2293 aut
1781 2227 1852 2294 sub·

299 2338 476 2419 urbicarius,
498 2355 538 2403 au
558 2337 678 2403 tandem
697 2336 812 2422 imperil
833 2348 961 2420 senator,
977 2347 1010 2402 ut
1023 2356 1132 2422 graues
1145 2346 1280 2405 assemrnt
1293 2335 1422 2403 Haurini
1436 2337 1473 2418 ¹),
1488 2337 1569 2403 lraud
1582 2338 1647 2404 sine
1659 2336 1852 2420 gravidatio

299 2445 495 2528 disceptatur.
512 2442 570 2509 Sed
584 2443 762 2526 Hieronymo
775 2451 855 2510 certe
865 2453 911 2510 est
922 2444 1123 2510 &moramur
1136 2445 1173 2526 ²),
1189 2446 1346 2511 Anastasio
1358 2447 1554 2512 ronrtisrimus
1567 2453 1595 2510 et
1606 2463 1727 2530 oropous
1741 2445 1850 2526 decor,

301 2553 480 2636 urtumque
498 2553 574 2616 uuas
592 2550 785 2634 fidelissimus,
799 2551 904 2618 Photio
924 2551 1090 2636 perspicuus
1105 2551 1321 2636 Surptrrrorurrr
1340 2553 1487 2635 iotaprrr,
1510 2551 1608 2636 erupto
1621 2557 1744 2616 ortuum
1762 2570 1849 2634 ιιιιιιι,

305 2657 434 2724 Eusebio
454 2656 577 2741 primus,
600 2657 684 2740 cujus
704 2656 811 2722 texitur
831 2659 922 2723 series
934 2658 993 2725 lere
1007 2659 1146 2725 continua
1164 2658 1438 2725 commentariorum
1459 2659 1491 2722 in
1511 2677 1613 2724 omnes
1632 2658 1722 2722 libros
1740 2677 1851 2737 saeros,

302 2783 390 2850 quam
409 2765 460 2831 uel
482 2765 540 2848 ipsi
560 2765 684 2830 Romani
705 2766 869 2852 coequales
883 2765 1043 2850 insculpta
1057 2766 1247 2832 lateranensi
1265 2766 1403 2834 cathedra
1425 2766 1612 2833 tradiderunt
1630 2765 1851 2830 immortalitati.

305 2872 539 2938 Commentarios
557 2871 755 2962 Hieronymus
775 2874 914 2960 repperit,
926 2873 1014 2954 uidit,
1028 2874 1170 2958 legitque,
1191 2873 1328 2940 collectos
1347 2873 1493 2940 indelessa
1509 2873 1540 2939 S.
1556 2873 1713 2940 Alexandri
1734 2891 1804 2938 eura
1825 2864 1855 2938 in

307 2979 484 3046 bibliotheca
497 2981 773 3066 Hierosolymitana.
789 2985 811 3066 ³)
834 2983 877 3049 Ila
892 2982 948 3048 luit
968 2983 1041 3048 tanti
1062 2980 1196 3060 magistri
1212 2981 1379 3062 celebritas,
1397 2989 1430 3046 ut
1442 2981 1598 3065 Origenem
1618 2981 1694 3046 inter
1709 2979 1857 3046 auditores

310 3087 455 3169 hubuerlt,
472 3087 518 3154 cui
533 3089 758 3169 emulationem,
774 3100 895 3174 urgente
908 3091 1073 3172 Ambmsio,
1089 3088 1204 3155 dederit
1217 3087 1256 3154 ad
1269 3087 1510 3156 conscribendum
1524 3085 1635 3154 similes
1654 3093 1685 3154 et
1699 3097 1858 3172 perpetuos

304 3195 336 3259 in
356 3213 455 3262 sacras
476 3195 642 3280 Scripturas
662 3198 895 3263 commentarios.
911 3199 933 3278 ⁴]

1063 3493 1100 3588 Ι.

351 3729 434 3795 Unde
454 3729 549 3812 magis
576 3728 750 3812 dolendum,
772 3748 809 3796 er
837 3731 893 3797 doe
912 3731 1005 3798 altero
1026 3732 1223 3800 Adamantino
1250 3741 1312 3797 tam
1338 3747 1431 3814 pauca
1457 3748 1629 3814 superesse,
1651 3748 1706 3795 nee
1733 3731 1854 3797 multam

312 3855 396 3920 spem
415 3835 535 3916 nutriri,
557 3844 591 3902 ut
610 3836 774 3902 seltener
794 3837 904 3903 ultimis
924 3840 1118 3906 Orientalium
1138 3840 1283 3925 reliquiis,
1299 3840 1378 3925 quod
1398 3839 1510 3905 Irenaeo
1527 3839 1663 3923 conligit,
1684 3841 1788 3905 endem
1808 3841 1851 3905 la·

312 3952 405 4008 rente
421 3943 547 4024 fortuna,
563 3953 678 4010 crescat
690 3945 880 4029 Hippolytus.
895 3947 969 4026 Quae
989 3947 1067 4014 enim
1087 3949 1232 4032 speranda
1246 3958 1317 4014 sunt
1330 3968 1366 4014 er
1380 3947 1509 4031 Syriacis
1523 3947 1682 4030 lnglorum
1695 3947 1780 4012 codd.
1793 3949 1855 4031 jam

312 4049 436 4116 messuit
456 4050 504 4116 rir
523 4051 662 4130 egregius
682 4051 791 4118 Paulus
812 4055 956 4137 Lagarde,
971 4056 1022 4139 qui
1043 4075 1094 4121 serr
1109 4065 1224 4121 tantum
1238 4057 1412 4139 fragmenta,
1432 4055 1485 4120 sed
1505 4054 1625 4119 minime
1646 4053 1815 4131 temnenda,
1828 4053 1858 4118 in

311 4156 471 4238 Danielem,
494 4157 525 4221 in
547 4157 679 4240 carme,
702 4160 733 4224 in
754 4161 997 4226 Resurrectionem
1009 4172 1039 4228 et
1055 4162 1172 4228 Paccio
1185 4162 1243 4229 luci
1258 4163 1349 4228 dedit.
1365 4163 1389 4242 ⁵)
1405 4163 1484 4229 Bene
1497 4171 1552 4242 est,
1568 4162 1644 4246 quod
1666 4160 1757 4227 multo
1778 4159 1856 4226 ube-

315 4262 392 4329 riora
412 4264 553 4330 armenia
574 4267 771 4333 servaverint.
787 4269 854 4333 Jam
867 4267 945 4334 euim
959 4277 1068 4352 praesto
1082 4269 1153 4335 mihi
1167 4280 1237 4336 sunt
1251 4270 1334 4354 plura
1349 4286 1437 4354 quam
1450 4268 1570 4350 uellem,
1593 4287 1684 4351 quum
1706 4266 1754 4332 rix
1776 4287 1793 4332 a
1813 4285 1860 4332 me

313 4389 371 4436 non
392 4371 621 4456 impetraverim,
636 4375 709 4458 quin
726 4395 762 4442 ea
775 4393 842 4460 quae
856 4387 1028 4461 sequuntur,
1042 4377 1132 4461 duplo
1146 4378 1277 4444 auctiora
1292 4377 1405 4459 darem,
1421 4397 1487 4461 qum
1507 4386 1585 4442 certe
1605 4393 1670 4442 rara
1690 4385 1720 4441 et
1740 4375 1856 4459 copiosa

313 4487 393 4544 sunt.
415 4479 548 4546 candide
567 4499 638 4561 rem,
659 4483 702 4547 uti
723 4491 779 4564 est,
802 4483 908 4548 diram.

354 4587 510 4672 Superiora
531 4589 695 4672 fragmenta
716 4591 817 4676 Papiae
837 4600 867 4658 et
888 4589 1005 4674 Irenaei,
1027 4593 1175 4658 armenico
1189 4601 1320 4673 seruata,
1337 4592 1411 4658 adeo
1425 4591 1509 4656 laetus
1524 4599 1684 4673 gratusque
1703 4607 1759 4672 ego
1779 4607 1858 4655 rece·

316 4714 428 4780 peram,
442 4703 475 4761 ut
495 4713 549 4780 pro
563 4715 615 4763 sua
629 4699 827 4764 amoenissimu
843 4697 1026 4766 humanitate
1038 4699 1312 4767 Heverendissimus
1326 4699 1592 4766 Hochitaristarum
1606 4697 1730 4777 erasos,
1747 4695 1859 4764 arehie-

316 4805 452 4889 piscopus
471 4805 753 4890 Traianopolitanus,
774 4808 909 4890 ignatius
929 4807 1113 4887 Kareghian,
1136 4807 1262 4872 monitus
1276 4826 1366 4892 penes
1381 4827 1428 4872 me
1448 4825 1514 4872 esse
1534 4825 1552 4871 a
1573 4805 1674 4871 multis
1694 4805 1781 4870 annis
1801 4804 1860 4870 duo

316 4911 423 4996 exigua
438 4913 470 4976 S.
486 4913 638 4998 Hippolyti
653 4915 793 4998 prooemiu
809 4913 1003 4996 homiliarum,
1017 4916 1137 5011 jusserit
1152 4915 1190 4979 ad
1204 4903 1368 4980 meos'usus
1381 4915 1512 4999 conquiri
1528 4925 1561 4981 et
1574 4914 1649 4979 mitti
1669 4927 1861 4997 quacumque

354 5145 378 5210 ¹)
397 5145 473 5202 Hist.
494 5146 579 5201 litter.
599 5147 634 5202 de
654 5148 682 5201 la
701 5149 824 5216 Franco,
845 5153 867 5203 t.
879 5165 888 5204 ι
901 5167 931 5220 p.
949 5147 1012 5205 361.
1027 5177 1061 5190 -
1116 5149 1147 5203 S.
1161 5119 1298 5219 Hippolitr'
1317 5153 1337 5203 l.
1352 5168 1369 5206 ι.
1382 5168 1410 5222 p.
1422 5165 1482 5207 vm.
1494 5151 1602 5205 Patrol.
1615 5163 1659 5220 pr.
1675 5151 1695 5200 t.
1712 5145 1796 5202 xeol.
1808 5145 1861 5201 570

318 5231 341 5298 ²)
362 5235 420 5288 Hoc
439 5234 628 5289 testimonium
646 5239 831 5308 adaequantia
849 5237 974 5292 referunt
993 5235 1061 5292 Gal·
1120 5255 1179 5310 sqq.
1190 5267 1224 5279 -
1237 5236 1261 5302 3)
1282 5237 1382 5292 Euteb.
1397 5238 1432 5294 H.
1446 5239 1478 5294 Ε.
1492 5235 1646 5305 v1,20‚22.
1662 5265 1696 5276 -
1709 5237 1734 5301 ⁴)
1748 5235 1862 5291 Hieron.

233 5343 236 5351 ·
321 5322 395 5377 land.
416 5327 437 5377 l.
458 5341 489 5391 rr,
509 5341 537 5393 p.
555 5323 619 5385 469.
639 5327 782 5380 Fabricius
796 5328 825 5380 in
845 5330 985 5394 proremiis
1003 5345 1064 5399 opp.
1120 5329 1154 5382 de
1183 5328 1242 5383 Vir.
1262 5326 1448 5392 utcu-⁵)
1470 5331 1555 5385 Amol.
1575 5327 1699 5401 syriaca,
1719 5345 1747 5397 p.
1767 5323 1862 5382 79-91.
