3978 6086
654 531 801 603 Pontus
822 529 972 605 tonent
992 534 1196 604 scissurus
1609 481 1613 488 ·
1641 541 1699 612 ‘lii

152 685 328 774 Hippolyto,
355 685 479 757 libenter
499 689 657 756 lectoribus
676 693 908 758 remmittuntur.
927 692 1107 759 Amissorum
1127 703 1226 760 numm
1246 692 1426 761 desiderium
1446 697 1533 762 simul
1548 711 1649 783 auget,
1665 703 1704 768 si-

152 799 272 881 mulque
292 797 428 863 solatium
449 807 573 876 prestat
593 797 799 881 Hieronymus,
815 819 905 882 quum
919 810 1038 865 monent
1051 801 1130 883 epud
1144 801 1331 866 Ambrosium
1348 803 1498 871 transiisse
1518 807 1704 892 potissimum

152 903 311 988 Hippolyti
332 912 363 968 et
383 904 485 970 Basilii
500 905 675 986 sententies,
691 915 726 970 ut
739 905 823 971 lecile
836 907 1008 972 crediderim
1024 907 1062 972 nd
1075 907 1269 992 Hippolytum
1282 911 1430 993 pertinere
1450 914 1481 978 in
1502 915 1605 998 primis
1623 917 1704 985 theo-

149 1011 261 1094 logiam
281 1012 491 1095 symbolicam,
508 1011 537 1078 in
552 1031 611 1095 qun
631 1011 755 1078 feliciter
774 1014 940 1080 luxurietur
959 1014 1196 1081 Mediolanensis.

191 1120 252 1186 Sed
275 1137 390 1202 vereor,
412 1141 451 1187 ue
471 1121 576 1186 videor
596 1138 654 1186 unu
669 1140 758 1186 manu
772 1121 890 1203 addere,
907 1122 1024 1188 demere
1037 1121 1138 1198 altere,
1152 1141 1243 1206 quum
1256 1124 1362 1190 iisdem
1383 1126 1534 1193 Vaticanis
1553 1128 1705 1194 codicibus
1821 1111 1827 1128 ⁹

156 1245 246 1312 roger
268 1231 306 1296 ud
327 1229 453 1313 plurimu
476 1231 604 1296 tollenda
625 1247 661 1293 ex
681 1229 760 1297 XXV
780 1229 899 1295 scholiis
919 1231 957 1296 nd
972 1229 1120 1312 Genesim,
1143 1247 1211 1314 quae
1230 1232 1382 1298 Fabricios
1396 1252 1432 1299 ex
1446 1254 1506 1300 unc
1523 1237 1622 1302 codice
1636 1238 1705 1306 Vin·

153 1337 317 1402 doboncnsi
340 1340 459 1423 recepit.

195 1443 426 1511 t.⁰1nGenes.
450 1445 476 1526 I,
499 1447 517 1510 6
542 1447 668 1528 (Porioi.
691 1446 728 1526 X,
751 1447 805 1525 ccl,
831 1447 917 1530 686),
939 1445 1082 1511 scholium
1103 1457 1144 1534 τῇ
1171 1447 1225 1538 μὲν
1249 1448 1359 1540 πρώτῃ
1382 1466 1447 1514 esse
1471 1447 1578 1514 dicitur
1603 1451 1705 1516 Severi

157 1550 189 1615 in
204 1561 264 1615 cat.
280 1552 438 1636 Lipsiensi,
455 1573 490 1620 ac
505 1555 612 1620 diserte
633 1563 821 1647 Σευηριανοῦ
844 1567 907 1621 τῶν
932 1549 1083 1620 Γαὸάλων
1106 1552 1137 1619 in
1157 1553 1252 1620 Pelet.
1275 1556 1344 1619 5⁰3.

201 1661 246 1723 2⁰
266 1658 301 1724 ln
322 1661 431 1726 Gentes.
453 1661 555 1741 XLIX,
578 1665 597 1725 b
620 1662 748 1744 (Paitoi.
771 1663 807 1742 X,
829 1663 884 1728 col.
902 1661 1025 1744 6881)),
1042 1662 1213 1744 postverba
1233 1655 1388 1755 διέτρισαν
1411 1664 1454 1730 τὰ
1477 1675 1581 1756 νεῦρα,
1602 1663 1710 1747 incipit

157 1783 271 1833 novum
299 1777 331 1833 ct
351 1768 431 1834 eliud
452 1769 594 1836 scholium
610 1771 691 1864 Ὅρα
714 1783 769 1837 τοῦ
792 1773 888 1865 λόγου
911 1771 971 1846 riv
996 1773 1193 1864 surripuere,
1216 1771 1295 1853 quod
1316 1769 1390 1835 clins
1415 1771 1445 1836 in
1473 1770 1576 1837 endem
1604 1780 1707 1837 catena

157 1872 271 1954 Cyrillc
293 1875 449 1941 ascribitur
462 1895 555 1960 usque
569 1879 606 1944 nd
622 1879 712 1944 verbe
734 1881 772 1945 τὸ
797 1877 876 1969 αἷμα
900 1885 996 1944 αὑτοῦ
1017 1878 1085 1957 (ccl.
1109 1877 1180 1956 689)
1201 1879 1254 1943 καὶ
1275 1877 1318 1943 τὰ
1341 1871 1420 1957 ἑξῆς.

198 1983 243 2046 3.⁰
263 1983 298 2048 In
320 1984 428 2049 Gentis.
450 1984 550 2065 XLIX,
574 1988 677 2066 12-15,
694 1987 787 2052 verba
807 1998 919 2053 τοῦτον
944 1991 1089 2080 εὐλογῶν.
1116 2023 1155 2036 -
1180 1985 1369 2075 προφητεύει
1393 1984 1572 2066 Apollinario
1586 1985 1706 2064 dantur,

158 2099 190 2155 ct
204 2109 272 2156 mou
287 2091 419 2174 cyrillus
439 2093 571 2177 sequitur
591 2113 684 2178 usqne
705 2094 744 2160 ed
765 2095 853 2160 linem
877 2097 963 2180 αἰτίᾳ
985 2094 1039 2159 καὶ
1062 2085 1193 2179 bresone
1220 2090 1286 2170 (ccl.
1303 2091 1361 2154 dnn
1376 2092 1410 2171 B,
1426 2091 1472 2170 C),
1487 2091 1517 2156 in
1537 2092 1604 2158 iisd.
1622 2093 1707 2161 codd.

200 2197 243 2260 l.⁰
264 2197 299 2262 In
321 2199 419 2264 Genes
438 2198 539 2281 XLIX,
563 2201 665 2282 til-nt,
689 2212 755 2285 post
774 2200 865 2267 verbu
886 2203 953 2267 ἔστι
976 2201 1138 2290 λῃστεύων
1163 2198 1231 2276 (col.
1252 2199 1309 2292 693
1331 2199 1378 2281 C),
1401 2198 1592 2265 exordiuntur
1614 2201 1645 2264 in
1660 2217 1708 2264 cn-

159 2305 238 2372 tonis
260 2307 374 2390 prolixo
396 2307 508 2390 cyrillo
527 2307 708 2373 vindicando
728 2327 820 2390 usque
840 2308 877 2373 ed
898 2309 990 2373 verbe
1013 2301 1171 2397 δυνάμεως
1194 2313 1274 2374 Θεοῦ
1298 2307 1365 2386 (col.
1389 2307 1447 2371 696
1468 2305 1515 2385 C).

200 2416 244 2477 de
263 2415 299 2478 ln
312 2415 420 2480 Genus.
443 2413 543 2494 XLIX,
564 2416 874 2499 hesperidum
894 2415 957 2480 inse
979 2415 1148 2499 interposito
1171 2415 1307 2498 leguntur
1327 2414 1365 2479 cb
1384 2413 1441 2479 hoc
1461 2415 1613 2480 lemmate:
1638 2416 1711 2482 Post

158 2521 297 2586 cmmoda
316 2521 504 2605 Apolliccrir',
525 2522 676 2605 usquead
696 2522 776 2588 eliud
797 2522 872 2586 Post
890 2521 992 2605 cyrilli
1011 2521 1230 2602 schonberch
1250 2520 1402 2602 eidemque
1416 2519 1528 2602 Cyrillo
1549 2520 1642 2586 nostri
1657 2539 1705 2586 co·

161 2630 241 2695 dices
260 2629 469 2712 astipulentur.

201 2739 245 2800 ds
267 2736 343 2802 ibid.
360 2758 392 2804 r.
408 2739 460 2818 tc,
476 2747 570 2804 totum
584 2737 727 2804 scholium
746 2741 800 2832 ὄρη
826 2728 964 2805 αἰώνια...
980 2739 1087 2804 iterum
1101 2738 1211 2821 cyrillo
1225 2745 1257 2802 et
1269 2737 1376 2804 meritc
1390 2738 1420 2801 in
1435 2735 1521 2803 codd.
1542 2746 1710 2804 cannarum

160 2843 247 2909 datur
271 2845 335 2926 (eol,
359 2844 416 2908 691
440 2846 492 2926 Β).

200 2951 275 3031 Quae
295 2959 436 3035 perpetuo
457 2969 601 3017 consensu
622 2954 775 3019 conlirmnt
795 2953 951 3036 Nicephcri
973 2962 1078 3018 octena
1099 2951 1275 3034 Lipsiensis.
1293 2951 1313 3032 1)
1339 2950 1485 3017 Praetcren
1506 2951 1532 3015 si
1553 2951 1622 3035 quis
1645 2950 1709 3015 heco

158 3061 257 3121 omnia
278 3058 413 3140 superius
434 3058 580 3123 recensito
607 3060 764 3125 meditetur
784 3060 960 3143 diligenter,
985 3060 1068 3125 lncile
1089 3057 1301 3142 deprehendet,
1322 3067 1465 3140 qnantum
1490 3058 1531 3122 sit
1550 3056 1710 3125 discrimen

160 3162 236 3230 inter
255 3174 360 3230 cetera
379 3165 474 3230 reteri
496 3165 647 3249 interpreti
670 3167 842 3232 ascribenda
863 3176 893 3231 et
915 3167 983 3246 istu,
1000 3185 1066 3230 cum
1087 3165 1280 3231 recentiorum
1295 3165 1402 3245 indole,
1418 3165 1566 3244 methodo,
1587 3165 1711 3229 circuitu

160 3271 317 3336 manifeste
338 3271 465 3355 digestu.
482 3271 562 3352 Quid
577 3272 686 3356 plural
700 3274 799 3339 hdisis
813 3273 966 3358 cyrillum,
988 3273 1094 3339 evolve
1114 3273 1178 3356 ejus
1193 3271 1352 3354 Glaphyro,
1366 3281 1396 3336 et
1416 3271 1466 3336 ubi
1486 3270 1658 3355 perveneris
1673 3271 1711 3338 ed

160 3378 267 3444 librum
287 3379 350 3461 vn,
374 3379 419 3443 Dr
440 3381 688 3446 Boudictiooilcs
709 3381 962 3460 Potricrchcrcm,
984 3378 1177 3463 Hippolytum
1198 3379 1228 3442 in
1249 3378 1363 3462 Cyrillo
1382 3377 1477 3460 leges,
1498 3396 1534 3444 nc
1553 3378 1709 3444 mireberIs

163 3485 191 3548 id
213 3486 354 3552 hactenus
374 3488 504 3553 nondum
525 3488 613 3553 luisse
633 3489 775 3554 notatum.
788 3487 916 3552 Etenim
935 3485 974 3550 nd
988 3502 1070 3549 num.
1087 3485 1105 3548 3
1124 3483 1246 3566 (Pctrol.
1261 3502 1307 3567 gr.
1323 3483 1422 3564 LXIX,
1437 3483 1493 3549 col.
1516 3485 1575 3550 3l8
1597 3484 1633 3566 C,
1648 3483 1707 3549 stt

162 3596 197 3675 A,
213 3593 250 3672 il)
264 3592 359 3658 locum
378 3594 504 3678 primum
525 3595 658 3660 invenies
681 3595 915 3678 integerrimum:
941 3593 1066 3678 θανάτῳ
1090 3617 1118 3658 κ.
1142 3618 1172 3658 τ.
1196 3597 1233 3684 t,
1256 3591 1309 3656 vix
1324 3608 1463 3658 eumuna
1477 3600 1530 3656 aut
1543 3591 1635 3658 alteru
1656 3611 1712 3658 ve-

162 3699 276 3766 rietnte.
292 3703 316 3784 2)
339 3701 414 3768 Tum
435 3703 523 3785 paulo
544 3703 665 3769 interius
687 3704 754 3784 (ccl.
778 3703 837 3769 stt
857 3706 892 3785 h,
916 3703 975 3766 366
995 3705 1031 3780 h,
1052 3701 1088 3781 Β)
1109 3700 1219 3766 incides
1240 3699 1272 3764 in
1292 3699 1438 3784 prolixum
1455 3697 1492 3766 de
1505 3699 1617 3764 Dauicn
1639 3719 1709 3784 pro·

162 3806 264 3892 phetia
286 3809 540 3889 commentarium,
561 3827 660 3895 neque
680 3830 799 3895 opernm
819 3810 933 3895 perdes,
954 3809 1025 3875 dum
1045 3807 1076 3874 in
1097 3816 1265 3874 transcursu
1285 3808 1506 3875 emendaveris:

203 3917 250 3980 I.⁰
271 3917 358 4000 Apud
379 3915 541 4003 cyrillum:
565 3920 841 4011 εἰσκειιομημένης,
858 3938 911 4004 pro
926 3917 1236 4008 εἰσκειιοσμισριένης;

203 4025 249 4087 2⁰
272 4023 359 4106 Apud
379 4023 563 4090 Fabricium:
586 4026 718 4116 ἔμελλον
743 4019 778 4092 δὲ
800 4031 935 4105 πολλῶν,
950 4043 1002 4108 pro
1024 4025 1156 4114 ἔμελλον
1180 4016 1215 4088 δὲ
1238 4028 1377 4113 μᾶλλον;

204 4131 247 4193 35¹
268 4131 379 4195 Rursus
402 4130 432 4196 in
449 4131 625 4216 Glaphyrt't:
645 4127 731 4200 δεινοὶ
753 4134 807 4199 καὶ
830 4133 955 4224 ἄφυκτα
978 4124 1142 4224 δήγματα,
1166 4148 1219 4213 pro
1243 4122 1400 4222 δόγματα,
1427 4130 1579 4195 ditavere
1592 4137 1619 4194 ct
1632 4132 1713 4194 itton-

162 4236 313 4320 pliccdr'tic
332 4241 480 4321 dopmotc,
504 4248 537 4302 ut
557 4238 650 4304 bonus
671 4239 761 4305 babet
781 4241 947 4319 hubertum

204 4345 249 4409 is
271 4344 356 4429 hpud
375 4346 511 4412 eumdem
531 4346 612 4429 lege:
634 4349 737 4440 ὥσπερ
760 4343 951 4440 ὑρεζηκότος
975 4343 1234 4438 ὑπεραρθήσεται,
1258 4362 1312 4428 pro
1325 4342 1450 4409 burbure
1464 4342 1585 4408 intrusis
1605 4339 1714 4436 ὑριζη-
1789 4346 1794 4354 ’

164 4454 255 4532 κότος
280 4453 539 4534 ὑπτιασθήσεται,
565 4471 618 4520 nec
638 4453 728 4519 velim
750 4472 854 4538 parcns
872 4453 967 4520 verbo
987 4451 1067 4517 bend
1086 4451 1185 4516 minus
1205 4450 1344 4516 insolenti
1358 4450 1438 4534 npud
1453 4447 1619 4516 Fabricium
1639 4455 1712 4542 dpe-

165 4555 316 4640 ξηκότοα

206 4671 250 4734 6.ο
265 4669 324 4735 sed
339 4668 435 4752 repre
448 4669 486 4734 ab
502 4669 629 4735 huberto
641 4671 839 4764 πικροτάτων
855 4672 952 4761 ἔχεων
969 4662 1070 4746 δίκην,
1087 4685 1141 4751 pro
1151 4666 1250 4751 lepido
1258 4665 1382 4732 Fabricii
1396 4667 1532 4733 invento:
1548 4667 1714 4759 ὑποκριταὶ

165 4778 262 4867 ἔχεων
287 4769 392 4857 ilicum

207 4885 252 4946 be
273 4885 362 4951 Juxta
393 4885 525 4950 eumdem
547 4886 708 4952 hubertum
736 4885 836 4951 stetim
863 4886 958 4951 scribe
979 4887 1156 4978 ἐπαρωγὸν,
1178 4893 1210 4948 ct
1233 4901 1369 4967 expunge
1396 4881 1559 4965 improbum
1588 4879 1713 4947 nutricii

167 4992 337 5076 scripturam
362 4996 536 5088 ἐπαγωγόν.

200 5223 224 5290 l)
245 5223 289 5282 Gt.
303 5226 361 5282 Cat.
377 5225 456 5296 Lips.
478 5229 497 5281 t.
515 5239 536 5294 1,
556 5226 610 5281 col.
627 5221 670 5294 19,
683 5223 731 5295 24,
743 5225 790 5295 88,
808 5224 942 5281 508-544.
959 5257 991 5268 -
1007 5227 1032 5298 ²)
1050 5224 1171 5281 Tantum
1192 5225 1320 5280 notabam
1339 5223 1411 5294 apud
1431 5221 1565 5296 cyrillum
1580 5224 1712 5296 lippituros

164 5334 216 5388 pro
240 5319 368 5387 ἱερατικὸν,
390 5323 417 5371 et
436 5315 549 5372 ἂνίθηιιιν
570 5335 619 5388 pro
639 5317 698 5369 ibus.
