3998 6080
685 551 812 618 coner
833 549 1169 616 enrnouonmnus
1662 551 1697 614 aa
1727 635 1732 642 ι
1761 507 1764 512 ’

193 703 244 768 10.
259 701 344 767 Oeuli
366 702 425 768 duo
446 702 576 767 activam
590 710 620 766 et
634 700 895 784 contemplativam
910 703 1017 780 vitam,
1032 711 1067 765 ut
1080 701 1201 784 qrridam
1216 701 1333 780 volunt,
1350 702 1477 784 figurare
1499 701 1649 766 dicuntur.
1665 700 1699 765 In

153 818 334 901 Evangelio:
354 821 394 902 [p.
411 819 461 900 87]
478 818 509 884 Si
525 817 624 882 oeulos
640 827 708 882 tuus
720 817 823 883 dexter
837 817 1019 882 scandalizat
1034 826 1074 892 te,
1088 832 1157 878 erue
1171 832 1239 878 eum
1252 824 1283 880 et
1295 816 1405 899 projice
1419 815 1473 879 abs
1489 825 1529 880 te.

165 1021 168 1024 -
193 934 243 998 11.
258 935 363 1011 norm,
378 933 549 998 obedientia
565 934 596 997 in
610 933 767 1017 praeceptis
786 931 852 1009 Dei,
877 931 942 994 siae
962 930 1083 995 auditus
1104 930 1171 994 lidei
1194 931 1242 997 vel
1263 930 1441 996 intellectus.
1463 931 1497 995 ln
1519 932 1703 1014 Evangelio:

152 1049 213 1130 Qui
227 1047 318 1113 babet
331 1066 418 1116 aures
430 1047 586 1127 audiendi,
600 1048 715 1113 audiat.

192 1166 242 1229 11.
259 1165 297 1229 Et
312 1167 343 1230 in
359 1166 467 1230 malam
480 1174 612 1250 partem:
628 1165 666 1230 111
680 1181 767 1229 aures
781 1181 881 1230 eorum
896 1178 1041 1244 aggrava,
1057 1181 1094 1226 ne
1109 1164 1182 1228 torte
1195 1163 1328 1229 audiant.

193 1281 243 1344 13.
258 1281 417 1359 odoratus,
432 1281 574 1346 diseretio
593 1281 663 1346 boni
686 1300 720 1346 ae
740 1281 824 1358 mali,
846 1281 925 1342 sicut
946 1279 977 1343 in
999 1279 1133 1344 Cantieis
1152 1278 1334 1344 cantieorum
1358 1297 1408 1362 pro
1426 1278 1555 1344 Ecclesia
1577 1279 1702 1344 dieitur:

153 1396 253 1462 Nazus
268 1405 348 1477 tuus,
364 1399 443 1462 sieut
457 1400 547 1462 turris
561 1397 681 1462 Libani.

193 1513 244 1578 11.
260 1514 374 1592 Facies,
389 1530 503 1578 summa
519 1514 550 1576 in
564 1521 663 1577 mente
677 1512 846 1578 declaratio.
863 1511 898 1577 ln
911 1513 1091 1596 Evangelio:
1109 1513 1147 1577 Et
1162 1512 1269 1578 laniem·
1281 1521 1360 1576 tuam
1375 1513 1453 1577 lara.

195 1631 245 1694 111.
260 1631 312 1708 Os,
327 1630 437 1695 locutio
451 1629 528 1695 bona
543 1629 591 1694 rel
605 1629 693 1694 mala.
707 1627 741 1693 In
752 1629 933 1712 Evangelio:
952 1630 995 1694 Ex
1010 1630 1114 1694 verbis
1128 1629 1188 1694 tuis
1200 1630 1422 1712 justificaberis,
1437 1640 1468 1693 et
1481 1647 1515 1692 er
1531 1630 1631 1694 verbis
1646 1629 1706 1694 tuis

152 1747 407 1812 condemnaberis.
1313 1747 1315 1752 ’

195 1863 244 1926 16.
259 1861 387 1942 Lingua,
402 1860 535 1927 doctrina
553 1871 631 1927 recta
647 1862 694 1926 rel
709 1878 814 1945 prava.
830 1861 865 1927 In
879 1862 1050 1928 Salomone:
1067 1863 1159 1928 Labie
1171 1863 1351 1947 sapientium
1361 1861 1599 1927 disseminabunt
1612 1863 1707 1926 seien-

155 1977 243 2054 tiam,
258 1975 361 2058 lingua
375 1994 536 2060 pravorrtm
551 1977 673 2058 peribit.

196 2093 246 2157 17.
265 2091 384 2174 Dentes,
403 2092 579 2171 intellectus,
596 2092 662 2157 aive
677 2092 786 2157 locutio
799 2092 876 2157 bona
890 2091 937 2157 vel
952 2091 1041 2158 malo.
1064 2089 1099 2156 In
1119 2089 1233 2155 Exodo:
1256 2090 1381 2156 Oculum
1405 2110 1457 2174 pro
1478 2091 1575 2169 ocule,
1589 2091 1706 2156 dentem

156 2207 322 2290 pmdente.
1068 2201 1070 2204 ’

196 2322 245 2387 18.
262 2289 367 2402 11111,
383 2325 454 2388 item
469 2322 547 2407 quod
562 2339 662 2407 supra.

197 2439 246 2503 10.
263 2437 389 2517 Collum,
405 2439 612 2522 intelligentiae
628 2438 714 2504 deoor
726 2447 758 2503 et
767 2440 992 2522 praedicationis
1005 2439 1154 2505 tortitudo.
1167 2437 1200 2503 In
1214 2438 1382 2505 Salomone:
1397 2439 1509 2505 Collum
1523 2447 1617 2518 tuum,
1632 2440 1709 2504 sient

156 2555 248 2618 turris
261 2554 372 2620 Dauid.

198 2671 251 2736 10.
267 2671 393 2750 Collum,
408 2671 514 2755 dogma
529 2671 747 2738 haeretieorum.
763 2671 799 2738 ln
820 2671 991 2738 Salomone:
1007 2671 1106 2738 Ferus
1121 2672 1282 2751 distillans,
1301 2673 1342 2756 [p.
1359 2673 1409 2754 88]
1430 2673 1510 2738 labin
1531 2672 1708 2751 meretricis,

155 2797 188 2851 et
200 2788 328 2854 nitidius
339 2789 403 2854 oleo
417 2798 520 2871 guttur
533 2791 608 2873 ejus.

197 2906 246 2972 11.
260 2905 395 2983 Humeri,
410 2907 553 2989 operatio,
568 2904 617 2969 rel
632 2903 748 2988 pondus
761 2902 892 2988 ejusdem
913 2903 1028 2986 operis;
1045 2904 1124 2968 sicut
1145 2904 1175 2969 in
1189 2902 1291 2968 Exodo
1305 2903 1337 2968 in
1358 2914 1528 2970 ornamento
1548 2903 1711 2969 sacerdotis

155 3017 393 3104 superhumerale
408 3019 516 3084 babere
532 3021 717 3103 precipitur.

200 3138 251 3201 11.
266 3136 384 3214 idanus,
399 3137 498 3202 uirtus
511 3138 631 3215 animae,
646 3137 713 3201 sive
727 3154 801 3220 opus
821 3137 941 3201 bonmn.
962 3134 996 3201 In
1018 3136 1150 3220 psalmo:
1175 3135 1302 3202 Labores
1322 3154 1461 3201 manuum
1483 3145 1598 3202 tuarum
1619 3154 1710 3202 man-

156 3251 294 3317 dueabis.

198 3371 248 3434 13.
263 3370 380 3448 Manus,
395 3387 469 3454 opus
482 3389 618 3454 pravum.
635 3368 670 3434 In
684 3370 756 3436 lob:
772 3370 810 3435 Et
824 3386 929 3434 manus
942 3370 1006 3452 ejus
1020 3368 1143 3434 reddent
1160 3370 1198 3450 [ei
1209 3368 1363 3448 dolarent
1378 3367 1416 3433 Et
1430 3367 1521 3432 alibi:
1539 3367 1708 3432 Secundum

158 3487 360 3570 operationem
376 3486 534 3568 [manuum]
558 3487 687 3551 retribue
702 3485 774 3550 illis.

200 3601 248 3666 11.
264 3602 403 3680 Cubitus,
417 3603 519 3667 unitas
534 3601 615 3680 fidei,
630 3602 678 3667 vel
692 3601 793 3685 operis
807 3600 972 3685 plenitudo,
987 3603 1064 3666 sieut
1080 3603 1111 3666 in
1126 3601 1234 3666 Genesi
1250 3601 1286 3666 de
1307 3617 1374 3665 arca
1389 3599 1544 3664 scribitur:
1561 3598 1596 3664 In
1610 3597 1711 3664 cubito

159 3717 380 3784 consummabis
393 3735 470 3783 eam.

199 3834 251 3899 att.
266 3833 368 3898 Cubiti
384 3833 453 3911 duo,
469 3831 528 3897 duo
542 3831 698 3898 eharitatis
711 3841 870 3917 precepta;
887 3833 956 3897 inde
969 3842 1000 3898 et
1013 3852 1081 3898 arca
1095 3832 1290 3908 Testamenti,
1306 3850 1373 3916 quaa
1389 3842 1492 3917 typum
1507 3831 1646 3896 Ecelesiae
1660 3831 1711 3896 ba-

157 3949 236 4027 buit,
249 3949 323 4015 duoa
336 3949 454 4015 cubitos
468 3949 500 4013 in
513 3949 700 4032 longitudine
714 3949 855 4015 babuisse
870 3949 1053 4033 perhibetur.

201 4064 252 4128 11.
268 4062 407 4142 Palmus,
428 4073 460 4130 et
479 4064 534 4129 boc
555 4065 735 4149 operationis
754 4065 821 4130 sive
841 4065 1117 4149 contemplationis,
1139 4074 1173 4129 ut
1192 4063 1315 4148 quidam
1336 4063 1452 4141 volunt,
1473 4062 1590 4128 obtinet
1610 4079 1712 4127 sacra-

158 4188 305 4244 mentum.

202 4297 253 4360 17.
275 4296 416 4375 Dextera,
430 4297 562 4382 operatio
575 4297 665 4377 bona,
680 4297 747 4363 sire
765 4297 891 4363 intentio
912 4307 1002 4366 recta.
1025 4297 1059 4363 In
1080 4297 1260 4379 Evangelio:
1285 4295 1406 4362 Nesciat
1426 4296 1546 4360 sinistra
1568 4304 1618 4361 tua
1639 4295 1712 4378 quid

161 4411 252 4478 iaciat
273 4412 392 4480 dextera
409 4422 470 4479 tua.
967 4433 969 4436 ·

201 4528 251 4592 18.
269 4527 410 4608 Sinistra,
424 4529 558 4613 operatio
572 4546 676 4614 prava,
693 4530 759 4596 sive
773 4532 900 4597 intentio
914 4531 1003 4610 malo,
1019 4531 1070 4594 ubi
1086 4540 1117 4596 et
1130 4547 1229 4613 supra.

199 4749 243 4806 10.
263 4751 364 4808 matth.
385 4751 533 4822 1119.-
554 4750 595 4809 11.
615 4752 684 4810 lbid.
704 4769 744 4822 xr,
766 4753 808 4809 15.
996 4754 1042 4811 ab.
1063 4757 1146 4812 Prov.
1167 4771 1196 4824 v,
1216 4753 1242 4810 3.
1263 4783 1296 4797 -
1316 4752 1362 4809 21.
1383 4753 1472 4810 Erod.
1487 4770 1566 4822 xvru,
1584 4751 1629 4808 24.

199 4840 243 4898 12.
264 4842 300 4898 lo.
320 4859 359 4909 vr,
380 4840 423 4897 10.
443 4842 485 4898 Ad
505 4858 598 4914 graeoa
610 4841 691 4898 locut
702 4843 835 4899 deflectit.
997 4845 1043 4902 22.
1064 4847 1112 4902 Pa.
1133 4845 1284 4914 oxxv11,2.

196 4931 243 4991 13.
265 4932 344 4990 Cant.
363 4947 411 5001 vn,
431 4931 458 4988 4.
998 4933 1043 4991 23.
1063 4936 1114 4990 Job
1134 4951 1182 5004 xx,
1205 4933 1247 5004 1ος
1262 4935 1343 4988 Prov.
1358 4949 1408 5000 xrr,
1430 4931 1472 4986 11.
1493 4933 1571 4988 Haud
1591 4933 1648 4987 alia
1667 4952 1714 4989 ra·

197 5019 244 5078 11.
264 5021 367 5077 1111111.
387 5036 425 5090 vr,
447 5018 490 5077 17.
511 5037 604 5094 groeca
621 5021 778 5078 enunciatio
797 5025 850 5074 est.
963 5025 1033 5096 spici
1046 5023 1186 5089 videntur,
1199 5022 1246 5076 ubi
1261 5025 1370 5076 tamen:
1385 5021 1471 5077 Juxta
1481 5039 1565 5092 opera
1575 5040 1714 5078 manuum

202 5108 246 5168 15.
266 5110 305 5166 lt.
325 5125 376 5179 ιιι,
395 5109 440 5167 37.
965 5129 1087 5168 suarum
1104 5113 1279 5167 retribuetur
1297 5115 1332 5167 ei.

200 5197 243 5256 16.
263 5199 345 5256 Prov.
364 5215 413 5267 xv,
431 5199 450 5252 7
468 5217 532 5255 oum
551 5216 580 5269 x,
600 5199 631 5254 31
654 5200 795 5256 continuo.
999 5199 1044 5256 24.
1065 5199 1136 5255 Gen·
1155 5214 1193 5268 vr,
1216 5197 1258 5255 16.
1278 5227 1314 5241 -
1332 5197 1377 5254 25.
1398 5199 1485 5254 Exod.
1506 5213 1573 5265 xxv,
1597 5196 1639 5254 10.

200 5286 244 5343 17.
263 5288 351 5346 Exod.
372 5283 430 5354 xr'rr,
451 5287 500 5345 21.
519 5317 554 5332 -
575 5287 618 5345 19.
638 5289 718 5345 Cant.
737 5306 776 5360 tv,
795 5289 823 5345 1.
1000 5289 1046 5344 27.
1066 5288 1168 5343 Mettb.
1188 5303 1226 5358 vr,
1246 5285 1273 5343 3.
