4044 6098
854 509 893 576 ΙΝ
915 509 1088 578 Psxtltos
1691 509 1748 572 lot

200 657 352 724 tustissimi
373 657 472 736 codd.;
495 656 548 722 scd
568 675 672 723 remor
692 676 730 724 ne
750 659 868 726 cosdem
889 662 951 743 jam
971 663 1160 745 occupaverit
1179 661 1289 744 aliquis
1310 679 1423 738 eorum,
1439 660 1490 742 qui
1509 658 1657 737 catalogos
1678 658 1749 723 dum

202 767 383 846 describunt,
404 773 457 830 aut
477 782 606 849 gracum
626 775 729 832 texunt
748 768 931 850 psalterium,
951 769 1044 836 solent
1064 769 1171 834 similia
1193 777 1347 836 annectere
1367 767 1589 850 epigrammata.

241 872 291 971 Nil
307 873 396 954 igitur
410 873 481 938 ucri
495 873 640 940 edendum
651 886 785 958 superest
798 895 834 942 ex
848 875 929 942 hisce
943 877 974 941 in
989 878 1118 960 psalmos
1129 875 1354 960 prolegomenis,
1370 891 1437 956 quac
1451 873 1524 938 adeo
1538 881 1655 940 vetusta
1670 879 1750 948 sunt,

204 991 311 1065 prater
323 981 386 1046 haec
399 981 512 1063 ultima,
526 993 559 1046 ut
570 981 681 1048 nullum
693 983 861 1067 scriptorem
874 985 1042 1051 contineant
1052 985 1158 1049 mocio
1170 984 1210 1052 Ill
1221 983 1421 1050 recentiorem.
1432 982 1559 1048 Seclusis
1570 981 1648 1047 enim
1659 981 1752 1045 Theo·

201 1090 304 1156 doreto
316 1099 348 1156 et
362 1090 477 1171 Cosma,
494 1093 547 1174 qui
562 1091 594 1155 in
609 1110 667 1156 uno
681 1091 779 1157 codice
793 1100 823 1158 et
837 1093 973 1158 secundis
987 1093 1066 1157 curis
1079 1091 1238 1171 adduntur,
1254 1089 1400 1156 habentur
1413 1109 1450 1158 ex
1465 1089 1568 1154 ordine
1589 1098 1752 1170 temporum

200 1183 389 1280 Hippolytus,
400 1198 552 1281 Origenes,
565 1199 723 1280 Eusebius,
736 1197 926 1279 Athanasius,
936 1198 1097 1282 Gregorius
1108 1197 1271 1282 Nysaeuus,
1281 1197 1464 1281 Epiphanius
1473 1205 1504 1262 et
1514 1196 1659 1280 losephns
1670 1195 1754 1260 Chri·

200 1304 324 1370 stiauus.
338 1305 432 1384 Quem
444 1307 621 1390 postremum
636 1323 708 1370 cave
721 1324 761 1372 nc
774 1305 812 1371 ad
827 1306 960 1390 sequiora
974 1314 1106 1390 tempora
1120 1306 1239 1372 releras:
1253 1305 1315 1371 scic
1327 1304 1461 1387 equidem
1472 1321 1490 1367 a
1501 1303 1651 1370 nonnullis
1665 1303 1752 1368 collo·

200 1413 260 1478 curi
277 1413 309 1478 in
323 1413 490 1495 undecimo,
506 1415 544 1478 ab
558 1413 624 1478 aliis
640 1415 672 1478 in
686 1414 798 1479 decimo
812 1425 878 1498 post
892 1415 1039 1480 Christum
1055 1415 1229 1494 millenario;
1245 1413 1297 1478 sed
1311 1423 1342 1479 et
1356 1414 1472 1478 Caseus
1486 1410 1754 1494 eumdemreduxit

201 1522 239 1588 ad
250 1541 278 1587 a.
293 1523 363 1604 lto,
377 1533 408 1589 et
418 1523 495 1588 docti
506 1524 727 1588 continuatorcs
737 1522 1056 1606 Gallaudii,sigillatim
1067 1523 1202 1608 expensis
1216 1534 1376 1608 temporum
1387 1524 1462 1588 notis
1475 1524 1505 1588 in
1517 1524 1579 1607 ipsc
1591 1523 1754 1607 Hyperione·

200 1631 270 1694 stato
285 1630 421 1714 signatis,
435 1630 511 1695 ultra
523 1649 633 1696 aunum
649 1632 707 1696 att
718 1649 792 1715 opus
807 1650 863 1698 non
875 1649 939 1696 esse
952 1619 1184 1698 t'rauslcrendum
1199 1632 1342 1697 evincunt
1357 1632 1393 1713 ¹l;
1408 1631 1496 1696 immo
1510 1650 1614 1714 parum
1627 1637 1673 1695 cst
1683 1629 1754 1713 quin

201 1736 336 1802 Jndaeum
357 1746 489 1803 nostrum
512 1738 620 1804 iaciant
640 1739 773 1804 eumdem
793 1758 829 1804 ac
848 1737 1008 1821 Josephum
1030 1739 1191 1819 Comitem,
1214 1739 1340 1804 amicum
1362 1739 1392 1802 S.
1416 1738 1584 1821 Epiphauii,
1597 1735 1755 1820 ¹hospitem

78 1857 82 1862 ·
202 1843 233 1907 S.
250 1844 369 1910 llusebii
384 1845 587 1924 vercellensis,
601 1847 749 1928 quondam
763 1847 886 1931 apostoli
903 1865 1008 1912 munus
1022 1847 1177 1912 obeuntem
1192 1847 1246 1911 sub
1268 1845 1435 1929 patriarcha
1453 1845 1552 1928 judaeo
1567 1844 1685 1922 llillele,
1702 1862 1755 1908 na-

204 1961 265 2017 tum
286 1953 365 2018 cirea
386 1971 496 2019 aunum
518 1955 586 2029 286,
607 1955 744 2036 Origeuis
758 1974 828 2037 ergo
843 1956 903 2022 lere
917 1955 1105 2038 coequalem,
1122 1965 1373 2038 nequeremotum
1388 1954 1424 2019 ab
1446 1953 1497 2017 illo
1518 1953 1594 2017 lullo
1616 1950 1755 2030 (llillel‘l)

202 2059 370 2141 patriarcba
391 2059 564 2144 caeterisque
587 2061 680 2127 doctis
701 2059 823 2139 Judaeis,
845 2079 919 2144 quos
934 2079 992 2126 nou
1006 2061 1097 2126 semel
1112 2060 1204 2125 nostri
1220 2060 1409 2127 Alexandrini
1431 2061 1511 2125 adire
1525 2078 1584 2124 nou
1600 2058 1753 2136 timebant,

202 2184 299 2250 neque
322 2167 411 2233 etiam
436 2169 465 2233 in
485 2187 603 2235 scenam
625 2169 770 2234 adducere
790 2169 827 2248 ²).
851 2169 925 2248 Quae
946 2170 1065 2235 taudem
1086 2171 1124 2234 ad
1151 2169 1322 2235 umbilicum
1347 2169 1519 2248 deduxisse,
1538 2169 1600 2251 jam
1624 2185 1683 2232 uon
1710 2183 1756 2229 mc

204 2275 357 2357 poenitcat.

932 2476 1017 2572 ΠΙ.

667 2704 821 2778 Catenae
852 2705 1043 2778 Vottcoooo
1066 2706 1107 2776 in
1127 2703 1297 2801 psalmos

829 2571 841 2602 Ι

246 2882 410 2963 Antequam
432 2880 514 2947 brevi
537 2880 653 2963 spllaho
673 2891 843 2948 retexuntur
863 2901 914 2948 sex
930 2892 960 2948 et
980 2883 1079 2948 decem
1100 2883 1250 2952 llaticanae
1270 2883 1301 2946 iu
1320 2882 1448 2964 psalmos
1468 2880 1599 2958 Catenae,
1616 2878 1756 2945 nonnulla

205 2991 383 3069 premittens
401 2987 527 3071 jurabit.
543 2990 588 3052 Ac
600 2990 763 3071 generatim
777 3007 814 3053 ne
828 2989 888 3054 ulla
903 2989 1025 3072 quidem
1042 2989 1220 3070 negligenda
1240 2996 1314 3068 erat,
1332 3005 1422 3070 quum
1443 2983 1570 3067 singulae
1591 3003 1608 3049 a
1629 2983 1757 3066 singulis

207 3094 267 3158 sint
287 3094 508 3174 diversissimae,
531 3099 627 3178 ne'que
647 3095 705 3159 ulla
728 3095 768 3159 sit
789 3094 828 3158 ab
847 3094 913 3159 aliis
934 3095 1089 3177 descripta.
1112 3095 1157 3160 Dc
1177 3112 1301 3176 quarum
1323 3095 1420 3159 indole
1439 3103 1471 3158 et
1490 3092 1620 3171 dotibus,
1643 3091 1757 3155 utinam

204 3199 368 3266 disserendi
389 3200 548 3283 aliquando
568 3201 655 3266 detur
676 3201 759 3285 copia
779 3213 811 3268 et
824 3203 930 3284 otium,
947 3211 979 3266 ut
992 3201 1105 3266 collatis
1119 3202 1206 3266 simul
1225 3212 1267 3268 tot
1282 3201 1403 3284 cyclicis
1418 3199 1617 3267 voluminibus
1635 3198 1666 3263 iu
1681 3199 1757 3281 llep·

207 3306 387 3384 tatcuchum,
409 3307 440 3371 in
460 3306 577 3385 tubum,
594 3307 624 3372 iu
645 3307 754 3388 Dauid,
770 3311 801 3372 in
818 3308 1011 3387 Salomonem,
1026 3309 1056 3373 iu
1070 3309 1228 3392 prophetas
1242 3319 1272 3374 et
1286 3308 1445 3392 apostolos,
1459 3307 1575 3386 iterum,
1593 3307 1758 3388 iterumque

208 3413 351 3479 exsultem
371 3413 404 3478 iu
424 3413 603 3497 amplissimo
624 3433 741 3498 campo,
762 3414 859 3498 spolia
880 3414 949 3480 inde
969 3414 1066 3499 opima
1088 3422 1299 3498 reportaturus.

248 3521 408 3590 Vaticanus
428 3521 486 3586 617
508 3520 546 3585 ad
567 3519 696 3586 minutas
718 3522 849 3607 syllogas
869 3523 996 3606 pertinet
1015 3539 1092 3606 que,
1111 3523 1207 3588 tacitis
1228 3523 1289 3588 lere
1309 3521 1447 3586 omuibus
1467 3520 1645 3600 nominihus,
1665 3518 1757 3584 scho-

206 3629 311 3712 liisque
333 3633 431 3694 casim
450 3638 481 3696 et
502 3630 619 3698 concise
639 3628 770 3714 exactis,
794 3629 944 3712 margines
972 3629 1003 3693 in
1023 3631 1145 3711 exiguos
1170 3638 1334 3712 congerunt
1361 3623 1495 3711 ingentes
1519 3625 1756 3699 commentarios,

206 3755 331 3819 quorum
352 3738 513 3822 fragmenta
534 3737 654 3804 aliunde
675 3747 746 3803 ncta
767 3737 797 3802 iu
819 3745 953 3820 promptu
973 3746 1018 3802 est
1039 3754 1257 3820 recognoscere.

247 3920 270 3983 ι)
291 3919 431 3976 Gallandii
451 3923 528 3977 Bibl.
550 3921 609 3977 PP.
625 3926 646 3974 t.
660 3937 718 3988 xxv,
732 3917 889 3992 prol.p.111
904 3918 956 3974 Ρα-
1010 3921 1089 3974 auxit
1107 3923 1136 3974 et
1153 3921 1262 3974 ornavit
1281 3916 1517 3973 Montsialconius
1537 3922 1558 3974 t.
1579 3934 1624 3989 xxx,
1644 3935 1673 3990 p.
1698 3913 1759 3984 155,

207 4009 270 4065 trel.
291 4025 335 4068 cxx
354 4011 418 4066 init.
431 4039 468 4053 -
480 4012 504 4075 2)
519 4011 587 4064 Cum
598 4009 687 4064 multa
706 4020 734 4064 et
753 4011 850 4080 gravia
869 4026 956 4080 argu·
1014 4007 1063 4063 156
1082 4010 1205 4082 (Patent.
1220 4024 1318 4075 xxvxu,
1330 4005 1404 4072 433).
1418 4008 1440 4061 E
1454 4006 1619 4061 diverticulo
1639 4022 1695 4061 uon
1714 4007 1760 4059 di-

207 4101 363 4152 meutanon
382 4099 484 4167 desint,
504 4101 604 4170 quibus
622 4097 759 4170 Josephus
779 4097 956 4154 Christianus
1010 4115 1131 4168 movear,
1153 4100 1220 4171 quin
1239 4099 1330 4153 obiter
1348 4097 1504 4168 inquiram,
1527 4113 1590 4168 quse
1610 4111 1695 4150 causa
1712 4096 1760 4162 sit,

207 4185 311 4240 soeculo
330 4203 359 4244 xv
375 4189 544 4257 restituitur,
556 4186 694 4242 lubricum
715 4186 784 4240 illud
803 4186 889 4240 videri
902 4202 956 4257 pc·
1011 4206 1061 4243 cur
1072 4188 1184 4261 Josephi
1200 4189 1271 4244 liber
1284 4188 1459 4242 Memoriales
1476 4191 1624 4242 censeatur
1641 4188 1761 4257 quatuor

208 4279 263 4329 tesi
281 4291 298 4328 a
317 4274 465 4331 Gallaudio
484 4294 518 4330 ax
538 4275 650 4330 silentio
668 4275 781 4347 Josephi
800 4277 834 4330 de
854 4277 883 4332 S.
903 4274 956 4330 Lu·
1011 4278 1154 4332 continere
1177 4277 1280 4347 libros,
1300 4293 1418 4347 quorum
1438 4276 1548 4348 quidem
1568 4278 1694 4347 primus,
1715 4290 1761 4328 se·

207 4364 287 4418 clano
297 4367 426 4436 petitum.
437 4365 467 4419 ln
477 4366 582 4420 nostris
594 4367 668 4420 euim
681 4364 761 4420 codd.
775 4362 913 4420 scholium
924 4365 957 4418 de
1011 4367 1134 4436 cundns,
1154 4371 1270 4438 quartus
1295 4369 1423 4435 exstant,
1443 4365 1544 4421 tertius
1569 4381 1634 4418 vero
1661 4361 1760 4417 nullibi

207 4453 236 4507 S.
248 4449 374 4525 Martyre
384 4457 440 4508 mm
450 4459 611 4508 constanter
620 4453 779 4510 annectitur
789 4452 957 4524 fragmentis
1011 4462 1184 4529 compareat,
1204 4473 1293 4528 neque
1311 4458 1345 4510 ab
1365 4454 1423 4511 ullo
1442 4472 1523 4526 quem
1543 4453 1631 4508 sciam
1648 4453 1760 4507 homine

206 4543 292 4597 certis
310 4543 434 4613 ejusdem
451 4543 575 4615 Josephi,
595 4545 625 4598 ut
644 4541 729 4598 facilc
742 4543 957 4598 existimandum
1012 4546 1099 4601 luerit
1117 4546 1278 4618 requisitus,
1297 4545 1414 4600 fallente
1433 4549 1568 4615 perpetua
1587 4543 1660 4597 serie
1679 4544 1760 4613 capi-

206 4629 602 4703 sitadHypomnssticcuolim
613 4632 957 4703 pertinuisselthuidem
1012 4633 1133 4690 talorum
1147 4650 1249 4690 cxxxix.
1263 4631 1328 4693 Jam
1340 4635 1526 4705 suspicionem
1540 4633 1613 4688 movi
1626 4633 1697 4686 hauc
1716 4647 1761 4684 ss-

207 4735 273 4773 vers
291 4725 435 4774 curatores
453 4719 635 4776 Bibliothecae
656 4719 807 4788 Gallandii,
827 4721 856 4774 iu
878 4725 958 4792 parts
1012 4728 1083 4779 niem
1102 4724 1230 4780 mutilam
1243 4741 1315 4794 esse,
1328 4740 1359 4778 ac
1378 4727 1512 4778 mutatam
1533 4723 1631 4777 fuisse.
1651 4721 1721 4788 Quid
1735 4719 1760 4773 si

207 4806 706 4878 posthuma,exsultavissevidentur,
718 4809 957 4882 quomintluplici
1013 4815 1114 4868 tertius
1133 4811 1182 4867 ille
1201 4812 1273 4868 liber·
1292 4814 1377 4867 fuerit
1396 4815 1503 4884 optima
1521 4816 1551 4866 et
1567 4812 1668 4866 merito
1687 4808 1761 4864 cele-

207 4895 301 4950 ccdice
313 4897 490 4952 bessarionis
503 4897 617 4969 longam
631 4899 796 4954 invenerunt
813 4901 956 4972 paginam,
1012 4906 1092 4959 brata
1111 4905 1245 4976 Syucpsis
1265 4903 1465 4970 Athanasiaua,
1485 4903 1509 4956 si
1529 4918 1630 4972 magno
1652 4900 1760 4955 taudem

207 4982 260 5039 hcc
280 4981 353 5040 idem
373 4987 509 5044 scholium
527 4990 725 5059 coutinentem,
743 5006 825 5061 quam
843 4990 958 5061 Josephi
1012 4993 1165 5049 Athanasio
1184 4992 1348 5047 vindicanda
1363 4996 1424 5063 jam
1439 5009 1492 5045 nou
1507 4991 1561 5045 sttt
1575 4991 1682 5062 Dignus
1695 5005 1761 5042 sane

207 5075 294 5146 capiti
314 5091 390 5132 cxxxx
402 5077 555 5151 adjungere
568 5079 747 5137 festinarunt.
762 5080 815 5137 Sed
832 5079 902 5136 illud
921 5083 958 5152 tp
1012 5080 1152 5154 Josephus
1171 5081 1345 5137 Christianus
1363 5085 1406 5135 est
1424 5081 1472 5152 qui
1498 5084 1659 5134 accuratum
1678 5095 1760 5132 suum

207 5168 280 5235 μαῖον
295 5170 328 5222 in
337 5172 395 5235 cta,
407 5185 471 5223 ecce
482 5173 571 5224 totum
580 5167 686 5241 legitur
696 5171 725 5224 in
735 5170 857 5241 Synopsi
867 5171 957 5225 Atha·
1012 5171 1176 5228 Mentoriate
1189 5171 1240 5226 hac
1251 5169 1401 5226 immortali
1413 5170 1565 5244 appendice
1579 5173 1689 5242 augeat.
1706 5168 1759 5225 Sed

207 5255 331 5325 amians,
350 5259 423 5310 Ποῒαι
441 5262 483 5310 καὶ
501 5258 584 5318 πόσεις
603 5257 750 5328 παραδόσιις
773 5261 827 5312 etc.
847 5256 958 5328 qualem
1013 5267 1066 5324 ἅλις
1085 5265 1172 5316 ταῦτα.
