4038 6088
252 478 310 542 litii

290 635 422 708 Esaiam
442 628 617 708 oritanae}
638 645 785 711 egressus,
801 629 831 694 id
844 636 890 694 est
910 646 1003 713 popu-

251 737 298 801 lus
318 735 485 818 lsrabel1).

291 849 581 919 Duabaoaomtum,
602 843 730 910 munda
751 844 822 926 Lex,
842 844 872 909 in
886 862 944 928 qua
959 855 1005 910 est

250 948 435 1032 evangelicae
455 949 543 1028 Legis
564 949 775 1033 praefiguratio.

291 1060 558 1134 Paralipomenon,
579 1056 852 1137 praetcrmissorum,
868 1055 917 1120 uel
939 1055 1005 1121 reli-

251 1179 375 1254 quarum
396 1162 502 1244 Regni,
519 1179 587 1245 quae
607 1161 636 1250 ip
653 1163 767 1244 rogum
781 1161 864 1227 libris
884 1169 1003 1245 prater·

250 1268 340 1332 missa
361 1276 441 1333 sunt.

291 1377 500 1454 monaulon,
521 1373 597 1438 bona
619 1372 813 1439 adnuntiatio.

769 477 1082 545 tusrrtttcrtottutt
1105 479 1286 547 tuebatur

1096 635 1286 711 Apoaatipsis
1300 635 1333 710 ²),
1356 631 1510 699 revelatio.

1098 739 1129 816 [t.
1146 738 1196 818 86]
1216 741 1439 816 amofimaum,
1454 734 1638 802 diuitiarum·
1646 737 1809 823 custodem,

1056 843 1241 927 conpositum
1261 843 1299 908 de
1319 843 1425 924 lingua
1447 843 1561 925 persica
1581 852 1613 908 et
1633 860 1740 925 greca.

1099 953 1239 1025 Sinodus,
1260 949 1426 1028 comitatus,
1450 949 1498 1015 vol
1519 957 1623 1014 castus.

1099 1061 1213 1134 Cauca,
1235 1056 1346 1138 regula.

1098 1169 1263 1247 Aaopopaa
1277 1167 1317 1245 ⁸),
1340 1162 1474 1246 superior
1493 1179 1609 1228 sensus.

1101 1277 1289 1352 Tropotcpca,
1310 1269 1430 1335 moralis
1453 1269 1664 1350 intellegentia.

1100 1383 1261 1454 Parabolos,
1282 1375 1454 1443 similitudo.

820 1515 915 1565 EXPL.
946 1517 1041 1566 LIBER
1069 1519 1243 1569 SECUNDUS.

295 1665 316 1724 ¹)
338 1659 358 1712 C
378 1660 532 1716 Istrahel...
554 1677 619 1715 mox
639 1665 670 1714 ut
687 1677 798 1732 semper
813 1662 1025 1734 praefisuratio.
1044 1691 1078 1706 -
1095 1664 1120 1737 2)
1141 1665 1326 1735 epanalepsis.
1346 1693 1382 1704 -
1396 1668 1418 1728 8)
1433 1664 1601 1734 Aaaaoneu,
1622 1663 1662 1716 sia
1681 1664 1710 1715 st
1727 1657 1804 1712 alibi.

733 2001 835 2063 INOP.
857 2002 1026 2064 PROLOG.
1048 2003 1160 2064 LIBRI
1182 2003 1327 2063 ruituri.

295 2148 485 2214 Multitariam
506 2158 537 2215 et
559 2148 659 2214 multis
680 2149 709 2215 id
731 2149 850 2233 quidem
871 2167 937 2216 cum
959 2129 1242 2233 significationibus,
1263 2168 1315 2232 per
1342 2147 1441 2214 omnia
1470 2148 1529 2213 lere
1555 2164 1638 2212 sacra
1660 2143 1811 2210 uolumina

255 2256 447 2340 declaratum,
471 2259 747 2340 manifestatumque
761 2257 915 2338 diffiditur,
938 2259 989 2324 sed
1010 2276 1069 2324 non
1091 2257 1238 2325 breviter:
1256 2257 1311 2323 boc
1325 2257 1356 2321 iu
1370 2257 1436 2341 ipso
1450 2255 1618 2321 divinarum
1638 2253 1810 2336 Scriptura-

254 2383 318 2428 rum
339 2364 578 2430 demonstramus
597 2364 729 2446 exordio,
754 2365 783 2429 id
803 2374 850 2430 est
870 2365 908 2429 de
929 2364 1210 2447 interrogationibus
1231 2373 1262 2430 ct
1283 2364 1534 2450 responsionibus.

885 2497 979 2546 EXPL.
1010 2498 1185 2547 PROLOGUS.

650 2695 981 2766 INTERROGATIO
1005 2701 1425 2778 ATQUERESPONSIO.

296 2859 320 2918 Ι.
341 2852 449 2917 Iatour.
464 2853 501 2919 lu
515 2853 643 2919 Genesis
662 2854 782 2920 exordio
802 2855 943 2938 legimus:
965 2863 1007 2921 Ia

250 2950 415 3023 principio,
438 2943 553 3025 inquit,
573 2949 642 3022 tecit
662 2951 746 3011 Deus
766 2950 879 3010 coctum
899 2955 925 3010 ct
952 2955 1006 3010 ter·

254 3057 331 3099 ram.
352 3033 390 3096 Et
411 3032 501 3096 inira:
526 3039 660 3113 Spiritus
679 3041 740 3101 Dei
753 3041 903 3112 farabatur
916 3059 1006 3114 super

260 3143 355 3200 aquas
371 3125 404 3200 1).

297 3214 470 3289 Respoaeio.
493 3216 535 3274 Ia
552 3215 724 3290 principio,
746 3209 800 3275 boc
827 3221 873 3275 est
898 3211 926 3276 in
955 3212 1008 3276 Fi-

255 3298 307 3379 lio,
331 3297 400 3381 quia
423 3316 474 3381 per
501 3297 609 3362 Filium
636 3299 703 3364 lecit
725 3298 805 3364 Deus
831 3299 918 3365 Pater
946 3317 1007 3364 cre-

256 3386 317 3450 lam
338 3395 370 3450 ct
392 3393 508 3450 terram.
532 3386 586 3450 Cui
608 3394 638 3451 et
658 3385 732 3451 illud
746 3402 763 3449 a
778 3387 866 3453 Patre
879 3389 1005 3454 dicitur:

190 3524 194 3532 .
256 3483 420 3542 Faciamus
446 3481 592 3540 bominem
616 3481 658 3540 aot
683 3481 836 3556 imapiuca
858 3488 884 3544 et
906 3484 1008 3545 simuli-

258 3571 391 3630 tuiiacm
418 3573 561 3629 castrum.
585 3563 691 3629 Omnia
712 3566 792 3628 enim
820 3585 875 3645 per
901 3568 1008 3632 Filium

257 3662 395 3735 operatus
416 3660 478 3731 est,
501 3658 573 3730 quia
587 3647 659 3730 por'
674 3659 773 3730 ipsum
800 3661 901 3720 maasia
927 3663 1010 3734 facta

256 3751 336 3819 aaut,
357 3751 384 3806 ct
402 3748 468 3806 siue
487 3747 587 3819 ipsam
607 3743 640 3821 ²).
657 3749 770 3820 factum
791 3755 831 3808 cst
851 3751 928 3809 aibat
951 3753 1007 3811 Fc-

256 3839 377 3897 rabctur
397 3840 496 3896 autera
518 3835 651 3909 Spiritus
668 3839 736 3908 Dei,
751 3832 856 3916 utique
876 3844 1007 3899 sanctus.

259 3928 358 4001 Super
377 3942 473 4000 oquae
492 3937 574 4001 uero,
594 3930 627 3985 ut
647 3922 677 3984 iu
697 3923 804 4005 supctt.
821 3923 953 4004 Stiriate
974 3924 1009 3988 li-

257 4013 311 4080 bro
331 4017 355 4091 8)
377 4009 621 4093 memoravimus,
644 4011 804 4078 secundum
824 4015 1007 4098 allegoriam,

257 4101 356 4183 angeli
374 4110 453 4165 sunt.
470 4100 547 4164 ane
562 4098 654 4164 babes
668 4100 761 4165 Deum
775 4101 892 4170 Patrem
913 4113 944 4169 et
963 4103 1010 4166 Fi-

258 4191 331 4255 lium
343 4199 376 4255 et
390 4189 532 4272 Spiritum
553 4199 700 4255 sanctum.
717 4190 790 4257 Item
803 4193 898 4258 aliud:
921 4200 1010 4260 Vorbo

259 4288 386 4347 Dormiat
398 4285 472 4345 caeli
484 4285 599 4357 firmati
612 4291 691 4357 aaut,
704 4291 730 4347 at
742 4288 859 4360 Spiritu
873 4291 934 4350 oris
948 4290 1011 4362 ajars

259 4378 355 4438 mauis
366 4376 463 4436 uirtus
475 4391 576 4436 aarum
589 4375 625 4449 ⁴).
638 4371 715 4436 Ecca
725 4371 881 4436 Dominum
894 4383 925 4438 ct
940 4373 1009 4439 Ver-

259 4463 328 4526 bum
342 4470 372 4525 et
386 4459 527 4543 Spiritum
537 4462 603 4543 ejus
613 4471 760 4527 sanatam.
777 4462 851 4527 item
866 4463 896 4528 in
911 4463 1011 4527 Euan·

297 4610 384 4669 Liber
403 4609 459 4664 ΙΙΙ.
478 4608 577 4663 Brevis
602 4609 708 4664 codicis
732 4608 867 4682 prologus
892 4610 920 4664 in
947 4611 1008 4666 edd.

260 4701 387 4770 sequitur
401 4696 479 4751 illam
491 4695 630 4769 prolixam
643 4697 677 4750 ed
690 4697 833 4753 Salonium
851 4697 1010 4770 epistolam,

261 4804 344 4860 quam
361 4802 448 4859 supra
466 4788 500 4840 ab
525 4786 606 4841 initio
633 4785 699 4841 libri
719 4802 740 4840 ιι
759 4787 958 4842 recensuimus.
976 4815 1012 4826 -

262 4877 326 4930 lnde
346 4879 532 4932 contractiore
552 4879 622 4947 typo
635 4891 651 4930 a
663 4877 744 4931 nobis
756 4876 857 4931 dantur
870 4891 932 4947 quae
946 4875 1012 4948 plus

262 4965 355 5020 minus
369 4965 479 5034 integra
488 4967 547 5035 jam
560 4963 732 5036 prodierunt.
742 4995 777 5006 -
788 4965 886 5020 Multis
900 4969 932 5019 iu
944 4968 1011 5035 qui-

262 5053 605 5126 dcm'aaaipicationibus,
626 5071 696 5110 nova
714 5072 783 5110 crux
809 5057 956 5110 oscitantis
975 5052 1012 5106 li-

262 5147 359 5201 brarii.

302 5239 324 5309 Ι)
339 5239 406 5296 Gen.
419 5255 440 5307 ι,
451 5237 470 5294 2
482 5243 511 5293 et
521 5235 564 5295 26.
576 5268 610 5280 -
626 5241 649 5310 ²)
661 5239 708 5295 Sic
719 5237 739 5291 (l
750 5241 812 5294 sius
824 5241 929 5308 ipsum.
939 5237 979 5293 lo.
990 5253 1011 5304 ι,

1060 2857 1153 2940 gello:
1178 2866 1233 2937 Ite,
1254 2866 1400 2938 oopuaou
1413 2879 1512 2925 omues
1530 2868 1632 2940 paulas
1645 2863 1680 2922 ia
1693 2861 1813 2920 aomina

1062 2951 1166 3014 Parra
1180 2959 1206 3014 a
1216 2955 1293 3014 nora
1303 2961 1329 3015 a
1344 2954 1476 3028 sparum
1489 2955 1586 3014 sanat
1597 2939 1636 3023 tt.
1652 2943 1710 3008 sm
1725 2943 1812 3008 rear

1060 3038 1222 3119 ingenitus,
1236 3039 1328 3103 Filius
1342 3039 1470 3121 genitus,
1486 3037 1613 3121 Spiritus
1626 3043 1744 3098 mactus
1759 3049 1813 3095 nec

1060 3128 1189 3209 genitus,
1211 3146 1265 3192 neo
1287 3128 1447 3211 ingenitus.
1465 3126 1714 3208 stannaturam)
1730 3121 1812 3186 dixe·

1061 3215 1164 3294 rimus,
1186 3215 1260 3281 duos
1275 3216 1378 3280 Patres
1398 3216 1497 3281 dicere
1517 3213 1695 3279 videbimur.
1718 3211 1746 3274 Si
1766 3232 1812 3290 po-

1061 3314 1167 3381 attam,
1187 3305 1261 3370 duos
1283 3305 1385 3382 Filios,
1407 3305 1459 3371 sed
1480 3304 1578 3387 potius
1600 3301 1648 3386 qui
1670 3319 1706 3366 eu
1726 3299 1814 3363 Patre

1061 3402 1092 3458 et
1104 3393 1179 3458 Filio
1194 3393 1331 3477 procedat
1346 3400 1383 3472 ι),
1399 3395 1482 3457 uolut
1502 3393 1630 3474 quadam
1653 3389 1753 3455 Patris
1766 3387 1812 3452 rt-

1062 3481 1153 3566 bique
1167 3482 1333 3548 concordia.
1350 3482 1451 3565 Neque
1465 3498 1538 3547 uero
1552 3479 1630 3563 apud
1645 3496 1698 3542 nos
1715 3485 1814 3561 potest

1061 3571 1125 3637 sine
1136 3571 1247 3654 Spiritu
1261 3580 1364 3636 sancta
1375 3571 1456 3654 justa
1471 3587 1535 3635 esse
1548 3567 1714 3634 concordia.
1731 3565 1812 3630 idem

1062 3661 1192 3744 Spiritus
1203 3669 1233 3725 et
1243 3659 1352 3725 caritas
1365 3669 1395 3724 et
1411 3658 1518 3724 donum
1530 3657 1585 3724 Ilei
1600 3655 1717 3720 dicitur.
1731 3653 1813 3720 idern

1062 3759 1093 3814 ct
1106 3756 1217 3815 stricisor
1232 3759 1273 3814 est
1281 3755 1452 3830 pretiorum
1466 3753 1500 3826 ⁸).
1516 3747 1593 3828 Ergo
1605 3745 1692 3810 Pater
1706 3763 1741 3807 cx
1755 3762 1814 3826 quo

1061 3839 1170 3919 omniu,
1187 3837 1277 3902 Filias
1298 3848 1397 3902 autem
1418 3855 1470 3920 per
1491 3855 1578 3919 quiem
1596 3835 1705 3912 orinia,
1722 3833 1815 3916 Spiri-

1064 3936 1110 3992 tus
1131 3937 1251 3992 sanotus
1273 3927 1302 3990 in
1317 3927 1500 4010 quaomnia,
1517 3926 1594 3991 siout
1607 3935 1639 3991 et
1652 3925 1812 4009 Apostolus

1061 4018 1150 4084 dicit:
1175 4022 1323 4094 Quoniam
1343 4040 1378 4084 ca
1397 4024 1462 4097 ipso
1483 4027 1582 4095 uper
1607 4023 1706 4094 ipsum
1733 4024 1759 4080 ct
1779 4020 1814 4078 iu

1061 4115 1126 4187 ipso
1146 4118 1217 4174 estut
1236 4115 1345 4184 ommim
1362 4115 1433 4186 ipsi.
1439 4112 1538 4187 pluria
1557 4113 1592 4170 ia
1611 4109 1731 4170 samaia
1752 4124 1813 4169 aaa·

1063 4203 1205 4270 sumtuosa.
1226 4203 1325 4263 Aaron
1340 4203 1375 4275 9).

1102 4292 1142 4351 ΙΙ.
1164 4287 1268 4350 latero.
1285 4285 1414 4369 Spiritus
1430 4284 1479 4349 Dei
1501 4281 1645 4367 quomodo
1667 4280 1815 4346 terebatur

1062 4395 1150 4459 super
1170 4375 1288 4460 aquas‘l

1103 4465 1194 4550 ltcsp.
1211 4465 1276 4529 Non
1292 4481 1343 4547 per
1356 4461 1557 4545 vagationem,
1572 4459 1626 4525 sed
1640 4465 1816 4542 potestatem

1064 4603 1090 4661 3.
1109 4606 1213 4660 Dividit
1231 4603 1400 4660 versiculum
1412 4608 1444 4659 ut
1458 4605 1590 4661 lrenaeus.
1604 4633 1638 4644 -
1654 4606 1676 4668 8)
1690 4600 1818 4672 Respicit

1064 4697 1218 4753 Formutas
1228 4697 1380 4766 spiritales,
1395 4699 1425 4750 ut
1435 4712 1463 4766 p.
1477 4692 1541 4748 521.
1551 4723 1587 4737 -
1600 4698 1623 4759 ⁴)
1638 4691 1682 4748 Ps.
1692 4705 1781 4759 xxxrr,
1791 4689 1816 4748 6.

1064 4817 1099 4826 —
1113 4787 1136 4857 15)
1149 4785 1240 4839 blatth
1260 4799 1357 4850 xrvru,
1373 4781 1417 4838 29.
1430 4811 1464 4824 -
1478 4787 1502 4846 θ)
1517 4786 1690 4855 impunitus...
1704 4777 1813 4834 aediti-

1065 4891 1139 4930 mur.
1147 4902 1182 4914 -
1191 4874 1215 4943 ⁷)
1225 4873 1302 4928 Tunc
1314 4874 1453 4927 statuebat
1462 4871 1495 4927 de
1506 4872 1682 4942 processione
1690 4867 1814 4937 Spiritus

1065 4965 1154 5016 sancti
1174 4959 1327 5016 Concilium
1346 4961 1467 5032 primum
1486 4957 1650 5014 Toletanum
1669 4950 1710 5028 (a.
1732 4951 1814 5025 itu),

1065 5055 1094 5106 in
1108 5069 1163 5123 quo
1174 5069 1242 5122 ergo
1257 5051 1417 5104 innovatum
1429 5052 1472 5102 est
1488 5046 1567 5104 nihil.
1579 5076 1615 5087 -
1627 5047 1704 5101 uolut
1723 5059 1814 5114 quaa·

1066 5145 1133 5199 dam
1152 5142 1180 5196 C.
1200 5171 1233 5182 -
1250 5144 1273 5213 ⁸)
1292 5157 1301 5196 1
1322 5140 1381 5196 Cor.
1400 5155 1451 5211 xri,
1470 5139 1496 5196 4.
1515 5169 1551 5180 -
1565 5142 1588 5202 9)
1608 5137 1688 5192 Rom.
1709 5149 1748 5201 sn,
1767 5129 1812 5186 36.

1065 5233 1120 5290 Ubi
1139 5230 1258 5300 inclusa,
1278 5235 1358 5284 vacat
1375 5227 1453 5285 locus
1472 5230 1500 5283 in
1518 5227 1625 5288 cod.—
1638 5226 1757 5296 rapiatis
1779 5220 1809 5274 C.
