3976 6078
955 551 1039 622 XIV

216 715 260 786 de
283 713 410 803 primis
433 712 617 804 Apostolis
652 717 747 789 dicta
770 719 807 789 et
841 721 945 807 gesta
968 717 1131 798 siscitati,
1168 717 1296 787 brevia
1330 735 1503 804 responsa
1537 716 1768 803 colligebant,

217 843 499 928 fasciculumque
524 859 645 909 eorum
671 839 706 906 ln
731 838 826 908 hunc
849 841 1063 926 praesertim
1088 840 1197 908 tinem
1222 839 1425 917 servabant,
1450 840 1584 908 uttam
1611 837 1772 906 haereti-

218 983 339 1032 corum
365 963 575 1032 amoverent
597 958 744 1038 zizania,
772 977 863 1044 quae
886 977 952 1045 per
975 961 1041 1026 hos
1066 961 1203 1028 tractus
1238 956 1420 1044 pullulare
1444 938 1515 1025 non
1540 955 1768 1036 destiterunt,

220 1099 325 1166 quam
350 1083 391 1150 ut
413 1080 626 1149 traditiones
661 1077 887 1162 allegoricas,
913 1076 1057 1146 Asianis
1092 1076 1330 1160 gratissimas,
1348 1077 1455 1162 juxta
1476 1075 1580 1144 fldem
1605 1077 1768 1144 veterum

219 1197 374 1285 posteris
398 1197 639 1267 traducerent.
668 1197 791 1283 Neque
814 1196 924 1266 aliter
945 1215 1020 1265 rem
1043 1213 1082 1267 se
1107 1197 1276 1266 habuisse
1300 1197 1393 1284 apud
1418 1199 1663 1270 Antiochenos
1688 1217 1773 1267 sua-

221 1315 307 1384 dent
339 1314 525 1402 'lheophili
551 1313 721 1398 Dialogus
760 1314 803 1382 ad
828 1311 1040 1400 Autolycum
1077 1316 1115 1384 et
1148 1315 1307 1402 ejusdcm
1331 1316 1504 1402 mysticus
1544 1317 1579 1386 in
1620 1319 1774 1406 quatuor

220 1434 413 1519 evangelia
435 1433 721 1502 commentarius.

306 1541 438 1612 Eadem
470 1541 652 1612 seniorum
688 1540 883 1610 auctoritas
916 1539 1024 1608 etiam
1059 1539 1095 1607 in
1119 1540 1241 1609 schola
1276 1540 1521 1614 Alexandrina
1554 1546 1669 1631 major
1704 1544 1773 1613 fuit

221 1641 328 1747 quarn
366 1659 479 1745 vulgo
521 1659 692 1727 creditur.
729 1657 964 1736 Quantumvis
998 1657 1192 1726 videantur
1226 1657 1369 1745 privato
1402 1662 1549 1747 ingenio
1586 1663 1774 1748 indulgere

223 1779 401 1858 Clemens,
439 1776 624 1862 Origenes,
646 1777 848 1863 Dionysius,
886 1775 1107 1844 incredibilis
1129 1778 1187 1845 est
1218 1777 1322 1864 copia
1342 1782 1507 1847 veterum
1548 1781 1776 1849 testimonio·

221 1915 301 1964 rum
326 1913 406 1981 quse
429 1893 532 1963 nohis
555 1895 805 1962 servaverunt.
824 1892 1060 1962 'tessellatum
1081 1911 1170 1980 opus
1190 1912 1276 1963 vere
1295 1894 1568 1964 alexandrinum
1592 1900 1678 1967 sunt
1694 1897 1776 1967 Ole-

221 2013 353 2082 mentis
376 2010 563 2096 stromata,
589 2011 825 2097 Paedagogus
858 2014 895 2079 et
918 2009 1124 2080 cohortatio
1156 2011 1200 2079 ad
1236 2011 1403 2081 Graecos.
1437 2013 1611 2099 Origenes
1646 2015 1774 2084 timere

222 2149 261 2198 se
278 2131 420 2207 fatetur,
445 2129 625 2215 quotiesa
647 2127 775 2214 priscis
799 2145 870 2194 non
894 2127 1037 2212 pendet,
1061 2147 1128 2196 nec
1143 2129 1283 2196 tantum
1308 2131 1353 2198 ad
1378 2129 1615 2211 Christianos,
1642 2132 1703 2200 sed
1729 2132 1774 2199 ad

222 2249 389 2332 ludaeos,
414 2248 598 2334 suspectos
623 2245 708 2313 licet
740 2247 777 2312 et
808 2243 978 2328 infensos,
1004 2245 1216 2332 saepissime
1249 2245 1424 2331 confugit.
1461 2246 1561 2316 Unde
1585 2246 1688 2316 nobis
1711 2266 1776 2316 ae-

223 2345 330 2454 quum
354 2365 474 2434 visum
498 2366 554 2433 est
577 2363 670 2431 inira
692 2361 809 2430 iacere
833 2361 1041 2432 Senioribus
1064 2361 1319 2432 Alexandrinis
1354 2363 1472 2432 locum
1497 2364 1688 2450 insignem,
1712 2364 1776 2433 sed

222 2485 404 2569 exiguum,
428 2482 472 2550 ad
496 2500 590 2550 nova
612 2483 750 2549 tantum
775 2477 999 2565 proterenda:
1024 2481 1157 2565 quanto
1181 2478 1287 2566 plura
1324 2482 1529 2567 suppetunt,
1553 2481 1584 2549 si
1616 2481 1697 2568 quis
1719 2485 1777 2550 to-

222 2596 297 2662 tum
324 2609 413 2678 opus
437 2591 685 2676 origeniaoum
711 2587 916 2656 evolveriti

314 2701 367 2767 Ex
392 2717 462 2785 quo
486 2716 595 2785 opere
628 2696 748 2784 palam
772 2705 838 2774 est,
864 2697 938 2762 tam
964 2693 1221 2764 Alexandrinis
1260 2713 1366 2782 quam
1392 2695 1563 2764 Romanis
1597 2696 1777 2766 cathedris

224 2817 384 2886 eamdem
411 2815 606 2884 inolevisse
641 2811 938 2882 consuetudinem
974 2812 1173 2898 exponendi
1207 2815 1418 2899 perpetuam
1449 2813 1621 2881 librorum
1657 2833 1779 2883 sacro-

225 2951 302 3004 rum
325 2933 470 3006 seriem.
506 2928 717 3016 Exemplum
754 2929 854 2997 dedit
887 2930 1104 3008 Pantaenus
1138 2928 1198 2998 cui
1220 2931 1469 2999 Hexaemeron
1505 2931 1706 3011 ascribitur,
1741 2935 1779 3001 et

224 3071 329 3139 quem
347 3051 391 3118 ab
408 3049 506 3118 Indis
523 3048 643 3117 lerunt
661 3046 816 3115 llathaei
834 3046 1018 3133 exemplar
1035 3045 1289 3132 reportavisse.
1308 3047 1473 3116 Clemens
1488 3047 1634 3117 ultimas
1653 3049 1777 3136 attigit

226 3168 397 3257 epistolas
420 3166 625 3236 canonicae.
663 3163 729 3232 Sed
753 3182 847 3232 unus
870 3166 926 3231 est
960 3163 997 3229 in
1020 3164 1097 3230 toto
1132 3165 1250 3248 spatio
1274 3163 1354 3230 aevi
1378 3163 1566 3232 christiani
1605 3169 1779 3252 magister

225 3289 411 3373 Origenes,
437 3285 497 3372 qui
522 3281 655 3370 triplici
680 3299 831 3350 excursu
866 3280 1095 3364 scholiorum,
1119 3279 1349 3348 homiliarum
1369 3284 1405 3349 et
1439 3283 1777 3351 commentariorum

225 3406 432 3474 universum
469 3417 642 3469 canonem
667 3415 848 3466 sacrorum
884 3396 1057 3465 librorum
1092 3396 1338 3484 perlustravit,
1374 3396 1507 3483 triplici
1537 3398 1709 3467 videlicet
1742 3403 1779 3468 ct

225 3523 396 3608 giganteo
430 3517 558 3588 itinere
592 3533 761 3585 emensus
796 3515 1009 3583 immensum
1044 3513 1210 3593 stadium,
1240 3513 1333 3598 quod
1357 3512 1450 3582 alius
1482 3514 1544 3582 vix
1568 3515 1678 3583 semel
1713 3534 1779 3603 per

226 3639 371 3725 longam
393 3639 431 3707 et
453 3634 686 3720 tranquillam
711 3632 820 3700 vitam
843 3649 952 3699 ausus
977 3633 1034 3698 est
1056 3629 1219 3714 aggredi.
1244 3631 1291 3698 Et
1313 3628 1380 3698 hoc
1403 3630 1439 3696 in
1457 3648 1546 3698 aevo
1570 3635 1778 3717 martyrum,

224 3757 287 3824 vix
310 3752 382 3824 non
407 3751 565 3838 martyr!
593 3751 688 3836 quod
712 3766 800 3817 sane
834 3749 1038 3835 portentum
1064 3763 1257 3832 numquam
1281 3747 1476 3832 posteritas
1506 3746 1594 3815 satis
1630 3747 1778 3817 mirabi-

225 3877 295 3942 tur.
323 3872 423 3942 Unde
448 3871 699 3954 Hieronymus,
726 3864 787 3951 qui
808 3881 931 3932 omnes
957 3880 1172 3948 magnarum
1197 3862 1430 3931 ecclesiarum
1455 3862 1692 3933 bibliothecas
1715 3883 1780 3932 ex-

226 3991 399 4069 cusserat,
425 3990 508 4056 dum
534 3984 665 4054 seriem
690 4001 735 4050 ex
765 3985 867 4068 parte
891 3979 1074 4048 recensuit
1109 3997 1254 4064 operum
1281 3979 1501 4061 Adamantii,
1528 3980 1564 4047 in
1586 3983 1662 4050 tota
1681 3980 1779 4050 anti-

227 4106 364 4193 quitate
387 4123 517 4191 graeca
540 4106 578 4172 et
597 4099 712 4170 latina
747 4097 863 4174 solum
888 4097 1086 4166 Varronem
1107 4095 1247 4165 invenit
1269 4115 1349 4164 cum
1375 4096 1621 4166 Alexandrino
1645 4098 1775 4185 aequi-

227 4223 525 4416 paraglffuliltllnquod
547 4327 639 4396 idem
666 4328 781 4410 majus
806 4325 843 4393 et
865 4321 978 4392 multo
1003 4320 1248 4391 incredibilius
1274 4321 1474 4391 aediticium
1500 4341 1523 4392 a
1545 4323 1775 4394 fundamento
1828 4319 1840 4340 '

228 4450 272 4518 ad
296 4447 480 4534 fastigium
504 4445 663 4515 condidit
685 4446 723 4513 et
744 4441 906 4531 perfecit,
945 4440 1052 4508 immo
1071 4441 1128 4507 ter
1150 4439 1357 4526 quaterque
1372 4439 1646 4527 redintegravit,
1668 4461 1778 4529 quum

228 4564 408 4653 tetrapla,
434 4562 621 4649 Pentapla,
647 4559 809 4647 Hexapla
832 4561 869 4627 et
892 4556 1051 4644 Octapla,
1076 4554 1379 4625 Pharaonicarum
1404 4557 1519 4627 instar
1541 4558 1778 4646 pyramidum,

228 4681 439 4761 construxit
476 4681 512 4747 in
538 4679 679 4766 quibus,
703 4680 779 4746 toto
803 4675 948 4744 Oriente
975 4673 1194 4761 perlustrato
1228 4692 1308 4742 cum
1347 4673 1497 4744 Graecia
1526 4677 1565 4744 et
1590 4674 1709 4756 Italia,
1735 4674 1780 4742 ad

228 4799 375 4868 Romam
400 4815 526 4885 usque,
550 4797 644 4865 unde
679 4794 772 4862 unde
807 4791 961 4862 corrasis
985 4793 1023 4859 et
1044 4791 1264 4860 coacervetis
1299 4791 1568 4878 interpretibus,
1605 4794 1781 4878 quotquot

228 4916 435 4994 extiterant,
461 4915 557 4983 intra
580 4916 743 4994 quatuor,
768 4910 938 4998 quinque,
963 4925 1027 4977 sex
1062 4911 1100 4978 et
1133 4912 1226 4990 octo,
1252 4907 1404 4977 tortasse
1428 4908 1466 4976 et
1488 4925 1618 4976 novem
1643 4907 1780 4977 colum-

229 5052 304 5113 nas,
327 5031 481 5102 contulit
495 5050 574 5100 cum
592 5031 784 5116 archetypo
807 5047 922 5108 sacro,
945 5029 982 5094 et
1005 5027 1069 5094 sub
1094 5044 1164 5094 uno
1188 5023 1291 5092 oculo
1315 5023 1500 5110 proposuit
1532 5023 1779 5110 Septuaginta,

230 5151 409 5240 Aquilam,
445 5150 704 5238 Symmachum,
726 5145 1019 5223 theodotionem,
1045 5141 1321 5222 Samaritanum,
1355 5142 1555 5210 Hebraeum
1580 5147 1617 5209 et
1655 5141 1779 5228 Syrum

230 5270 459 5356 interpretes,
484 5286 562 5334 curn
599 5265 827 5334 versionibus
850 5281 940 5349 quae
965 5262 1131 5330 dicuntur
1166 5261 1299 5348 quinta,
1336 5261 1439 5327 sexta
1475 5259 1512 5327 et
1546 5257 1711 5346 septima,
1737 5259 1781 5326 ab

231 5387 308 5473 ipso
349 5385 525 5456 detectisl
565 5387 699 5452 Tantae
732 5381 838 5450 molis
872 5383 950 5449 erat
984 5377 1207 5468 quadruplex
1242 5393 1341 5464 opus,
1365 5378 1406 5443 ut
1439 5373 1582 5445 unicum
1618 5373 1781 5446 extitisse
