4038 6088
274 393 333 461 rua
723 351 727 360 ’
794 386 1107 456 rusrnucrrouuu
1129 387 1310 456 uucnumr

309 547 443 621 Pascha,
466 551 667 619 transcensus,
689 541 838 608 hebreum
866 550 928 606 eet:
952 558 1021 605 nam
1074 557 1175 604 mense
1195 535 1388 604 dedicationis
1410 536 1510 621 templi
1531 536 1665 604 colebant
1686 539 1782 604 diem.

269 667 329 716 nou
345 666 484 731 grecum.
500 647 701 712 Transcensus
714 663 786 712 uero
801 644 911 711 idcirco
925 637 1021 709 dictus
1114 651 1275 726 Eptfcntc,
1297 663 1424 725 graecum
1443 654 1500 724 est,
1518 664 1577 729 quo
1591 648 1618 727 ³)
1641 645 1841 730 significatur

268 763 323 835 cst,
345 752 422 837 quod
437 752 543 819 llebrei
560 752 598 815 alr
612 752 731 834 AEgipto
750 750 780 816 in
804 761 909 816 terram
922 749 1022 816 remis·
1074 755 1233 837 apparitio,
1250 755 1297 821 vel
1312 753 1454 832 ostensio,
1474 753 1541 820 sire
1560 754 1639 838 quod
1659 753 1766 820 eadem
1783 753 1841 820 die

269 861 361 930 aionis
372 859 625 926 transcenderent.
639 859 733 925 Piceo
749 860 825 925 idem
841 857 961 943 pascha,
975 867 1022 923 εει
1075 861 1218 926 Dominus
1237 871 1266 926 et
1288 859 1426 926 Salvator
1440 868 1539 926 noster
1553 859 1584 924 in
1604 861 1750 944 baptismo
1775 879 1839 926 suo

271 975 457 1032 transcensus
478 964 527 1029 rel
546 964 697 1030 transitus.
713 1002 752 1012 -
767 965 842 1029 Sunt
856 963 905 1046 qui
928 963 1022 1045 magis
1075 963 1191 1048 populis
1212 961 1300 1028 luerit
1319 969 1474 1042 ostensus;
1494 961 1560 1030 sire
1572 963 1651 1046 quod
1664 964 1750 1030 stella
1766 965 1838 1030 Ms-

271 1085 479 1148 transcensum,
500 1072 548 1137 rel
572 1071 727 1137 transitum
748 1091 784 1137 ex
806 1071 860 1137 luoc
878 1069 1019 1154 adpellari
1075 1065 1131 1148 gis,
1151 1065 1217 1131 sire
1237 1065 1317 1150 quod
1337 1064 1432 1147 primo
1452 1065 1537 1147 signo
1559 1065 1686 1143 Domini,
1701 1083 1784 1151 aqua
1803 1069 1837 1134 in

269 1180 436 1262 adfirmant,
459 1181 539 1262 quod
566 1178 668 1245 eadem
688 1189 776 1244 nocte
803 1177 944 1243 Dominus
971 1195 1021 1260 per
1074 1173 1178 1238 rmum
1198 1189 1285 1237 uersa
1309 1182 1378 1236 tunc
1397 1172 1577 1254 appamerit.

271 1285 423 1368 AEgiptum
447 1283 604 1366 transierit,
620 1304 686 1349 cum
702 1285 893 1368 AEgiptiorum
917 1281 1022 1366 primo·
1116 1287 1280 1347 Nemmeic
1294 1280 1334 1360 ⁴),
1347 1276 1402 1342 hoc
1415 1287 1462 1343 εει
1475 1279 1553 1361 quod
1567 1279 1647 1363 apud
1657 1297 1712 1346 non
1725 1280 1835 1346 lralen·

269 1385 371 1467 genita
393 1395 498 1452 cuncta
520 1386 677 1468 percussit.
1076 1383 1132 1448 dae.
1155 1383 1212 1449 Scd
1233 1383 1302 1466 quia
1322 1381 1402 1465 apud
1422 1382 1551 1448 Hebroos
1565 1384 1726 1450 secuudum
1747 1387 1836 1452 lunai

308 1495 516 1569 Perdocostlcce,
531 1489 806 1572 quinquagensimo,
820 1506 950 1572 graecum
965 1497 1019 1554 est.
1076 1507 1192 1554 cursum
1207 1506 1321 1554 menses
1334 1498 1543 1571 supputantur,
1563 1499 1593 1556 ει
1605 1514 1710 1558 mmm
1730 1511 1835 1575 graeoe

269 1597 363 1680 liujus
384 1595 658 1680 quinquagensimae
673 1596 795 1678 liguram
812 1601 834 1673 ¹)
857 1613 955 1661 annus
969 1595 1021 1658 lu·
1077 1595 1145 1659 luna
1158 1592 1333 1676 appellatur,
1347 1591 1456 1657 idcirco
1471 1594 1643 1678 Neomenie,
1663 1617 1740 1666 nora
1756 1600 1832 1666 luna

168 1745 174 1754 -
270 1701 370 1768 beleus
392 1701 494 1782 gessit,
517 1701 567 1782 qui
589 1718 666 1764 nunc
682 1700 785 1764 iterum
800 1700 906 1764 luturae
927 1717 1023 1783 repro·
1075 1701 1169 1785 accipi
1191 1710 1297 1783 potest.

269 1809 419 1874 missionis
439 1817 577 1874 eternam
599 1809 728 1890 requiem
749 1809 930 1892 praefigurat.
1115 1812 1289 1899 Formosae,
1304 1809 1490 1891 preparatio,
1513 1828 1641 1892 grecum
1661 1821 1718 1878 est.
1737 1814 1830 1880 Para-

312 1923 527 1998 commerata,
556 1935 622 1980 cum
651 1915 841 1981 tabernacula
867 1932 885 1978 a
912 1914 1023 1981 Juuaeis
1076 1933 1164 1980 scere
1191 1915 1270 1981 enim
1297 1926 1380 1982 senta
1408 1916 1526 1982 Sublati
1554 1920 1735 2003 appellatur,
1752 1921 1830 1987 Hinc

269 2024 411 2108 figuntur,
425 2026 463 2093 ob
475 2025 645 2090 memoriam
657 2025 923 2090 tabernaculorum.
939 2030 1022 2092 Dece·
1077 2040 1147 2087 vero
1162 2025 1339 2105 preparatio
1352 2022 1471 2104 dicitur,
1487 2026 1566 2109 quod
1579 2046 1597 2090 a
1608 2028 1710 2094 Judeis
1723 2029 1828 2095 eadem

270 2153 328 2196 mcc
347 2129 426 2195 enirn
448 2147 545 2213 praece
567 2129 790 2196 tabernaculum
811 2129 931 2195 dicitur.
955 2131 1025 2194 llaec
1075 2127 1125 2193 die
1138 2146 1204 2210 quaa
1220 2130 1248 2193 in
1261 2129 1424 2195 Sabbatum
1435 2143 1507 2196 eunt
1520 2136 1695 2214 necessaria,
1705 2153 1829 2220 praepa-

268 2237 437 2303 ludaeorum
458 2236 629 2303 solemnitas
643 2239 794 2320 Septem[l.
812 2237 909 2318 78]bri
925 2255 1023 2302 menso
1076 2243 1188 2299 rentur.

272 2343 447 2411 celebratur.
1117 2348 1255 2422 Somolo,
1271 2343 1398 2431 requies,
1415 2343 1563 2410 hebreum
1576 2356 1632 2411 est.
1647 2347 1759 2414 ldoirco
1773 2368 1827 2414 au-

310 2457 447 2528 Ieremia,
460 2467 549 2516 uovae
562 2449 767 2516 edificemus
780 2452 957 2518 obseruatio.
973 2457 1023 2520 Oo-
1079 2461 1136 2517 tem
1160 2453 1294 2536 requies,
1316 2452 1395 2536 quod
1423 2453 1454 2520 in
1480 2453 1584 2519 eudem
1610 2455 1658 2520 die
1684 2457 1826 2523 Dominus

269 2581 332 2625 con
351 2574 478 2642 namque
491 2558 523 2622 in
536 2575 632 2640 greca
646 2557 749 2640 lingua
764 2565 788 2638 ⁵)
803 2577 912 2625 norum
929 2560 1023 2642 signi·
1076 2561 1113 2626 ab
1133 2579 1232 2644 opere,
1249 2563 1386 2645 perlectis
1399 2565 1536 2631 omnihus
1549 2565 1757 2651 absolutisque,
1774 2587 1826 2634 re-

269 2667 349 2732 licat.
365 2666 443 2749 Ergo
458 2666 490 2730 in
504 2667 560 2731 hac
574 2665 761 2732 solemnitate
775 2667 871 2732 ludaei
884 2666 1022 2732 Octobrio
1076 2667 1232 2752 quieverit.
1332 2751 1337 2760 ι

309 2834 331 2893 ¹)
346 2829 393 2883 Bis
405 2830 537 2902 ficorum
551 2829 624 2902 quod
635 2828 667 2885 2⁰
680 2829 741 2885 loco
751 2846 860 2885 erasum
875 2835 944 2887 est...
958 2832 1020 2885 dein
1075 2849 1188 2904 quam„
1200 2836 1320 2891 octobrio
1339 2840 1455 2893 mmsis.
1473 2866 1507 2879 -
1526 2836 1548 2902 ³)
1568 2839 1645 2909 quod
1661 2841 1822 2912 sipmlficoti,

270 2933 368 2973 omnus
371 2920 397 2987 j.
406 2935 433 2989 p.
444 2936 517 2989 quae
526 2917 842 2989 murac...proefiourat...
853 2931 1021 2976 tavernacu-
1076 2929 1139 2994 post
1157 2941 1228 2979 corr.
1247 2927 1486 2998 significanter...
1505 2929 1627 2984 stills...
1646 2933 1678 2983 im
1696 2934 1770 2986 cino.
1789 2959 1824 2971 -

271 3009 391 3065 lorum...
410 3011 564 3078 september
582 3015 753 3066 mosomensis
772 3012 813 3064 sic
833 3011 862 3064 C.
875 3040 911 3051 -·
926 3018 948 3076 ι)
963 3013 1023 3067 lim·
1076 3013 1098 3077 ⁴)
1110 3013 1269 3071 Neumemia
1284 3015 1352 3072 bis...
1368 3019 1520 3073 hebreus...
1535 3023 1674 3075 mensis...
1689 3024 1782 3090 accepi
1795 3021 1823 3073 (l.

879 3243 997 3317 VIIII.
1024 3243 1076 3317 De
1098 3243 1224 3318 Idolis.

309 3424 407 3496 Idolo,
429 3419 616 3484 simulachra.
1117 3427 1271 3500 Diabolus,
1282 3422 1418 3488 deorsum
1433 3423 1539 3504 lluens,
1552 3444 1648 3508 grance
1661 3440 1759 3498 autem
1772 3434 1825 3500 cri-

309 3531 484 3606 Belplacpor,
492 3527 570 3608 quod
583 3525 794 3610 interpretatur
804 3527 1022 3607 simulachrum,
1077 3524 1201 3591 minator
1216 3529 1242 3607 ι)
1267 3527 1385 3593 dicitur.

269 3632 381 3697 idolum
391 3644 437 3696 εει
447 3633 546 3700 ucat.
563 3633 647 3698 llunc
661 3634 760 3698 Latini
776 3635 913 3720 Priapum
930 3640 956 3718 ¹)
970 3656 1022 3721 ap·
1119 3634 1281 3696 Salamin
1299 3631 1421 3700 latinum
1440 3647 1527 3703 sonat
1543 3637 1740 3720 adversarius,
1760 3644 1825 3709 sire
1850 3673 1858 3686 ·

269 3739 394 3823 pellant.
1079 3745 1286 3817 transgressor.

309 3852 374 3925 Bel,
395 3846 474 3930 quod
496 3847 705 3931 interpretatur
732 3858 867 3915 vetustas
890 3852 926 3929 [l.
952 3852 1020 3934 79],
1118 3848 1253 3925 Sirenae,
1276 3846 1307 3910 in
1326 3847 1425 3929 Esaia,
1445 3849 1592 3918 deamones
1613 3862 1664 3918 aut
1684 3853 1825 3923 dracones

269 3953 349 4020 idem
363 3953 474 4020 idolum
487 3964 533 4020 est
547 3954 746 4022 Denticulum.
762 3957 831 4023 Fuit
843 3976 915 4025 vero
930 3965 954 4038 ²)
977 3961 1024 4024 mc
1077 3951 1189 4034 magni,
1203 3953 1315 4017 cristati
1329 3955 1440 4037 pariter
1453 3975 1488 4021 ao
1507 3957 1704 4039 volenteque
1723 3977 1741 4024 a
1762 3964 1825 4046 qui-

268 4059 346 4126 idem
368 4060 455 4126 Belus
477 4069 560 4144 pater
581 4061 649 4126 Nini
671 4065 750 4148 regis
771 4066 959 4132 desiriorum.
1077 4057 1201 4124 busdam
1223 4070 1351 4143 putatur.

308 4167 632 4248 Adramcleclr,idolum
644 4170 921 4255 lssiriorum,quod
932 4174 1022 4239 etiem
1122 4173 1236 4245 mulce,
1251 4168 1282 4230 in
1303 4168 1401 4248 Esaia,
1416 4171 1455 4232 ab
1469 4171 1547 4235 omni
1566 4172 1754 4240 translatione
1774 4196 1824 4241 no-

267 4274 424 4339 Samaritae
445 4275 555 4338 colunt.
1077 4275 1154 4340 mine
1170 4275 1232 4359 ipso
1245 4275 1361 4341 hebreo
1378 4280 1491 4360 [lilim]
1514 4279 1698 4363 appellantur
1711 4285 1750 4366 ⁴).
1775 4285 1826 4352 Se·

308 4383 460 4460 Astarten,
476 4381 554 4464 quod
575 4380 606 4446 in
629 4382 754 4449 latinum
774 4394 861 4449 sonat
881 4386 1021 4453 lecturam
1077 4390 1236 4464 ptuagenta
1260 4391 1372 4447 tantum
1396 4383 1571 4466 interpretes
1595 4405 1649 4470 pro
1676 4396 1723 4455 liis
1749 4409 1823 4457 onc-

269 4488 459 4574 superlluem,
483 4489 594 4556 idolum
615 4490 800 4558 Sidoniorum
821 4493 933 4559 dicunt.
1076 4499 1229 4554 centauros
1243 4490 1273 4554 in
1287 4490 1479 4556 translatione
1494 4505 1663 4574 posueruut.
1681 4497 1756 4562 Sunt
1775 4501 1824 4581 qui

309 4602 448 4664 Deiecerat
467 4597 676 4680 interpretatur
695 4601 745 4665 vir
766 4618 942 4666 muscarum.
1081 4603 1276 4666 moereres
1295 4617 1360 4664 csse
1380 4609 1486 4682 putant
1505 4610 1675 4682 nocturnas,
1696 4604 1734 4669 ab
1755 4605 1825 4670 ulu-

305 4787 350 4844 [pq¹
367 4792 388 4852 ι)
403 4788 552 4843 &famum
567 4787 596 4842 (l.
612 4818 645 4829 -
662 4795 684 4854 2ι
699 4793 769 4846 ciro.
782 4796 855 4853 -·³l
875 4793 1020 4849 Crimina·
1077 4789 1132 4842 loto
1145 4791 1218 4842 uocis
1233 4804 1319 4857 quam
1330 4791 1466 4860 offerunt}
1479 4806 1566 4862 quom
1578 4793 1687 4864 culpo...
1696 4805 1817 4863 potarat..

272 4887 353 4931 tur...
374 4893 437 4931 mox
451 4879 581 4933 christati
593 4883 704 4947 pariter
717 4881 867 4936 evolantes.
881 4909 912 4921 -
930 4889 953 4946 ⁴)
970 4884 1022 4935 Pa·
1077 4879 1185 4932 tandem
1196 4880 1223 4930 in
1235 4879 1289 4931 fine
1303 4879 1446 4933 nonnulla
1456 4896 1486 4934 οε
1496 4885 1579 4937 stium
1589 4883 1649 4936 eine
1660 4883 1719 4938 ullo
1729 4899 1822 4940 sensu.

273 4967 414 5020 renllresin
427 4984 461 5020 ex
475 4967 544 5038 Reg.
561 4966 629 5022 1823
642 4969 787 5040 recipitur,
798 4969 905 5040 vulgati
915 4973 977 5028 lim.
993 4971 1020 5025 lu
1075 4967 1171 5021 Nonne
1183 4966 1325 5022 insolitum
1339 4967 1420 5036 illud,
1431 4973 1459 5022 el
1471 4968 1601 5027 celticum
1616 4973 1747 5042 fortusse,
1760 4991 1823 5028 cum

272 5055 434 5127 Cperverss
448 5061 480 5112 im
493 5058 674 5114 Hierusalem
687 5060 902 5128 appellantur...
914 5067 943 5114 ει
954 5078 1019 5132 per·
1076 5055 1164 5111 lolius
1176 5055 1313 5126 clausula,
1326 5075 1475 5115 cavannes
1488 5058 1579 5114 locum
1592 5061 1667 5116 dedit
1681 5065 1742 5117 voci
1762 5079 1825 5116 rem

273 5148 407 5217 glinton:
428 5149 493 5202 alies
505 5153 536 5204 'ss
546 5159 650 5217 putant
661 5166 720 5204 esse
732 5159 890 5206 nocturnas
903 5153 939 5206 ob
952 5151 1019 5206 ulu-
1077 5145 1181 5203 nflculae
1201 5151 1391 5205 cluat-lutam?
