4038 6088
844 505 970 572 conen
991 503 1079 572 sno.
1103 503 1141 572 tu
1707 503 1764 570 soe
1791 489 1794 497 ‘

264 769 340 833 Llll.
364 767 468 831 interr.
491 766 644 846 Quomodo
658 766 825 832 obtulerunt
839 767 865 849 ¹)
882 767 963 848 biugi
979 763 1125 832 munere?
1139 763 1217 830 siout
1230 763 1372 848 legimus:
1389 766 1564 849 durantes,
1581 765 1688 850 iuquit,
1705 767 1768 832 tte-

224 896 328 944 sauros
347 895 426 955 suos,
448 875 608 940 obtulerunt
627 893 741 953 numm,
764 876 827 939 thus
847 881 874 939 et
892 893 1032 940 murrum.
1054 875 1096 940 Et
1113 893 1248 958 responso
1269 874 1367 939 diutino
1389 873 1529 940 admoniti
1547 875 1579 939 in
1596 877 1713 957 somnis,
1735 896 1769 940 ne

224 987 352 1050 redirent
370 986 411 1050 ad
430 985 583 1063 Herodem,
606 1003 658 1068 per
679 985 768 1050 aliern
788 987 864 1050 sinna
884 988 993 1049 reunsi
1012 992 1088 1050 suut.
1724 1031 1728 1039 ·

265 1091 355 1175 nup.
377 1091 460 1156 Tune
479 1089 591 1156 scilieet
612 1089 706 1172 magt,
729 1091 873 1175 praesagio
894 1090 1032 1175 Spiritus,
1055 1089 1173 1158 Christo
1195 1107 1316 1156 munera
1336 1091 1512 1172 offerebant,
1535 1109 1639 1158 aurum
1660 1092 1773 1158 seilicet

226 1199 312 1280 qussi
334 1198 413 1280 regi,
438 1196 504 1262 thus
523 1207 622 1262 autem
636 1195 719 1278 quasi
734 1194 808 1275 Deo,
823 1193 889 1260 sive
903 1197 972 1277 quia
987 1194 1164 1277 passionem,
1181 1194 1247 1260 sive
1261 1195 1481 1262 tumulationem
1497 1201 1521 1277 Ι)
1535 1196 1770 1263 demonstrabat.

227 1304 329 1371 Murra
350 1313 448 1371 autem
469 1305 631 1390 sepulturae
652 1303 770 1386 signum
785 1303 998 1386 protendebat.
1022 1303 1100 1385 ldegi
1122 1312 1220 1367 autem
1241 1302 1297 1386 ipsi
1321 1313 1410 1387 typus
1424 1308 1452 1385 8)
1474 1305 1654 1370 credentium
1675 1314 1770 1370 erant.

226 1411 360 1478 Herodes
381 1423 481 1480 nutem
499 1411 614 1478 Diaboli
632 1411 824 1494 significahat
844 1410 967 1492 liguram
982 1411 1021 1492 ⁴).
1045 1407 1132 1487 Quod
1151 1417 1249 1474 autem
1271 1408 1366 1490 Magis
1387 1408 1497 1474 dietum
1517 1418 1573 1490 est,
1590 1429 1628 1477 ue
1642 1417 1774 1474 reuerte-

229 1528 332 1585 rentur
352 1517 392 1584 ed
412 1519 570 1599 Herodem,
592 1517 647 1584 hou
666 1527 724 1599 est,
746 1525 779 1584 ut
800 1514 842 1581 hii
863 1514 914 1600 qui
935 1535 972 1582 ex
994 1514 1139 1582 Gentibus
1151 1515 1189 1579 ed
1204 1515 1353 1580 Christum
1373 1516 1508 1600 veniunt,
1530 1534 1632 1584 rursus
1645 1516 1684 1582 ad
1705 1515 1775 1581 Dis-

227 1628 330 1695 holum
351 1646 411 1694 nou
431 1637 631 1694 reuertentur.

777 1781 850 1827 INCP.
874 1783 909 1828 DE
931 1780 1096 1830 evenoento
1118 1781 1215 1827 munel.

269 1948 344 2016 htv.
370 1949 402 2028 [l.
426 1949 495 2031 tot]
519 1949 625 2014 interr.
654 1949 716 2016 Vos
735 1949 891 2016 clamantis
912 1953 942 2014 in
962 1949 1087 2016 deserto:
1109 1951 1220 2016 Parate
1232 1951 1309 2014 sinen
1323 1950 1455 2032 Domini,
1472 1953 1565 2016 ontnts
1582 1951 1668 2018 uallis
1681 1949 1777 2035 inple-

228 2057 319 2138 bitur,
342 2066 370 2122 et
387 2077 484 2123 omnm
503 2066 613 2126 montes
633 2067 660 2124 et
679 2060 762 2126 solbs
781 2058 987 2138 humiliabitur,
1009 2065 1036 2122 et
1055 2065 1137 2124 aunt
1154 2077 1250 2143 pruna
1270 2060 1300 2122 in
1320 2057 1431 2122 diserto
1444 2059 1486 2141 8).

270 2167 363 2250 desp.
386 2168 499 2236 Vallem
520 2170 598 2254 quod
618 2169 701 2251 dioit,
724 2169 866 2236 mundum
887 2169 977 2233 istum
998 2169 1191 2248 demonstrat,
1206 2165 1350 2250 repletum
1365 2164 1476 2231 Christi
1495 2164 1638 2231 doctrina.
1662 2165 1778 2232 Montes

232 2284 332 2341 autem
354 2284 384 2340 ot
397 2275 487 2340 eolles
501 2275 660 2357 humiliati,
680 2277 806 2361 perfidis
828 2277 941 2342 scilieet
954 2278 981 2359 ⁶)
1005 2277 1131 2358 Diaboli,
1153 2287 1184 2342 et
1205 2275 1348 2340 idolorum
1369 2275 1495 2355 cultura,
1515 2293 1581 2358 quae
1595 2276 1626 2341 in
1645 2275 1778 2341 aduentu

229 2379 339 2446 Christi
360 2380 516 2446 humiliata
537 2391 618 2462 sunt,
635 2392 725 2466 atque
745 2383 902 2465 depressa;
918 2380 996 2465 quod
1011 2390 1108 2447 autem
1130 2381 1221 2446 dicit:
1244 2381 1342 2446 Erunt
1360 2399 1455 2466 praua
1474 2383 1505 2446 in
1524 2381 1642 2464 diaeta,
1658 2383 1714 2447 hou
1733 2391 1780 2448 est
1891 2453 1893 2457 .

231 2485 395 2552 Gentilium
416 2489 561 2570 prauitas,
584 2490 634 2572 qui
656 2508 736 2554 nuno
755 2495 833 2554 reeta
857 2487 966 2553 itenere
987 2486 1097 2554 Christi
1120 2487 1336 2569 ingrediuntur.
1676 2535 1679 2540 -

269 2591 328 2660 nv.
351 2590 458 2658 1nterr.
482 2594 569 2659 Citra
589 2601 683 2661 autem
702 2594 848 2660 truanes
867 2598 931 2660 erut
950 2591 1074 2658 tonnae
1093 2599 1121 2658 et
1138 2593 1196 2658 net
1214 2593 1340 2661 siluestre
1355 2597 1403 2681 tl:
1426 2613 1494 2680 quae
1507 2595 1596 2681 hujus
1616 2603 1663 2662 est
1683 2595 1779 2662 inter-

251 2700 380 2766 retetio‘l

229 2717 249 2783 p
269 2808 361 2894 desp.
383 2809 525 2877 Locustae
546 2830 620 2896 quas
633 2812 718 2893 dicit,
735 2812 907 2897 populorum
921 2811 1119 2877 multitudinis
1134 2811 1317 2877 demonstret
1331 2811 1468 2895 liguram,
1486 2810 1536 2895 qui
1557 2811 1595 2877 ad
1615 2811 1779 2876 iohannem

230 2918 410 3000 teuieheut3
432 2920 491 2986 mel
511 2930 610 2986 autem
633 2923 760 2988 lruotum
774 2920 939 2988 dulcedinis
953 2919 1093 3003 declaret,
1109 2923 1212 3004 utique
1224 2938 1326 2986 eorum
1340 2939 1466 3004 quonum
1486 2917 1664 2987 credulitate
1677 2927 1707 2985 et
1722 2918 1779 2983 lide

230 3025 380 3096 iohannes
400 3030 596 3096 saturabatur.

817 3187 1187 3198 *a*

271 3348 347 3417 ult.
371 3347 475 3412 lutae.
499 3349 542 3413 at
560 3367 624 3413 eunt
639 3350 814 3432 jejunasset,
838 3348 1226 3433 inquit,1besus,etytostea
1245 3351 1391 3429 euasisset,
1407 3352 1484 3417 siout
1497 3350 1669 3433 evangelice
1688 3351 1778 3417 lectio

233 3465 368 3538 testetur,
390 3457 507 3524 dicens:
531 3456 612 3522 Dixit
632 3457 669 3522 ed
690 3475 757 3523 eum
779 3456 804 3522 is
824 3457 873 3540 qui
896 3467 1005 3522 tentet:
1032 3457 1069 3522 Si
1087 3457 1183 3521 Filius
1206 3457 1263 3521 Dei
1282 3476 1329 3533 es,
1352 3457 1399 3520 dis
1425 3463 1459 3520 at
1477 3457 1586 3541 lapids
1613 3457 1663 3548 isti
1687 3475 1778 3539 panes

231 3565 315 3647 fiunt.
339 3564 441 3629 Iltesus
462 3571 557 3630 autent
577 3565 653 3630 diesit
670 3566 714 3630 ei:
735 3563 803 3630 Non
830 3563 863 3626 in
882 3582 957 3647 pane
977 3563 1037 3628 solo
1058 3565 1130 3629 uiuit
1149 3564 1249 3644 domo,
1272 3563 1323 3628 sed
1341 3565 1373 3627 in
1401 3564 1479 3628 omni
1504 3563 1588 3628 nerto
1609 3563 1674 3628 Dei.
1701 3561 1778 3628 Tune

267 3751 334 3810 Llll.
351 3751 501 3808 Insidimus
514 3754 543 3810 iu
555 3765 657 3809 novum
668 3769 749 3826 opus,
768 3751 851 3825 plene
865 3752 976 3809 Euche-
1031 3768 1063 3809 eo
1081 3751 1147 3824 lego
1159 3765 1257 3824 typum
1269 3770 1320 3825 pro
1332 3764 1426 3826 typus,
1439 3750 1517 3808 selue
1534 3751 1645 3808 meliori
1664 3755 1780 3808 mutem

231 3841 976 3914 menum,eaeterieoonseuteneumquaestionibus,uo·
1031 3841 1081 3896 tie.
1101 3873 1136 3883 -
1150 3849 1173 3906 ⁴)
1193 3844 1324 3916 fieuram.
1344 3871 1379 3884 —·
1398 3843 1468 3898 Tres
1487 3857 1555 3911 ergo
1578 3839 1639 3895 illie
1658 3844 1688 3895 et
1704 3839 1780 3895 infre

232 3932 346 4000 tetuque
370 3930 584 4002 dignissimum,
604 3935 683 3986 utet
706 3935 808 3985 emtore
826 3945 897 3984 nove
914 3946 976 4002 quae
1031 3931 1153 4002 quinque
1172 3931 1205 3983 de
1225 3931 1360 3986 Metthaeo
1377 3930 1547 4001 quaestiones
1566 3933 1702 3996 tenemus,
1714 3929 1780 3985 dum

231 4019 349 4074 subinde
368 4023 533 4092 sequuntur,
550 4019 621 4074 uude
640 4021 729 4074 nostri
749 4019 859 4074 tandem
872 4019 977 4073 eodieis
1030 4015 1153 4088 vulgetae
1167 4017 1280 4073 luerunt
1296 4033 1347 4085 ιιιι,
1361 4034 1423 4088 ques
1436 4015 1550 4070 minime
1564 4016 1667 4087 spuriae
1684 4017 1781 4071 videu-

230 4109 373 4180 totiusque
396 4111 491 4182 operis
509 4107 636 4164 ultimum
660 4109 797 4164 rationem
824 4109 978 4179 investige—
1031 4111 1088 4160 tur.
1102 4107 1212 4160 Nostrae
1228 4110 1320 4159 autem
1333 4110 1390 4159 mm
1403 4105 1543 4159 sententia
1556 4121 1638 4175 quam
1651 4105 1781 4161 methodo

231 4214 303 4254 mus·
1032 4196 1151 4248 maxime
1161 4195 1191 4248 iu
1203 4192 1323 4266 prolixis
1331 4193 1598 4265 interrogationibus
1607 4209 1662 4248 nxu
1675 4197 1704 4248 et
1715 4209 1781 4249 nxvu

270 4291 292 4350 ¹)
310 4285 408 4343 Matth.
428 4301 460 4354 ιι,
482 4284 525 4354 ll,
548 4283 588 4342 te.
608 4286 779 4358 optulerunt
796 4285 874 4340 bis...
895 4287 979 4341 Sicu·
1032 4282 1116 4355 plene
1134 4301 1212 4339 nonae
1232 4287 1307 4339 sunt.

234 4377 388 4447 lenimus...
399 4374 537 4445 inquid...
549 4385 575 4429 et
587 4391 723 4429 murra...
734 4375 770 4429 ab
783 4373 932 4429 Herodem.
944 4403 978 4416 -
1070 4372 1141 4428 htv.
1161 4381 1173 4414 ⁶
1194 4373 1284 4428 Mero.
1306 4389 1326 4441 u,
1346 4369 1373 4427 3.
1394 4371 1495 4429 Statim
1515 4387 1635 4442 agnosse
1653 4374 1782 4425 nostrum

232 4462 256 4530 ι)
279 4467 440 4534 passionem
465 4463 677 4518 simulationem
701 4463 927 4531 demonstrabat,
951 4463 979 4517 id
1033 4459 1191 4516 incredibili
1203 4462 1331 4516 herberie
1343 4460 1516 4531 singularem
1534 4461 1669 4515 scribam:
1685 4462 1782 4516 Omnis

232 4551 305 4623 quod
323 4567 368 4605 me
386 4553 457 4606 eatis
476 4551 575 4605 torsit:
596 4555 651 4606 erit
668 4551 742 4605 enim
760 4551 806 4606 oni
825 4549 898 4605 sorte
917 4549 995 4623 plen·
1034 4552 1121 4607 ualles
1140 4551 1296 4620 inpleantur
1307 4560 1334 4604 et
1345 4553 1437 4604 omnis
1450 4558 1558 4604 montes
1580 4559 1605 4604 et
1623 4550 1707 4604 colles
1726 4550 1782 4603 hu·

232 4640 324 4694 euenit
340 4639 432 4711 magis
450 4638 546 4711 legere
563 4641 747 4708 similatione,
766 4655 798 4694 ao
817 4641 842 4693 si
858 4641 925 4711 quid
943 4643 981 4695 ei·
1034 4641 1205 4707 mitiaoitur,
1218 4641 1259 4692 sio
1272 4637 1332 4691 ille.
1342 4665 1378 4679 -
1391 4645 1414 4701 ο)
1426 4639 1569 4694 Sufficit...
1582 4643 1615 4694 ia
1628 4638 1781 4693 advento...

232 4726 300 4782 mile
319 4729 357 4782 sit
373 4726 536 4783 holocausto
548 4729 640 4783 orueis
654 4728 720 4782 thus
737 4729 809 4800 quod
829 4731 895 4800 igne
913 4747 980 4785 eon·
1034 4731 1128 4800 adque
1140 4730 1324 4800 depraessa...
1340 4733 1450 4785 itenere
1465 4727 1572 4783 Christi
1580 4728 1780 4800 eqrediuntur.

232 4817 362 4872 sumitur.
382 4815 413 4869 Iu
431 4831 604 4888 quecumque
623 4817 753 4886 lectione,
766 4817 919 4888 singularis
938 4825 982 4875 eet
1075 4819 1133 4879 LV.
1151 4827 1162 4861 l
1183 4819 1274 4874 Mero.
1295 4833 1316 4884 1,
1336 4817 1364 4874 6.
1379 4847 1414 4860 -
1428 4819 1572 4874 Lucustae
1588 4820 1667 4872 bis...
1689 4823 1782 4874 iater-

233 4919 267 4959 es
281 4904 373 4958 thuris
386 4902 547 4975 explanatio
560 4904 722 4977 allegoriae.
735 4935 771 4948 -
785 4911 808 4972 8)
822 4906 939 4978 Liquido
952 4909 982 4962 in
1034 4913 1209 4980 praetutia...
1223 4908 1456 4962 multitudines...
1469 4908 1565 4978 flaura
1578 4910 1639 4977 qui.
1653 4905 1697 4960 Au
1709 4921 1785 4975 gree·

232 4990 350 5046 codiee:
376 4993 458 5064 maye
481 5002 576 5048 autem
600 4997 656 5064 ipsi
679 4999 783 5065 labsum
806 4995 983 5052 credentium
1037 4999 1135 5054 senice
1153 4995 1300 5070 syntaxis?
1318 5012 1383 5052 mox
1395 4996 1557 5050 mixteeum
1574 4995 1701 5049 barbarie
1718 4997 1785 5066 fru-

235 5091 328 5152 erent,
354 5097 416 5152 quae
439 5083 523 5136 verbe
541 5081 620 5138 nullo
641 5082 701 5138 fere
722 5084 884 5138 discrimine
903 5101 987 5158 sepe·-
1040 5099 1116 5144 etum
1126 5087 1206 5142 dulei
1215 5088 1260 5141 iris
1271 5085 1396 5141 declarat
1407 5085 1449 5138 eie
1461 5083 1521 5140 uod.
1533 5111 1568 5124 -
1580 5082 1611 5136 In
1623 5082 1685 5137 edd·
1699 5081 1788 5136 altere

233 5173 345 5240 rentur,
356 5186 446 5243 neque
458 5170 516 5226 ullo
528 5171 622 5242 obelo,
641 5173 700 5227 sire
720 5178 823 5245 puueto
842 5178 985 5230 uruntur.
1039 5180 1084 5232 eet
1101 5176 1135 5231 de
1150 5175 1247 5230 Meroe
1261 5174 1457 5247 interrogatio.
1472 5172 1503 5227 ln
1516 5172 1572 5227 tine
1583 5171 1711 5229 debeant
1722 5175 1787 5244 poet

233 5257 368 5316 Litteram
382 5277 407 5331 s,
422 5264 455 5317 ut
466 5257 535 5318 elini
549 5261 665 5333 sapius,
679 5260 834 5316 addititiam
847 5262 986 5335 existimo,
1040 5281 1116 5322 eurr.
1136 5263 1275 5322 nonense.
