4064 6108
607 476 776 544 serimus
796 476 1015 545 Dlillli'l'lllllS
1035 474 1328 543 ALEXANDRINUS
1682 479 1741 544 lilii

197 627 340 725 Ἀνδρέας
356 625 464 707 δὲτὴν
489 631 631 702 Σκυθίαν·
647 630 789 708 Ἰωάννης
803 630 865 705 τὴν
888 629 942 696 Ἀ·
994 628 1082 695 dieas
1101 644 1173 694 vero
1193 625 1357 713 Scythiam.
1380 627 1486 694 ioanni
1506 631 1577 696 heiu
1597 633 1739 714 obvenit,

197 743 279 830 σίαν,
295 739 368 831 πρὸς
384 736 502 815 οδςίιαί
518 729 678 830 διατρίψας
693 742 723 802 ἐν
748 736 864 828 Ἐφέσῳ
887 759 943 802 τε·
996 735 1046 818 qui
1067 732 1226 817 plurimum
1254 733 1392 817 temporis
1418 733 1449 798 in
1476 751 1510 800 eu
1531 747 1739 819 commoratus,

196 851 303 932 λιυτᾷ.
327 846 444 936 Πίτρος
467 837 502 912 δὲ
524 849 555 912 ἐν
579 845 690 929 Πόντῳ
713 845 767 910 καί
790 845 942 931 Γαλατίᾳ,
997 841 1117 906 tandem
1127 840 1232 926 Ephesi
1244 839 1322 906 diem
1335 839 1420 907 obiit.
1434 844 1473 908 nt
1487 841 1591 910 Patrue
1605 844 1636 910 in
1648 844 1741 912 Ponto

197 954 252 1020 καί
273 953 406 1040 Βιθυνίᾳ,
430 944 641 1038 Καππαδοκίᾳ
663 975 701 1018 σε
716 952 770 1016 καί
784 952 876 1037 Ἀσίᾳ
891 974 944 1016 κο·
996 957 1027 1014 et
1040 949 1160 1015 Galatia
1173 958 1203 1014 el
1217 947 1365 1032 Bithynia,
1375 948 1407 1016 in
1418 949 1604 1037 Cappadocia
1615 963 1646 1018 et
1659 955 1740 1035 heia,

197 1061 363 1152 κηρυκέναι
377 1072 443 1138 τοῖς
463 1064 498 1126 ἐκ
522 1052 689 1150 διασπορᾶς
714 1051 870 1136 Ἰουδαίοις
886 1058 945 1126 ἔοι·
995 1054 1106 1121 iudeis
1126 1055 1177 1139 qui
1200 1055 1233 1120 in
1253 1055 1434 1141 dispersione
1454 1059 1743 1142 eructuantem

198 1191 260 1235 ιιεν·
284 1167 316 1245 ὃς
338 1169 392 1235 καί
414 1167 465 1234 ἐπί
487 1167 574 1234 vtica
598 1171 628 1232 ἑν
646 1165 750 1257 Ῥώμῃ
769 1167 942 1260 γενόμενος,
996 1159 1741 1244 οσίσίὶιυοιυι.ουἰἀοιυυυιΠουιοσονουὶουο,οτυσί

199 1275 443 1351 ἀνεσκολοπίσθη
468 1275 552 1342 κατὰ
568 1280 717 1366 κεφαλῆς,
735 1276 831 1351 οὕτως
851 1276 943 1352 αὐτὸς
997 1267 1119 1333 suffixus
1129 1276 1185 1350 esi,
1197 1268 1294 1350 Duplici
1304 1269 1439 1336 (illorsum
1450 1269 1594 1338 demisso!
1608 1271 1651 1337 sio
1662 1272 1740 1339 enlm

199 1377 331 1462 ἀξιώσας
346 1382 464 1449 παθεῖν.
482 1383 521 1448 Τί
537 1374 587 1448 δεῖ
599 1383 669 1472 περί
687 1383 812 1447 Παύλου
828 1381 940 1474 λέγειν,
996 1383 1029 1437 ul
1049 1373 1080 1438 in
1100 1391 1186 1439 eruce
1205 1373 1414 1456 collocaretur,
1437 1375 1501 1462 ipae
1527 1387 1675 1445 oraverat.
1698 1380 1743 1446 De

198 1490 259 1556 απὸ
283 1487 486 1581 Ἰερουσαλὴμ
502 1488 593 1578 μέχρι
615 1499 671 1554 τοῦ
696 1486 864 1578 Ἰλλυρικοῦ
884 1512 942 1554 πε·
994 1479 1087 1547 Paulo
1104 1481 1165 1564 jum
1185 1481 1283 1548 dicere
1302 1482 1373 1567 quid
1394 1484 1524 1552 eilinci‘i
1539 1481 1596 1564 Qui
1611 1487 1650 1553 ab
1671 1487 1744 1556 Hie·

197 1602 261 1672 πλη
267 1597 399 1690 ρωκότος
410 1597 448 1663 ch
461 1597 650 1690 Εὑαγγέλιον
664 1607 718 1663 τοῦ
732 1603 873 1689 Χριστοῦ,
888 1595 941 1662 καί
995 1589 1151 1673 rosolymls
1168 1609 1260 1676 usque
1281 1590 1310 1656 ln
1331 1590 1464 1676 lllyrldm
1484 1611 1591 1659 muniis
1610 1613 1742 1678 ellinge-

195 1705 322 1796 ὕστερον
346 1709 377 1770 ἐν
393 1716 434 1792 τῇ
454 1703 559 1795 Ῥώμῃ
586 1705 637 1770 ἐπί
659 1704 793 1796 Νέρωνος
819 1727 940 1794 μεμοιρ-
994 1697 1061 1762 licen
1081 1698 1296 1782 praedicationis
1310 1699 1456 1785 implevit,
1471 1717 1507 1766 ac
1520 1712 1666 1785 postremo
1680 1703 1738 1771 lio·

200 1811 389 1902 τιρηκόςος,
623 1831 626 1837 ·
723 1877 727 1890 ,
995 1819 1050 1868 ner
1069 1803 1125 1868 cub
1145 1802 1261 1870 Nerone
1281 1804 1424 1888 martyrio
1444 1807 1618 1885 perfunctus
1638 1818 1694 1874 eet.

840 2047 1104 2058 --.-..-.————-

461 2442 879 2580 SANCTUS
932 2445 1483 2578 DEMETRIUS

705 2735 1236 2852 Anuxnunruune

624 3239 685 3298 Τοῦ
703 3235 792 3324 ἁγίου
810 3194 1002 3323 Δημίοτρίου,
1020 3239 1062 3310 εἰς
1077 3233 1131 3298 τδν
1148 3236 1274 3324 σεισμόν
1291 3237 1321 3314 ¹).

497 3409 554 3482 Du
577 3389 737 3484 oratione
760 3410 889 3484 Sancti
912 3411 1092 3499 Demetrii,
1117 3411 1159 3482 de
1188 3411 1317 3484 Terrae
1340 3419 1445 3485 motu.

241 3605 381 3671 duremioe
401 3623 466 3690 cop.
490 3605 556 3688 ΙΙΙ,
579 3627 605 3670 o.
630 3607 679 3671 18.
705 3607 755 3672 Ἐν
778 3619 847 3685 ταῖς
868 3607 945 3697 ulpi-
992 3694 997 3702 ,
1038 3625 1070 3672 v.
1095 3607 1143 3671 18.
1167 3605 1205 3672 In
1225 3605 1587 3682 delenimentorum
1606 3606 1685 3672 dudo
1705 3606 1746 3672 od

200 3739 263 3805 ραις
279 3715 420 3806 ἐκείναις,
433 3714 669 3780 συνελεύσονται
680 3711 761 3792 οἶκος
776 3706 876 3781 Ἰούδα
893 3715 943 3780 ἐπί
996 3714 1112 3780 domum
1131 3714 1237 3796 Israel,
1253 3721 1280 3778 et
1291 3716 1402 3780 uenient
1419 3715 1505 3780 simoi
1517 3716 1550 3780 de
1563 3722 1642 3780 terra
1662 3717 1746 3799 oqui-

198 3821 253 3886 τὸν
278 3816 361 3887 οἶκον
378 3831 434 3886 τοῦ
459 3820 595 3913 Ἰσραὴλ,
612 3823 665 3886 καί
685 3815 809 3901 ἥξουσιν
833 3822 883 3888 ἐπί
905 3823 943 3890 τὸ
997 3821 1073 3887 ionio
1093 3827 1121 3888 cl
1132 3841 1168 3888 eo
1180 3823 1310 3887 omuibus
1324 3823 1391 3888 iocis
1405 3823 1446 3888 od
1458 3829 1564 3888 mom
1583 3841 1669 3908 quam
1682 3822 1748 3888 dedi

196 3929 274 3994 αὐσδ
299 3929 360 3994 ἀπὸ
385 3939 444 4021 γῆς
468 3931 566 4019 Boii&
589 3928 643 3993 καί
666 3929 727 3994 ἀπὸ
750 3939 856 3994 πασῶν
879 3940 942 3995 τῶν
998 3931 1029 3994 in
1047 3930 1247 3996 increditoicm
1264 3931 1395 4014 potorius
1415 3949 1521 3996 corum.

195 4044 303 4126 χωρῶν
328 4035 378 4100 ἐπί
400 4033 460 4108 τὴν
483 4046 555 4127 γῆν,
579 4033 618 4104 riv
639 4036 942 4128 κατεκληρονόμησα

196 4143 268 4219 τοὺς
292 4141 428 4232 πατέρας
453 4145 564 4207 αὐτῶν.
595 4141 653 4207 Vae.
678 4141 765 4218 ioci,
788 4143 818 4205 Ξ.

232 4304 340 4360 Unicus
355 4304 436 4360 teetia
449 4307 578 4377 cuperent
596 4303 682 4359 codex
694 4303 857 4374 Vaticanus,
877 4303 943 4360 olim
998 4321 1060 4359 men
1074 4305 1102 4357 iu
1121 4302 1279 4358 litterarum
1293 4302 1440 4359 annalibus
1452 4304 1625 4370 christianis,
1642 4311 1673 4359 ut
1687 4304 1744 4359 iere

196 4393 240 4448 Pii
259 4393 299 4463 ll,
320 4411 393 4449 nunc
418 4395 492 4448 inter
516 4393 708 4464 Regimenaee,
728 4410 843 4449 numero
862 4407 942 4461 xvru,
998 4393 1032 4448 ed
1042 4394 1211 4449 Demetrium
1224 4410 1311 4465 neque
1324 4393 1502 4449 Cometennm
1514 4393 1611 4450 eaeculi
1625 4394 1686 4451 Xlll
1700 4400 1745 4463 (ne

196 4481 246 4539 fol.
265 4480 297 4538 21
320 4499 336 4537 a
355 4487 452 4552 tergo3
471 4483 500 4536 in
520 4500 573 4555 quo
592 4481 767 4555 amplissima
785 4483 944 4538 continetur·
998 4483 1032 4538 de
1042 4484 1158 4538 obscure
1171 4480 1278 4537 melodo
1289 4483 1428 4538 Demetrio
1441 4499 1523 4554 quem
1535 4500 1623 4556 nuper
1639 4483 1744 4553 detexi,

197 4569 300 4625 Calena
308 4571 338 4625 in
348 4586 444 4625 omnen
455 4570 615 4642 prophetas,
627 4573 729 4642 parlim
740 4569 944 4644 olympiodori,
997 4571 1106 4645 loquar)
1117 4589 1266 4628 excurrere
1279 4576 1417 4643 oporteat,
1427 4574 1451 4628 ai
1464 4574 1526 4646 quia
1539 4575 1630 4628 minua
1643 4574 1742 4645 ignota

195 4661 298 4732 partim
317 4660 458 4716 Ammonii
482 4659 557 4714 curie
577 4660 721 4728 coniecta,
741 4677 812 4732 opne
839 4660 945 4716 affabre
997 4664 1123 4734 reperire
1142 4661 1221 4719 velit.

197 4749 359 4805 teeeeletum
377 4765 410 4802 ac
429 4747 578 4805 manifesto
591 4747 822 4805 Alexandrinum.
837 4749 944 4806 Praeter
1035 4750 1057 4816 1)
1072 4751 1110 4805 ne
1123 4751 1174 4805 hoc
1186 4755 1268 4806 terrae
1278 4755 1354 4806 motu
1365 4752 1526 4807 meminisse
1536 4753 1645 4808 ridetur
1656 4753 1747 4809 Chro-

196 4841 269 4894 euim
282 4839 350 4894 duoa
364 4838 490 4911 opifices,
505 4837 552 4910 qui
571 4838 694 4910 cooptati
707 4836 782 4892 clero
794 4839 878 4911 hujua
898 4854 941 4892 ec·
998 4844 1084 4898 αι’σοπ
1101 4840 1334 4896 Alcmondrinum
1358 4841 1477 4906 (Petrei.
1497 4855 1569 4912 σου,
1589 4839 1643 4896 col.
1663 4839 1743 4908 655),

195 4927 290 4984 cleeiae
310 4929 416 5000 paaaim
432 4927 558 4995 audiunt,
572 4925 713 4979 abundent
725 4925 847 4997 cingulis
865 4943 943 4999 prae·
998 4945 1083 5002 quum
1101 4929 1135 4983 ad
1150 4945 1252 4983 annum
1263 4925 1316 4982 223
1330 4928 1434 4983 referat
1448 4954 1461 4978 ι
1473 4929 1649 4983 vehementes
1661 4933 1744 4984 terrm

195 5015 252 5071 fixa
270 5014 347 5070 follia
364 5019 477 5072 nomina
490 5016 633 5087 Origenia,
647 5013 806 5086 Theophili,
820 5015 942 5089 Didymi,
997 5022 1088 5074 metue
1106 5018 1136 5072 in
1154 5017 1221 5072 urbe
1241 5017 1345 5084 Roma,
1360 5042 1373 5064 ο
1400 5034 1470 5089 quoe
1496 5015 1552 5071 late
1575 5017 1606 5070 in
1632 5015 1745 5071 Oriente

196 5102 306 5175 cyrilli,
318 5105 476 5172 Athanasii,
486 5104 617 5175 Eudoxii,
629 5104 866 5175 quibneomnibua
877 5111 944 5159 tem-
996 5107 1178 5174 increbuisee‚
1192 5107 1239 5162 vix
1256 5106 1446 5162 dubitandum.
1465 5107 1557 5162 Etiam
1576 5105 1746 5179 Origsinfra

194 5208 262 5262 pore
275 5193 439 5264 praeeminet
455 5194 484 5250 S.
500 5192 672 5247 Demetrion:
693 5207 786 5247 rarum
805 5193 873 5248 adeo
893 5210 944 5248 no·
998 5196 1026 5250 in
1037 5213 1079 5268 pe.
1091 5212 1149 5264 nix,
1159 5195 1186 5268 4,
1197 5195 1365 5267 dispuictde
1375 5194 1551 5269 quadruplici
1562 5200 1644 5251 terrae
1655 5199 1743 5251 motu.
