3998 6080
317 509 353 575 ra
877 509 1014 577 crans
1035 463 1065 572 s'.
1089 508 1294 575 nnurroms

355 663 405 727 31.
422 660 481 730 Viri
496 669 527 727 et
539 661 685 752 mulieres,
702 662 791 726 lortes
804 669 834 726 et
850 659 966 727 infirmi.
982 659 1017 726 ln
1032 660 1147 726 Exodo:
1161 661 1271 726 Omnes
1289 659 1346 726 viri
1368 667 1455 743 atque
1477 660 1611 725 mulieres
1633 668 1730 724 mente
1749 659 1858 724 devota

316 776 483 841 obtulerunt
496 776 626 841 donaria.

358 892 408 955 at.
426 891 467 975 [p.
483 892 533 975 11]
549 891 587 957 111
602 890 632 956 in
645 890 750 958 malam
766 899 891 975 partem,
907 892 938 956 in
953 891 1121 958 Salomone:
1136 891 1274 958 Mulieres
1289 890 1455 956 insensatae.

356 1009 405 1072 13.
425 1007 543 1087 [Mulier
556 1007 605 1074 vel
619 1024 700 1090 uxor,
716 1008 874 1092 sapientia.
891 1008 926 1075 lu
939 1007 1122 1091 Salomone]:
1138 1009 1251 1074 Laetare
1264 1027 1331 1074 eum
1346 1007 1467 1075 muliere
1481 1006 1688 1073 adolescentiae
1704 1006 1861 1072 tomitem
1976 1057 1978 1096 ,

319 1121 376 1186 ibi:
391 1122 499 1189 Fruere
512 1121 606 1190 vitam
620 1142 685 1188 cum
700 1141 790 1190 uxore
804 1142 891 1205 quam
905 1122 1020 1206 diligis:
1034 1122 1103 1207 quia
1115 1123 1268 1205 conjugem
1283 1123 1330 1206 qui
1344 1122 1493 1208 amplexus
1508 1123 1604 1199 luerit,
1617 1122 1770 1206 generabit
1781 1141 1816 1188 nx
1827 1141 1861 1188 ca
1977 1117 1978 1128 ’

318 1236 404 1316 lilios,
419 1256 477 1304 nou
491 1237 578 1318 lilius,
595 1238 624 1304 id
639 1248 694 1321 est,
709 1237 847 1321 virtutes,
863 1257 921 1304 uon
934 1238 1020 1304 vitia.

358 1353 408 1417 33.
425 1353 502 1436 Filii,
519 1354 644 1421 virtutes
658 1361 833 1419 sanctorum.
849 1354 884 1419 In
899 1355 1027 1438 psalmm
1043 1355 1108 1421 Filii
1121 1375 1275 1424 servorum
1291 1368 1405 1423 tuorum
1421 1355 1639 1423 inhabitabunt.

359 1469 408 1532 st.
425 1469 462 1535 111
476 1469 506 1534 in
521 1467 626 1534 malam
641 1477 763 1553 partem,
779 1469 809 1535 in
823 1469 992 1537 Salomone:
1007 1469 1181 1554 Nequissimi
1197 1471 1249 1536 lilii
1264 1490 1374 1540 eorum.

357 1586 409 1651 ab.
425 1585 561 1652 Mulieres
576 1596 698 1671 septem,
715 1586 882 1670 septiforme
895 1585 1035 1653 Ecclesiae
1047 1598 1272 1656 sacramentum.
1288 1588 1322 1654 ln
1336 1588 1442 1654 Esaia:
1457 1589 1494 1654 lit
1514 1589 1735 1673 apprehendent
1751 1599 1864 1674 septem

319 1701 456 1768 mulieres
468 1701 566 1767 virum
581 1721 682 1783 unum,
698 1702 787 1768 idest
801 1703 960 1770 Christum.

359 1818 408 1881 36.
424 1818 555 1899 Parvuli,
571 1818 664 1884 sancti
680 1819 784 1903 spiritu
799 1819 933 1886 humiles.
949 1819 984 1886 In
999 1822 1127 1906 psalmo:
1143 1821 1315 1888 castodiens
1329 1823 1467 1907 parvulos
1481 1822 1635 1889 11011ιί11111.

358 1935 424 2000 361ι
439 1935 476 1999 Et
491 1933 522 2000 in
534 1933 641 2001 malam
657 1946 779 2020 partem,
793 1937 824 2002 in
837 1938 930 2004 Osee:
945 1937 1065 2005 Parvuli
1081 1957 1181 2005 eornm
1194 1939 1350 2006 eliduntur.

358 2052 410 2115 31.
427 2051 559 2134 Parvuli,
576 2052 767 2136 cogitationes
782 2071 895 2136 pravae,
914 2056 954 2138 [p.
971 2053 1206 2137 Sii'priusquam
1222 2055 1250 2119 in
1265 2073 1350 2138 opere
1365 2055 1586 2141 [perficiantur]
1602 2056 1636 2122 ln
1652 2058 1777 2142 psalmo:
1795 2057 1869 2123 Bea-

319 2177 365 2232 tus
379 2169 428 2252 qui
444 2168 555 2235 tenebit
568 2177 598 2234 et
612 2169 713 2235 allidet
726 2171 866 2254 parvulos
881 2180 947 2236 tuos
960 2171 998 2236 ad
1012 2183 1137 2255 petram,
1153 2170 1208 2236 hoc
1222 2180 1268 2237 est
1282 2173 1318 2239 ad
1333 2173 1491 2239 Christum.

358 2285 408 2350 38.
425 2285 510 2367 Filia,
529 2285 627 2350 anima
644 2286 746 2366 tidelis,
761 2286 824 2353 sive
839 2286 980 2352 Ecclesia.
996 2287 1029 2352 ln
1045 2288 1173 2373 psalmo:
1190 2287 1263 2352 ludi
1280 2288 1350 2369 lilia,
1366 2298 1396 2354 et
1410 2289 1491 2355 vide.

360 2404 409 2468 39.
428 2402 465 2469 111
480 2401 511 2466 in
524 2401 630 2468 malam
645 2411 769 2486 partem,
786 2403 816 2468 iu
831 2404 959 2487 psalmo:
972 2401 1046 2470 Filia
1061 2401 1222 2485 Rabylonis
1237 2403 1351 2468 misera.

361 2521 410 2586 311.
426 2520 567 2602 inientes,
583 2519 696 2585 mulitia
711 2519 839 2604 parvuli.

361 2636 591 2718 dilaniantes,
607 2636 638 2701 in
653 2637 763 2705 Christi
779 2637 836 2704 lide
853 2637 1050 2722 proficientes.
1067 2635 1101 2702 ln
1118 2636 1246 2720 psalmo:
1261 2635 1305 2699 Ex
1316 2653 1367 2700 ore
1377 2634 1530 2702 interdum
1544 2645 1575 2702 et
1587 2635 1758 2702 lactantium
1773 2638 1870 2722 perle-

319 2751 386 2816 cisti
402 2751 528 2817 laudem.
1238 2828 1247 2841 ,
1825 2839 1827 2842 Ι

362 2870 411 2936 33.
429 2869 610 2948 Ablastatus,
623 2869 768 2952 Christus,
781 2870 818 2937 de
828 2889 886 2955 quo
897 2890 949 2954 per
959 2869 1092 2936 lisaiam:
1107 2870 1222 2954 [Super]
1237 2869 1376 2934 foramina
1389 2869 1510 2953 aspidis,
1522 2878 1551 2936 et
1563 2869 1592 2934 in
1603 2888 1728 2936 caverna
1748 2871 1865 2955 [regui]

320 2987 370 3071 qui
386 2985 552 3052 ablactatus
566 2985 664 3067 luerit,
681 3004 799 3052 manum
813 3004 897 3053 suam
911 2986 1009 3054 mittit.

362 3104 410 3169 ³3.
428 3101 585 3182 Ahlactati,
601 3102 721 3186 perlecti
735 3111 765 3170 et
777 3102 902 3188 simplici
916 3103 981 3169 cibo
1002 3101 1143 3169 doctrinae
1163 3101 1316 3183 abstracti,
1332 3101 1382 3167 ubi
1404 3112 1433 3168 et
1444 3117 1549 3186 supra:
1563 3101 1764 3167 Ablastatusn
1780 3103 1866 3183 lacte,

320 3219 458 3304 expulsus
472 3218 509 3284 ab
523 3216 673 3286 uberibus.

362 3337 412 3403 at.
428 3336 585 3415 Parvulos,
600 3335 747 3418 Christus,
763 3337 812 3402 ubi
827 3345 857 3403 et
869 3355 973 3420 supra:
987 3337 1133 3403 Paruulus
1149 3345 1234 3402 natus
1247 3342 1292 3400 est
1305 3333 1399 3399 nobis.

363 3454 412 3518 33.
430 3453 518 3534 Puer,
533 3451 680 3518 Christus.
697 3450 730 3516 ln
745 3451 923 3535 Evangelio:
939 3452 1015 3519 Puer
1027 3461 1125 3518 nutem
1139 3452 1223 3517 lesus
1237 3449 1395 3516 crescebat.

367 3571 416 3633 36.
433 3570 531 3650 Pueri,
544 3570 651 3652 sancti,
666 3588 682 3636 u
695 3569 824 3653 puritate
834 3570 982 3654 appellati.
994 3570 1029 3634 ln
1040 3569 1143 3633 Esaia:
1155 3569 1229 3633 Ecce
1240 3584 1296 3650 ego
1307 3577 1337 3633 et
1348 3568 1440 3652 pueri,
1452 3586 1526 3652 quos
1539 3567 1608 3631 mihi
1620 3567 1700 3634 dedit
1714 3567 1865 3634 Dominus.

362 3685 414 3750 37.
429 3686 468 3751 lit
482 3686 512 3751 in
526 3685 614 3750 aliam
629 3675 759 3769 partem:
774 3683 872 3751 Nolite
886 3685 969 3769 pueri
983 3685 1058 3751 effici
1073 3683 1218 3749 sensibus.

358 3893 403 3948 20.
425 3895 514 3949 Exod.
530 3910 615 3957 xxxv,
634 3892 679 3947 29.
702 3893 729 3946 in
744 3894 798 3946 fine
811 3895 933 3949 denaria
952 3894 982 3962 C,
998 3894 1069 3948 unde
1123 3890 1177 3947 Sed
1196 3891 1260 3945 inde
1273 3893 1411 3946 evincitur
1423 3897 1568 3964 utrumque
1582 3891 1601 3946 C
1614 3898 1642 3948 et
1653 3894 1689 3960 A,
1709 3911 1795 3948 unum
1807 3899 1870 3966 post

322 3987 346 4040 A
367 3985 512 4039 denarios.
532 4011 568 4023 -
584 3981 630 4036 21.
651 3986 716 4055 Sap.
736 3998 776 4049 111,
799 3979 841 4036 l2.
1122 3978 1252 4047 alterum,
1266 3981 1407 4035 derivasse
1421 3997 1456 4034 sx
1468 3980 1562 4035 eodem
1576 3980 1740 4052 exemplari,
1756 3999 1811 4038 non
1824 4000 1871 4036 so·

358 4068 405 4126 22.
416 4069 525 4126 incluse
535 4087 589 4126 om.
600 4073 635 4139 A,
646 4070 677 4140 C,
689 4071 814 4126 restituit
826 4071 975 4126 blenmian.
987 4072 1069 4127 Pron.
1122 4066 1181 4123 lum
1195 4070 1393 4140 vetustissimo,
1407 4087 1489 4125 exeso
1504 4071 1599 4138 tineis,
1611 4070 1686 4126 lectu
1704 4072 1802 4139 arduo,
1822 4071 1869 4126 sed

323 4176 354 4231 v,
379 4159 420 4218 18.
441 4177 528 4232 quam
546 4163 692 4234 conjugem
712 4160 743 4216 0.
756 4160 876 4215 -Tum
895 4161 919 4214 is
938 4159 1011 4216 alter
1029 4159 1071 4214 lo·
1124 4157 1258 4214 dissoluto
1278 4175 1310 4212 ac
1329 4157 1457 4213 volaticis
1483 4157 1560 4213 loliis
1578 4157 1649 4214 male
1668 4165 1778 4228 assuto,
1798 4161 1870 4215 hund

323 4267 373 4305 cns
385 4248 483 4305 nullibi
494 4255 646 4321 comparet,
657 4265 688 4303 se
699 4249 964 4304 temerevidsturex
977 4251 1071 4321 inepto
1124 4245 1243 4302 multum
1269 4253 1359 4302 tamen
1386 4248 1530 4303 recedente
1556 4251 1591 4302 ab
1609 4248 1717 4317 indole,
1738 4250 1828 4304 forms
1847 4255 1876 4304 et

325 4338 460 4410 marginis
480 4337 647 4410 glossemate
668 4339 695 4392 in
716 4343 822 4393 textum
841 4338 997 4409 irrepsisse.
1124 4339 1288 4408 compagine
1308 4335 1524 4403 Glaromontsni,
1544 4355 1628 4409 quum
1646 4339 1792 4409 quaternio
1805 4339 1876 4393 satis

360 4425 407 4483 23.
430 4427 475 4481 Pe.
497 4443 531 4496 cr,
549 4425 595 4482 29.
614 4457 649 4468 -—
669 4425 714 4482 24.
735 4429 801 4499 Sap.
820 4444 862 4496 111,
885 4425 926 4483 12.
1121 4430 1217 4498 justus
1234 4425 1298 4480 binc
1324 4425 1388 4480 inde
1408 4426 1595 4483 redhibeatur.
1614 4426 1690 4482 Adde
1709 4427 1781 4498 qnod
1805 4429 1874 4482 mihi

359 4515 406 4570 25.
426 4517 462 4572 ls.
482 4530 521 4584 lv,
544 4512 568 4570 1.
588 4545 623 4557 -
641 4513 687 4570 26.
710 4518 756 4572 Pe.
776 4531 850 4586 cxrrt,
862 4517 890 4572 6.
1125 4513 1276 4570 tumultum
1294 4519 1409 4569 auxerat
1429 4517 1469 4584 0,
1490 4517 1537 4587 qui
1557 4514 1645 4570 multa
1662 4517 1775 4586 omisit,
1794 4515 1876 4588 pluro

358 4603 420 4660 ao·
439 4606 508 4658 Osee
528 4621 586 4669 xiv,
609 4603 632 4658 l.
1125 4602 1282 4674 transtulit,
1294 4605 1562 4676 variosqusinterss
1574 4604 1683 4660 codices
1695 4605 1872 4661 mixtoscos·

361 4693 407 4750 27.
429 4695 474 4751 Ps.
496 4709 610 4764 cxxxvi,
623 4693 650 4750 9.
662 4695 850 4768 perficiantur
868 4715 923 4751 orn.
938 4699 972 4763 A,
993 4698 1023 4752 G.
1036 4729 1072 4740 -
1125 4695 1256 4748 oervsvit.
1325 4705 1333 4724 ·

326 4785 393 4840 Ρο11
413 4785 497 4837 verba
515 4784 554 4838 ad
568 4795 681 4854 petram
700 4791 814 4856 uterque
832 4785 894 4840 cod.
908 4786 978 4855 A,G
997 4805 1072 4843 rum·
1160 4779 1205 4838 28.
1228 4785 1274 4838 Pa.
1295 4801 1369 4852 xnrv,
1392 4783 1433 4841 ll.
1456 4815 1489 4826 -
1507 4784 1553 4841 29.
1575 4785 1622 4841 Pa.
1642 4801 1756 4853 cxxxvi,
1773 4785 1801 4840 8.

325 4872 525 4945 piturimmeni
541 4873 757 4944 transpositione
769 4875 856 4928 totius
871 4877 1072 4947 quaternionis,
1163 4869 1209 4925 30.
1229 4871 1333 4927 Mutila
1351 4873 1481 4930 lormule.
1501 4903 1536 4915 -
1553 4872 1600 4928 31.
1622 4875 1668 4928 Ps.
1688 4889 1747 4944 vni,
1767 4873 1794 4929 3.

325 4976 425 5030 nempe
441 4959 579 5014 sexdecim
592 4961 758 5030 paginarum
773 4961 813 5021 tin
827 4961 847 5014 C
859 4979 876 5015 a
888 4981 915 5034 p.
929 4963 965 5016 74
978 4965 1012 5018 nd
1025 4964 1071 5027 89;
1161 4959 1208 5016 3‘2·
1229 4961 1266 5015 Ie·
1287 4979 1325 5032 ιι,
1346 4965 1373 5020 8.
1393 4993 1428 5005 -
1445 4961 1492 5018 33.
1512 4963 1547 5018 ls.
1568 4979 1665 5032 xxvrrt,
1686 4962 1714 5018 9.

326 5051 353 5102 in
374 5051 397 5104 A
416 5066 432 5102 a
452 5067 480 5121 p.
503 5047 960 5119 14311162),1111111111111111
980 5055 1073 5109 omnia
1163 5048 1208 5106 34.
1229 5049 1267 5104 ls.
1287 5067 1327 5118 px,
1340 5049 1367 5104 6.

325 5139 384 5194 suis
404 5136 474 5194 locis
500 5141 648 5195 restituere
667 5157 720 5213 ope
739 5142 834 5197 eximii
854 5145 1019 5212 Mesmieui,
1040 5143 1073 5197 de
1161 5134 1206 5192 35.
1229 5137 1294 5192 Luc·
1313 5153 1334 5205 1,
1355 5152 1386 5204 1¹,
1405 5137 1450 5194 40.

326 5245 380 5302 quo
400 5229 531 5285 lectorem
550 5234 657 5287 monuit
674 5231 797 5306 scriptor
813 5238 966 5310 apographi
981 5235 1072 5289 Oxou.
1163 5225 1207 5282 36·
1228 5227 1263 5282 1⁵·
1283 5243 1342 5294 ilii,
1365 5225 1406 5281 ¹8·
1427 5255 1461 5268 ··
1478 5224 1522 5282 37·
1542 5227 1634 5282 1001'·
1656 5243 1713 5294 xlv,
1733 5227 1780 5282 2⁰·
