4038 6088
245 487 302 552 tuo
847 489 982 556 strauit
1003 491 1183 558 urebatur

244 652 602 736 intromissorum,
625 671 661 718 ac
679 654 751 720 ride
770 655 852 720 loric
871 655 965 721 eccles.
990 655 1126 723 Graeco.
1152 667 1173 722 t.
1195 658 1221 738 1,
1247 678 1275 740 p.
1300 660 1369 740 tao,
1393 659 1443 726 nbi
1465 673 1662 730 memorantur
1675 667 1790 734 versio·

244 775 296 823 nes
318 759 526 824 vetustissima
546 777 581 825 er
603 759 689 825 codd.
712 778 779 824 saec.
804 759 880 840 virt,
905 780 970 845 quae
991 781 1093 830 omnes
1113 763 1170 828 boc
1192 766 1360 833 testimonio
1380 771 1557 837 recentiores
1577 783 1657 838 sont.

751 979 812 1064 rriu'
825 1014 969 1065 mucuns
985 1016 1082 1066 rrum
1095 1016 1287 1070 suerranum

752 1137 975 1193 cccxvrrrs
1010 1141 1170 1194 rursus

245 1345 329 1412 nude
343 1346 449 1412 iterum
465 1348 623 1431 synodum.
641 1351 715 1422 Cum
729 1368 802 1416 uero
815 1350 900 1416 unice
921 1351 1063 1418 hactenus
1084 1353 1245 1420 innotuerit
1264 1354 1378 1437 Reputo
1398 1354 1465 1438 fidei
1483 1355 1636 1439 Nicoeeue,
1655 1379 1723 1443 quae
1743 1380 1790 1427 su-

244 1455 345 1538 perius
365 1460 502 1539 retertur,
523 1458 685 1524 videnum
707 1477 743 1524 ex
765 1460 870 1524 iterato
889 1457 1060 1540 epigraphe
1073 1457 1158 1536 uitio,
1175 1458 1234 1524 iilic
1255 1459 1422 1546 symbolum
1444 1461 1790 1549 Constantinopolltuouor

244 1583 312 1630 curu
327 1564 387 1630 tide
401 1565 520 1631 Nicaena
538 1565 742 1633 intermixtum
764 1567 861 1632 tuerit.
878 1566 964 1633 Certe
977 1566 1033 1632 boc
1046 1568 1212 1652 symbolum
1226 1587 1263 1634 ex
1279 1568 1396 1651 integro
1417 1569 1524 1652 legitur
1541 1571 1572 1636 in
1587 1573 1720 1654 ejusdem
1733 1574 1790 1642 aeri

246 1669 407 1750 codicibus,
430 1670 527 1754 qualis
547 1680 592 1738 est
611 1672 745 1740 Vaticau.
769 1674 859 1752 tatu,
884 1673 915 1737 in
935 1691 993 1757 quo
1013 1692 1103 1740 manu
1124 1674 1224 1739 saecuti
1246 1676 1299 1755 vr,
1320 1676 1437 1743 nemine
1458 1677 1612 1760 diffitente,
1633 1690 1738 1764 quater
1754 1701 1790 1749 ex

249 1776 366 1860 integro
380 1779 533 1858 sternitur,
552 1779 600 1844 iol.
627 1782 676 1859 tu,
699 1779 769 1860 tta,
793 1779 862 1858 rot,
886 1780 960 1843 ibt:
983 1780 1062 1863 quod
1083 1781 1220 1847 meditari
1242 1782 1349 1863 uelint,
1370 1784 1549 1869 quicumque
1562 1785 1723 1869 conjiciunt
1737 1787 1792 1853 boc

246 1879 501 1968 symbolum'eesc
521 1886 654 1971 spurium
675 1906 759 1970 opus,
782 1887 968 1970 postmodum
989 1905 1005 1951 a
1028 1888 1139 1953 Grecis
1158 1889 1230 1954 solis
1251 1889 1463 1974 excogitatum.

781 2121 924 2171 Rmovun
942 2121 1038 2170 FIDHI
1059 2121 1260 2174 cnrflohrcm

781 2253 921 2304 CONTRA
950 2253 1070 2304 OMNES
1098 2255 1263 2306 HERESES

780 2387 1007 2437 Hlmrrortrml
1022 2388 1262 2440 Pmmsssrrmrtr

245 2579 432 2656 Augustinus
447 2579 508 2661 ipse
523 2579 733 2663 Hieronymum
748 2582 923 2662 provocarit
939 2580 976 2645 ad
998 2579 1126 2646 breuiter
1149 2577 1177 2643 in
1200 2597 1258 2646 uno
1273 2579 1371 2645 iibetto
1384 2583 1571 2647 enuncianda
1585 2584 1716 2647 ornnium
1731 2581 1793 2645 bae-

246 2683 403 2749 reticorum
417 2687 566 2766 dogmate,
587 2705 674 2768 suque
693 2685 734 2750 ud
752 2685 802 2748 boe
823 2692 931 2768 tempus
951 2703 1063 2770 sparsa.
1085 2684 1141 2751 Sed
1165 2685 1242 2750 in'ter
1263 2690 1360 2768 ampla
1382 2687 1552 2770 Hieronymi
1573 2706 1673 2770 opera,
1692 2687 1789 2752 sirea

245 2788 399 2869 Mentiris,
422 2791 487 2854 sire
509 2809 525 2855 a
548 2790 689 2857 vallarsio
710 2800 861 2870 congestu,
884 2789 957 2855 nibil
979 2791 1067 2857 rideo
1087 2791 1167 2876 quod
1188 2791 1275 2855 simili
1298 2811 1386 2876 scopo
1408 2793 1600 2878 respondeat;
1622 2803 1653 2858 et
1669 2792 1793 2858 tortasse

245 2896 455 2980 requirendum
478 2906 524 2963 est
544 2906 630 2963 retus
652 2917 686 2962 ac
708 2897 874 2979 neglectum
896 2893 981 2981 op‘ue,
1004 2899 1081 2982 quod
1102 2899 1140 2963 ub
1160 2899 1297 2964 omnibus
1317 2900 1498 2966 editionibus
1515 2903 1640 2983 exsulat,
1657 2901 1793 2985 quodque

246 3006 316 3070 olim
338 3007 437 3072 obiter
456 3008 570 3086 evolvi,
592 3007 634 3073 ita
656 3009 848 3091 inscriptum:
871 3005 1020 3072 indissoluto
1045 3006 1079 3070 de
1097 3005 1275 3073 Hoercstbus
1294 3006 1482 3088 ludaeorum,
1504 3027 1579 3074 norae
1598 3008 1728 3093 mimum
1748 3013 1796 3088 (ac

245 3113 368 3180 tortasse
383 3115 508 3195 semeli)
528 3117 558 3180 io
578 3117 665 3180 laecum
685 3117 785 3196 odiose
804 3135 874 3182 curo
895 3117 1010 3182 Claudii
1029 3116 1176 3195 Menordi,
1193 3115 1352 3198 luliomupi
1365 3115 1490 3182 Andium
1504 3116 1720 3201 Propruetoris,
1737 3117 1794 3180 Lu·

246 3225 324 3288 tetim
344 3223 521 3290 Parisiorum
540 3224 620 3310 opud
641 3225 757 3293 Sebast.
777 3223 953 3308 Cbuppsiet,
976 3222 1075 3303 sotr;
1097 3221 1128 3288 in
1149 3240 1207 3306 quo
1220 3232 1410 3289 recensentur
1423 3224 1640 3307 quinquaginta
1655 3224 1793 3300 haereses,

246 3332 355 3414 quibus
376 3351 483 3399 norem
504 3334 680 3401 recentiores
700 3334 809 3400 dicitur
829 3330 978 3397 addidisse
998 3330 1180 3397 Gennadius.
1203 3331 1311 3396 Decem
1330 3342 1402 3396 sunt
1425 3341 1514 3397 sectae
1533 3331 1716 3410 ludaeorum3
1739 3347 1794 3394 cae·

249 3445 318 3502 tere
332 3448 483 3504 curruntu
505 3439 623 3506 Simone
642 3440 733 3519 Hago
753 3441 790 3505 ad
811 3438 998 3504 Eunomium.
1020 3437 1102 3520 Opus
1123 3436 1209 3521 plane
1229 3437 1379 3505 diversum
1400 3457 1419 3502 a
1439 3439 1553 3504 caeteris
1574 3439 1717 3520 catalogis
1736 3441 1796 3503 bu-

203 3568 209 3582 ·
246 3547 371 3629 gustiui,
394 3547 557 3628 Pbilastrii,
580 3557 610 3614 et
630 3547 846 3614 Praedestiuati.
868 3546 958 3611 nitro
978 3563 1095 3629 quoque
1115 3546 1235 3612 ridetur
1254 3565 1290 3614 ac
1309 3548 1427 3614 libellus
1448 3549 1482 3612 de
1508 3548 1672 3620 tumultum
1697 3547 1795 3612 Gros-

247 3675 356 3730 cormn,
372 3657 547 3722 ludaeorum
561 3665 588 3720 et
605 3656 843 3735 Christianorum,
866 3657 921 3721 sub
941 3655 1111 3739 Hieronymi
1134 3657 1252 3722 nomine
1274 3657 1369 3721 lateus
1390 3657 1420 3720 in
1441 3656 1576 3722 archivio
1590 3654 1724 3720 Basilice
1740 3652 1798 3718 Va·

251 3765 365 3829 ticauae.
379 3763 484 3828 Hirum
497 3774 543 3829 est
553 3764 659 3829 densas
672 3764 699 3827 in
716 3764 852 3829 tenebras
866 3762 1008 3828 recidisse
1019 3780 1106 3846 opus,
1117 3762 1196 3847 quod
1207 3762 1313 3827 trustra
1326 3764 1477 3830 Fabricius
1491 3763 1577 3828 sinrut
1592 3771 1624 3828 et
1634 3761 1796 3830 vallarsius

248 3890 280 3936 se
301 3870 431 3936 edituros
451 3888 517 3935 esse
539 3870 658 3953 polliciti
682 3879 750 3936 surrt
765 3873 800 3948 ¹).
1161 3877 1165 3885 “

780 4083 1079 4168 ΜἘΧΡΒΑΝΑΉΟ
1101 4117 1197 4164 rinno
1214 4117 1260 4165 oa

781 4251 961 4303 ruronrcnn
995 4250 1099 4302 enarr
1127 4213 1181 4300 sor
1209 4251 1261 4300 aar

783 4383 920 4435 ssosrr
952 4383 1003 4431 nu
1035 4383 1142 4433 norro
1173 4383 1259 4434 mort
1320 4459 1325 4468 ·

782 4518 850 4568 urs

288 4718 310 4778 ¹)
321 4713 367 4768 Sic
381 4713 525 4766 Fabricius
538 4714 566 4765 in
580 4711 747 4784 praefatione
759 4713 791 4766 ad
803 4711 996 4779 Philostrium,
1051 4726 1105 4763 non
1124 4708 1245 4762 libenter
1262 4709 1416 4780 accepisset
1434 4709 1603 4780 promissum
1622 4725 1705 4778 opus,
1725 4706 1796 4778 quod

258 4793 298 4856 cf.
319 4801 427 4857 Potrol.
447 4816 498 4868 xrr,
517 4817 545 4871 p.
563 4797 640 4854 1098:
657 4800 755 4872 «Opto
775 4799 854 4855 illum
874 4799 996 4854 Pseudo·
1051 4805 1142 4853 tamma
1156 4801 1184 4851 in
1198 4814 1280 4852 auras
1293 4800 1416 4855 evanuit.
1436 4798 1593 4854 vallarsius
1613 4814 1721 4869 quoque
1735 4812 1798 4850 css-

251 4891 413 4962 Hieronymi
427 4887 554 4944 libellum
572 4896 700 4962 separato
719 4890 785 4945 dure
803 4888 949 4956 volumini,
968 4904 997 4942 a·
1050 4889 1112 4943 dem
1131 4889 1247 4942 hederas
1266 4888 1410 4959 suspendit
1427 4890 1461 4942 ab
1480 4890 1564 4955 ostio,
1578 4886 1797 4959 quandoquidem

250 4977 358 5050 liosque
378 4979 475 5033 breues
499 4987 605 5033 veteres
625 4979 658 5034 de
679 4979 819 5035 haereticis
844 4979 997 5050 scriptores
1051 4981 1078 5033 in
1090 4977 1202 5050 epistol.
1216 4994 1292 5033 uxvrr
1303 4977 1456 5049 Augustini
1469 4977 1502 5030 ad
1517 4979 1714 5048 Hieronymum
1728 4976 1798 5047 (Pu-

252 5067 295 5122 illi
306 5069 471 5141 adjungere,
479 5069 706 5142 praemittereque
715 5070 939 5124 dissertationem
948 5086 997 5140 op·
1051 5070 1114 5125 trol.
1136 5083 1205 5134 xxm,
1225 5085 1253 5140 p.
1273 5067 1341 5142 651)
1364 5069 1423 5122 haec
1444 5069 1566 5122 noterit:
1587 5069 1685 5122 «Sene
1704 5067 1799 5138 hujus·

251 5161 372 5230 positum
385 5160 472 5214 errori
485 5175 578 5213 eorum
592 5160 638 5230 qui
652 5159 686 5212 ob
705 5158 827 5212 haereses
844 5156 997 5211 Ecclesiam
1050 5157 1124 5211 modi
1143 5154 1270 5210 libellum
1289 5155 1322 5210 de
1341 5156 1494 5211 heercsibus
1507 5157 1541 5208 ab
1555 5155 1725 5227 Hieronymo
1738 5153 1798 5208 eln-

251 5246 483 5303 calumniantur.»
502 5247 542 5302 Ab
562 5247 677 5300 honesto
696 5244 745 5299 illo
764 5246 897 5301 haeretico
916 5261 997 5300 nemo
1050 5246 1195 5302 cubretum
1215 5250 1279 5318 post
1297 5244 1405 5317 aliquot
1416 5262 1503 5302 annos
1517 5247 1692 5318 Augustinus
1710 5245 1800 5300 eredi-
