4044 6098
844 537 883 604 ΙΝ
904 539 1058 605 ΒΕΑΤίίΜ
1080 539 1146 606 lon

265 684 291 757 δ
297 742 303 757 .
315 691 444 780 Ἀτιμοι
461 683 564 758 δὲκαὶ
585 692 840 785 περαυλισμένοι,
857 683 969 770 ἐνδεεῖς

219 799 335 875 παντὸς
360 798 486 892 ἀγαθοῦ.
514 797 574 864 Vct.
599 799 668 878 795,
691 800 721 862 1.

185 943 190 954 =
263 905 373 996 Ἑτέρα
396 908 539 997 πονηρία,
564 907 601 974 ai>
625 907 679 972 καί
701 911 732 972 ἐν
755 907 846 991 πενίᾳ
869 905 969 971 τοιού-

220 1039 292 1091 τους
317 1008 403 1078 εἶναι.

264 1111 322 1185 κδ’.
337 1125 374 1185 El
389 1119 449 1213 γάρ
462 1119 573 1210 ὄφελον
588 1112 739 1212 δυναίμην
753 1119 887 1211 ἐμαυτόν
904 1144 970 1210 χει-

223 1226 387 1320 ρώσασθαι.
416 1226 481 1292 Vct.
505 1229 575 1301 795,
598 1231 627 1291 θ.

264 1337 353 1426 Ὁρᾷς
377 1335 488 1401 ὅτιτὸ
513 1341 539 1401 εί
563 1328 726 1426 δυναίμην,
745 1340 779 1401 οῦ
804 1327 855 1401 διὰ
879 1333 969 1400 ἀσθέι

219 1465 303 1508 νειαν
327 1443 423 1536 λέγει,
448 1442 532 1508 ἀλλά
556 1435 607 1508 διά
629 1443 666 1508 τό
691 1443 893 1509 κεκωλῦσθαι.

264 1547 475 1625 κη’.Ἕστηκα
488 1542 522 1615 δὲ
534 1554 564 1615 ἐν
582 1553 734 1638 ἐκκλησίᾳ
747 1551 916 1644 κεκραγώς.
927 1549 968 1614 lb.

265 1657 323 1724 Διά
334 1656 394 1732 τὴν
410 1652 584 1749 ῦπερόολην
598 1667 661 1723 τῶν
675 1651 791 1738 δεινῶν,
806 1653 876 1726 οὐδὲ
888 1666 970 1734 πλῆ-

220 1764 270 1843 θος
295 1756 424 1831 συνόδου
450 1767 679 1856 αἰσχυνόμενος.

263 1873 321 1938 κθ.
343 1865 494 1964 Ἀδελρδς
518 1874 633 1967 γέγονα
660 1875 825 1966 Σειρήνων,
848 1878 968 1966 ἑταῖρος

220 1971 255 2046 δὲ
279 1978 443 2072 στρουθῶν.
467 1978 544 2043 lhld.

264 2091 315 2164 Είς
331 2087 391 2160 τλν
412 2085 538 2178 1ορνίθων
562 2080 730 2180 θηριωδίαν
754 2083 895 2167 ἐξέπεσα,
912 2111 971 2179 ρη-

222 2193 278 2257 σίν·
301 2193 445 2286 ἠγνόησα
467 2193 528 2268 τὴν
552 2193 639 2285 φύσιν
662 2195 722 2270 τὴν
738 2198 864 2273 οἰκείαν,
882 2187 968 2262 οὐδὲν

221 2299 344 2366 ἐκείνων
369 2303 502 2390 ἀμείνων
526 2293 694 2392 διάκειμαι.

264 2415 338 2497 Κεφ.
361 2411 434 2498 nl',
456 2403 486 2488 ς’,
512 2404 547 2490 ζ’.
565 2409 725 2501 Ἕσταμαι
747 2413 807 2505 γάρ
831 2415 861 2477 ἑν
885 2407 969 2505 ζυγῷ

221 2507 340 2600 δικαίῳ,
354 2509 417 2582 οἶδε
431 2509 464 2582 δὲ
477 2521 492 2581 ό
506 2518 613 2609 Κύριος
626 2519 687 2594 τὴν
706 2523 837 2585 ἀκακίαν
855 2545 924 2610 μου,
943 2527 970 2586 εἰ

220 2617 371 2702 ἐξέκλινεν
389 2629 405 2689 ὁ
421 2635 494 2702 ποῦς
508 2649 567 2714 μου
584 2631 618 2691 ἐκ
630 2638 688 2704 τῆς
705 2619 804 2693 ὁδοῦ...
823 2627 884 2692 Vct.
898 2627 967 2691 796.

263 2726 364 2798 natat
385 2744 444 2810 τῆς
468 2727 644 2824 amplectae!
671 2741 726 2800 οῦκ
755 2736 822 2825 ἔχοι
849 2761 896 2811 τις
925 2741 969 2801 εί-

220 2851 298 2918 πεῖν,
318 2841 367 2905 ότι
389 2851 436 2924 τῷ
451 2840 579 2926 πλούτῳ
596 2843 650 2907 καί
665 2855 730 2920 τοῖς
754 2843 879 2936 ἀγαθοῖς
903 2856 968 2922 τοῖς

219 2945 391 3037 ἔμπροσθεν
415 2951 456 3022 εἰς
482 2944 631 3038 ρᾳθυμίαν
656 2951 710 3013 καί
733 2941 875 3039 διάχυσιν
892 2955 969 3016 ἀπο-

220 3055 418 3146 χρησάμενος
442 3054 593 3128 τοιαύτην
617 3057 692 3122 τίνω
717 3047 817 3136 δίκην,
841 3059 894 3123 καί
915 3081 969 3146 με·

219 3155 360 3234 ταόέόλη
366 3185 432 3251 μαι,
446 3172 501 3226 τοῦ
515 3169 594 3226 Θεοῦ
608 3164 812 3238 κατάλληλον
830 3190 882 3254 μοι
894 3167 969 3258 ράρ-

220 3293 322 3359 μακον
340 3267 507 3345 ἐπιθέντος.
521 3270 582 3335 Τόν
597 3269 652 3359 μὲν
669 3271 729 3363 γάρ
746 3273 902 3365 ριλόγελω
915 3275 969 3339 καί

221 3379 477 3468 φιλοπταίσμονα
504 3377 557 3442 καί
584 3391 684 3469 τρυφῇ
713 3381 966 3472 προσεσχηκότα,

220 3485 348 3561 εἰκότως
379 3482 530 3562 ἀντιθείς,
554 3484 614 3559 τὴν
638 3488 781 3552 ἐναντίαν
806 3491 969 3562 καταστή-

138 3660 140 3666 ,
219 3615 299 3659 σειεν
328 3585 406 3672 ἕξιν,
435 3604 535 3686 γοερῷ
559 3619 621 3658 τινι
650 3596 703 3661 καί
733 3589 967 3688 πολυθρηνώδει

217 3691 374 3792 παραδοὺς
397 3701 492 3767 αὐτόν
518 3701 585 3787 βίῳ·
601 3703 655 3767 τδν
681 3695 715 3769 δὲ
737 3704 791 3769 καί
812 3706 871 3797 πρὸ
894 3705 968 3770 τοό-

1711 545 1770 610 379

1060 690 1137 754 lbid.
1152 707 1183 754 ν.
1197 691 1226 755 5.
1241 691 1411 756 Iadcnorata'
1421 699 1515 756 uatem
1526 700 1554 757 et
1564 694 1676 777 adjecti,
1688 713 1770 779 αραι-

1022 801 1061 860 aa
1081 801 1159 860 amal
1180 797 1261 862 boon.

1061 905 1126 970 Alia
1137 906 1772 992 [contumeliae]improbitas,hujusmodi[de-

1021 1013 1140 1096 risores]
1165 1015 1264 1098 inopia
1285 1017 1429 1081 laborare.

1061 1121 1137 1186 lbid.
1160 1141 1191 1186 ν.
1215 1123 1265 1186 el.
1287 1123 1400 1188 Uticam
1419 1141 1531 1208 possent
1546 1124 1618 1188 milti
1636 1125 1696 1208 ι’ριε
1709 1143 1771 1205 ma

1021 1249 1075 1292 ιιιιο
1096 1229 1223 1312 afferre!

1063 1335 1152 1403 Vides
1172 1338 1250 1420 quod
1271 1338 1330 1401 ait:
1359 1337 1471 1402 Utinam
1491 1355 1611 1420 panacen,
1626 1355 1684 1402 non
1706 1355 1773 1419 pro·

1022 1452 1086 1526 pter
1106 1443 1300 1523 debilitatem,
1323 1444 1377 1509 sed
1398 1455 1518 1528 propter
1531 1443 1769 1528 prohibitionem.

1060 1550 1137 1615 lbid.
1153 1570 1186 1616 ν.
1202 1551 1252 1616 28.
1267 1551 1308 1616 Et
1318 1553 1383 1616 steti
1395 1553 1425 1616 ia
1438 1557 1575 1616 conuenta
1590 1550 1769 1634 vociferatae.

1062 1657 1191 1722 Nimiam
1201 1658 1239 1722 ob
1251 1659 1311 1724 vim
1323 1657 1535 1739 calamitatum,
1551 1657 1725 1736 clamitavit,
1735 1676 1773 1722 nu

1022 1773 1116 1828 eoetne
1137 1764 1255 1848 quidem
1276 1765 1495 1831 multitudinem
1515 1764 1699 1831 erubescens.

1061 1871 1136 1939 lbid.
1158 1891 1189 1938 ν.
1212 1875 1262 1937 29.
1285 1873 1392 1938 Frater
1408 1873 1505 1956 factae
1517 1893 1581 1938 aum
1598 1872 1733 1938 Sirenum
1746 1878 1775 1936 et

1021 1981 1114 2044 socias
1132 1981 1332 2045 stratilianum.

1062 2087 1209 2169 Transiui,
1224 2089 1330 2172 inquil,
1344 2089 1375 2154 in
1386 2090 1487 2156 etiarn
1501 2088 1691 2173 sylvestrium
1705 2107 1773 2154 con·

1022 2195 1174 2276 ditionem,
1198 2197 1343 2280 propriam
1366 2197 1502 2280 ignoravi
1523 2208 1671 2277 naturam,
1694 2196 1772 2264 haud

1023 2304 1081 2369 illis
1101 2305 1203 2371 melior
1222 2306 1399 2370 constitutus
1420 2323 1495 2370 sum.

1063 2413 1135 2497 Cep.
1148 2413 1250 2494 XXXI,
1268 2415 1297 2493 6,
1314 2415 1343 2478 7.
1363 2414 1436 2479 Steti
1455 2415 1531 2478 enirn
1545 2415 1575 2477 ιἰι
1589 2418 1698 2477 statera
1712 2416 1771 2496 ja-

1021 2527 1078 2586 ctu.
1092 2523 1186 2590 Novit
1195 2531 1288 2588 ουιιιιι
1302 2525 1445 2589 Dominae
1459 2526 1650 2590 innocentiam
1661 2541 1752 2588 maara
1760 2543 1771 2597 ;

1020 2631 1213 2695 rideatiaacit
1230 2651 1281 2715 pes
1302 2651 1379 2697 mam
1400 2633 1433 2696 de
1452 2638 1502 2697 oia
1521 2642 1579 2698 etc.

1061 2738 1154 2804 Proh!
1170 2751 1281 2824 quanta
1292 2738 1633 2822 uerborumdiligentiai
1652 2737 1770 2804 Nemini

1022 2845 1049 2909 id
1062 2846 1189 2929 profiteri
1201 2847 1244 2911 las
1256 2845 1410 2930 estquod,
1422 2865 1512 2930 quum
1523 2845 1638 2912 divitiis
1648 2855 1678 2909 et
1687 2844 1772 2909 bonis
1806 2905 1808 2908 ,

1020 2951 1129 3034 quibus
1149 2970 1205 3032 ego
1226 2952 1338 3017 dudum
1361 2952 1490 3030 lruehar,
1507 2951 1545 3015 ad
1567 2949 1729 3016 socordiam
1743 2958 1773 3015 et

1021 3059 1172 3125 mollitiem
1193 3059 1303 3126 abusus
1319 3059 1433 3139 luerim,
1450 3060 1626 3144 supplicium
1644 3058 1700 3122 loc
1720 3075 1772 3140 pn-

1021 3163 1088 3246 liar,
1110 3173 1220 3230 mutata
1242 3185 1338 3232 reram
1358 3169 1483 3247 fortuna,
1498 3184 1534 3231 aa
1554 3167 1614 3230 Deo
1635 3164 1770 3229 idumeam

1020 3271 1092 3336 milri
1105 3272 1276 3338 medicinam
1287 3272 1454 3338 adhibente.
1468 3273 1525 3351 Qui
1538 3272 1641 3337 merito
1652 3272 1769 3355 quidem

1021 3379 1051 3443 id
1059 3380 1256 3463 responderet,
1264 3381 1287 3444 si
1297 3381 1455 3465 quislnerit
1465 3377 1770 3460 risul,lnsibusacde·

1020 3487 1096 3551 liciis
1108 3486 1236 3566 deditus,
1249 3505 1375 3572 eumque
1392 3488 1423 3553 in
1438 3489 1583 3552 contraria
1597 3499 1677 3552 sorte
1691 3485 1771 3551 Deus

1021 3594 1211 3675 constituens,
1231 3596 1357 3662 traderet
1376 3596 1449 3661 vitm
1470 3595 1583 3661 acerbae
1602 3612 1638 3659 ac
1657 3594 1771 3659 luctuo-

1020 3721 1072 3768 sae.
1088 3704 1153 3782 Qua
1164 3714 1262 3770 autem
1276 3705 1400 3778 ratione,
1416 3705 1467 3788 qui
1479 3703 1706 3770 comessationes
1719 3718 1772 3766 an·

207 3825 279 3874 ’των
299 3808 455 3902 φεύγοντα
473 3808 528 3898 μὲν
545 3809 678 3900 κώμους,
695 3803 851 3878 διώκοντα
868 3803 901 3878 δὲ
917 3819 969 3878 ἀν·
1021 3821 1068 3876 tea
1082 3810 1203 3890 vitavit,
1220 3811 1420 3893 emovitquett
1438 3827 1470 3876 se
1481 3809 1625 3894 jnculares
1640 3808 1771 3873 homines

218 3913 355 4006 θρώπους
386 3911 554 3998 παίζοντας
586 3919 639 3983 καί
666 3926 968 4012 γελωτοποιοῦντας,
1020 3921 1151 3987 etrisnm
1165 3920 1231 3985 aliis
1244 3921 1401 4001 excientes,
1420 3919 1449 3984 in
1462 3919 1573 3984 tristem
1585 3936 1621 3981 ac
1634 3924 1771 3981 maestum

217 4033 304 4088 ποῖον
322 4023 357 4088 ἂν
374 4024 441 4114 ἔχοι
457 4025 551 4116 λόγον
568 4030 713 4114 ἐμπεσεῖν
731 4035 772 4104 εἰς
789 4029 967 4120 σκῦθρωπον
1020 4031 1093 4093 vitm
1114 4036 1222 4093 stetmn
1243 4026 1374 4094 incidere
1394 4027 1504 4092 dehet?
1525 4023 1771 4107 Quandoquidem

218 4131 271 4194 καί
284 4141 414 4222 κατηρῆ
432 4133 507 4218 βίον,
523 4125 629 4207 ἐπειδὴ
645 4135 869 4212 κατεσκληκὼς
882 4137 967 4226 ἤμην
1020 4136 1182 4201 obduratus
1209 4153 1332 4199 manens
1360 4145 1389 4199 et
1416 4142 1585 4216 asperatuS,
1606 4129 1685 4196 haud
1710 4127 1771 4193 abii

221 4238 274 4302 καί
298 4240 563 4329 κατεστυμμένος,
581 4245 636 4306 οῦκ
660 4243 711 4307 ἐπὶ
726 4241 783 4319 τίς
805 4235 967 4336 διαροροό-
1020 4261 1152 4328 praeceps
1179 4243 1209 4307 in
1230 4241 1303 4306 vitia
1324 4241 1448 4326 qumod
1477 4241 1556 4305 illam
1583 4239 1676 4304 vitam
1697 4253 1770 4318 per-

219 4371 278 4424 σας
302 4349 409 4432 ἐκείνῳ
426 4359 476 4443 τῷ·
497 4351 553 4435 βίῳ
577 4351 686 4427 κακίας
708 4351 878 4417 κατέπεσα.
1021 4351 1126 4418 tinent.

252 4526 279 4562 a.
299 4505 344 4562 24.
366 4507 431 4563 Vnt.
452 4523 472 4561 rr
492 4507 512 4562 l.
536 4506 597 4566 174.
617 4509 681 4581 Ipsa
699 4512 783 4564 verba
806 4511 968 4568 inseruntur
1022 4513 1150 4569 Comitul.
1164 4513 1263 4568 habuit
1273 4515 1323 4568 sub
1334 4511 1521 4584 chrysostomi
1534 4509 1654 4574 nomine,
1665 4503 1768 4577 p.lla.

217 4595 289 4666 apud
303 4595 416 4650 Junium
433 4615 462 4668 p.
477 4595 530 4652 459
547 4599 576 4651 in
591 4597 729 4652 scholium
741 4599 881 4671 anonymi,
895 4597 967 4670 quod
1059 4605 1125 4674 Cap.
1138 4603 1251 4671 XXXI,
1264 4602 1292 4670 6,
1305 4603 1334 4655 7.
1346 4603 1410 4656 Vat.
1425 4617 1444 4654 ιι
1459 4599 1479 4653 ί.
1497 4596 1557 4652 175.
1572 4595 1682 4653 Similia
1694 4593 1769 4664 apud

217 4689 306 4739 totum
332 4685 453 4739 fortasse
479 4686 610 4757 Origenis
637 4683 738 4755 fuerit,
758 4683 877 4741 alterum
902 4703 967 4741 vero
1022 4691 1249 4764 Olympiodorum
1264 4712 1292 4764 p.
1305 4689 1368 4758 463,
1382 4691 1427 4744 his
1442 4687 1596 4760 pemmissis
1609 4687 1638 4739 in
1651 4703 1677 4738 ν.
1696 4679 1768 4748 la:

218 4774 289 4844 quod
308 4773 437 4847 nequitur
460 4773 579 4842 ibidem,
599 4791 678 4846 oeque
696 4775 853 4845 prolixum,
874 4779 968 4848 potius
1021 4787 1068 4834 Διὰ
1079 4785 1103 4835 τί
1114 4781 1162 4850 οὖν,
1171 4789 1240 4853 φησί,
1251 4789 1315 4854 μετὰ
1324 4781 1447 4836 τοσαύτην
1459 4775 1716 4849 ἀκρίθειαν,τοιαὺτηι
1728 4791 1770 4842 μοι

217 4877 279 4915 esse
292 4861 485 4934 carysostomi
498 4861 616 4930 videtur,
630 4862 757 4932 quamvis
771 4865 798 4916 in
812 4865 876 4920 Vnt.
892 4880 911 4918 ll
924 4865 968 4918 dl·
1021 4875 1109 4946 μερίδα
1120 4879 1164 4927 καί
1175 4877 1283 4925 τοιοῦτον
1294 4877 1392 4943 κλῆρον,
1403 4873 1414 4923 ὅ
1426 4872 1528 4928 δυνατὸς
1541 4871 1583 4918 καὶ
1595 4865 1694 4934 ὕψιστος
1705 4864 1771 4913 ’ἀνω-

217 4958 296 5005 mm'
315 4953 458 5022 origeni&
1020 4968 1057 5016 θεν
1073 4963 1224 5034 ίπιμίρισιν,
1238 4965 1320 5034 ἀγνοῶ
1333 4963 1388 5020 τοὺς
1400 4961 1499 5032 λόγους.
1514 4957 1622 5011 Caetera
1630 4953 1713 5025 plane
1724 4967 1769 5004 re·

253 5060 279 5096 ⁰·
298 5040 344 5112 28,
364 5039 409 5097 29·
431 5041 494 5096 Vai-
509 5057 528 5096 11
549 5041 570 5095 s·
595 5041 654 5096 ¹74·
669 5045 741 5099 Nota
755 5047 861 5117 ἁδελφός
874 5045 967 5118 γέγονα
1022 5053 1117 5107 lerunt
1135 5053 1267 5122 Origenis
1286 5049 1417 5117 indolem,
1432 5050 1515 5103 verbe
1527 5051 1588 5118 ejus
1604 5046 1769 5117 composite,

218 5147 268 5202 pro
293 5131 361 5184 hoc:
382 5132 491 5187 Similis
511 5135 603 5204 faetus
625 5151 699 5189 sum.
719 5135 789 5188 Fere
814 5137 908 5190 eadem
935 5153 968 5192 ex
1021 5143 1185 5215 dicendique
1196 5158 1285 5214 genus
1296 5139 1525 5196 Alexandrinum.
1539 5137 1670 5201 Quamvis
1680 5135 1770 5206 primo

219 5217 376 5292 0¹XmP30d·
397 5221 497 5275 Juniuss
517 5221 608 5290 hab&
630 5241 658 5294 l)-
676 5221 801 5291 46Ῑι8θθ
821 5233 967 5297 corrupta:
1021 5231 1124 5285 intuitu
1144 5237 1172 5285 et
1190 5232 1223 5284 ab
1239 5229 1352 5284 exordio
1366 5227 1449 5282 facile
1462 5227 1495 5280 de
1509 5225 1707 5298 chrysostomo
1719 5221 1770 5276 ali·

218 5309 290 5380 legit
301 5313 375 5400 eninr
390 5312 487 5382 ὀρνίθων
499 5314 636 5382 θρηνῳδίαν
650 5319 677 5366 et
691 5315 757 5366 οὐδὲν
774 5317 880 5386 θμεινον,
895 5315 967 5370 idem
1023 5323 1085 5392 quis
1104 5321 1279 5391 cogitaverit.
1301 5321 1344 5374 Cf.
1365 5321 1523 5378 ἐπισκληκώς
1543 5336 1570 5387 p.
1590 5314 1654 5372 388.
