4038 6088
822 473 950 538 conix
971 473 1061 537 SAEC.
1086 473 1125 537 vl
1695 475 1753 537 ill

194 629 351 700 judicium
367 629 436 700 Dei,
459 623 570 706 utique,
585 624 616 688 in
632 623 862 707 presbiterorum
881 623 993 707 judicio
1007 623 1184 688 sententiam
1206 622 1318 687 divinae
1338 622 1551 705 exceptationis
1566 623 1587 701 1)
1611 622 1755 689 exhibuit.

204 730 288 796 Unde
309 731 379 813 quid
402 731 528 810 mirum,
551 730 576 794 si
598 728 629 794 hi
651 731 749 796 lutura
775 731 1022 814 praedicaverim,
1045 749 1169 814 quorum
1189 731 1278 798 etiem
1306 731 1441 814 nomina,
1463 732 1541 798 sicut
1570 751 1615 798 res
1640 733 1754 814 edocet,

210 839 396 922 prophetiam
417 846 533 904 sonant.

1 989 2 1074 ἰ
245 945 303 1010 Sed
322 946 384 1026 jam
405 945 442 1010 de
460 945 555 1010 variis
569 945 722 1011 vocabulis
736 947 1009 1029 interpretationem
1030 964 1183 1030 ponamus.

167 1212 176 1222 .
251 1133 276 1206 1)
298 1134 343 1189 Α).
365 1136 608 1205 disceptationis...
630 1140 655 1190 si
674 1139 748 1191 liii...
769 1137 891 1192 edocit...
912 1138 1052 1192 accedetis
1072 1140 1238 1204 interpellet.
1263 1135 1292 1189 C.
1307 1117 1319 1139 '

749 1364 795 1436 ΙΙ.
822 1364 1011 1436 lle-cerlis
1034 1362 1219 1466 uocabulis.

241 1563 375 1624 Alleluia
389 1557 419 1622 in
430 1557 554 1623 latinum
568 1568 655 1623 sonat
669 1565 798 1635 lorelole,
814 1559 880 1624 sive
892 1566 953 1641 plo
1007 1569 1038 1623 et
1057 1561 1165 1624 civitas
1185 1577 1253 1642 quea
1274 1564 1374 1625 Βαπια
1395 1560 1571 1643 appellatur.

201 1671 316 1744 rippale
336 1666 656 1732 Dominmo.1oenim
670 1675 715 1730 est
730 1667 766 1730 de
779 1665 881 1732 decem
900 1685 951 1732 no·
1049 1672 1163 1746 Reciso,
1184 1690 1290 1744 oopus,
1312 1677 1365 1733 aut
1384 1673 1497 1735 morem.

202 1773 329 1838 minibus
344 1774 410 1854 Dei,
423 1793 490 1858 que
510 1775 589 1858 apud
610 1775 740 1842 Hebreos
756 1777 781 1857 1)
798 1774 952 1842 habentur.
1048 1779 1153 1851 Rulli,
1173 1779 1322 1855 mester,
1343 1774 1434 1840 sirum
1455 1786 1510 1840 est.

247 1881 279 1959 [l.
303 1881 352 1960 di]
376 1886 482 1960 Amen,
503 1902 578 1960 cere,
599 1880 664 1946 sive
682 1886 818 1960 fideliler.
1049 1887 1142 1960 Albo,
1158 1893 1258 1961 poter,
1278 1882 1370 1947 sirum
1390 1891 1446 1948 est.

243 1993 435 2066 Diopsalmm
456 1996 646 2068 sempiterno,
661 2006 696 2054 eo
717 1988 795 2072 quod
819 1988 866 2052 iiia
890 1987 954 2070 qui·
1048 1995 1138 2071 More,
1159 1997 1253 2070 quid?
1273 1996 1405 2067 Manno,
1427 1991 1497 2074 quid
1518 2001 1564 2055 est
1584 1990 1662 2056 hoel

205 2092 258 2155 bus
280 2091 344 2156 hac
365 2093 532 2158 adnectitur
545 2116 668 2173 emper,
683 2103 792 2159 aeterna
810 2111 874 2158 esse
887 2111 957 2158 con-
1048 2100 1234 2176 Aootleemc,
1257 2095 1390 2178 perditio.
1413 2103 1621 2173 Moruoollo,
1642 2104 1677 2162 lo
1698 2103 1760 2162 Do-

203 2199 303 2282 iirmel,
318 2204 342 2279 1)
364 2218 381 2264 a
404 2199 483 2280 Deo,
506 2219 565 2264 non
590 2201 846 2266 commutationem
869 2198 955 2264 metri
1012 2212 1089 2270 mini
1104 2212 1272 2283 eleutero,
1286 2205 1376 2270 sirum
1391 2214 1446 2270 est.
1463 2211 1633 2272 Aootlemo
1647 2216 1759 2283 autem,

203 2305 364 2388 significat,
381 2317 414 2372 ut
428 2307 549 2392 quidam
570 2310 751 2388 existimant,
767 2308 818 2375 nei
835 2307 956 2392 spiritus
1007 2315 1291 2393 pausationem
1310 2314 1431 2398 qnidam
1451 2314 1568 2393 dicunt,
1579 2319 1712 2393 perditio
1726 2320 1761 2377 io

81 2415 85 2420 '
204 2414 366 2497 prophetici
377 2417 566 2483 reiectionem
581 2421 617 2495 1).
631 2416 706 2481 Sunt
718 2417 807 2482 etiam
819 2416 869 2500 qui
881 2423 955 2482 Dio-
1010 2429 1170 2489 elucidem
1190 2429 1324 2488 Domini.

206 2529 326 2602 psalmo
341 2534 371 2589 et
384 2524 450 2590 ideo
460 2524 547 2589 scribi
559 2535 666 2608 putant
679 2529 716 2604 1),
730 2535 764 2620 ut
774 2544 808 2590 ex
824 2525 879 2588 hoc
893 2524 957 2589 sive
1022 2607 1026 2614 ι
1049 2536 1207 2607 Memoria,
1228 2537 1359 2596 lippiae.

204 2649 405 2715 personarum,
428 2633 494 2698 sive
514 2651 653 2699 sensuum
682 2633 872 2712 intellegetur
893 2649 957 2698 esse
1052 2639 1085 2718 [i.
1100 2639 1148 2718 68]
1168 2644 1297 2718 serafin,
1313 2643 1460 2716 ardentes,
1469 2638 1553 2720 juxta
1568 2636 1641 2702 iilud
1656 2636 1760 2718 psalmi

203 2742 359 2807 conversio
1009 2746 1136 2810 dictum:
1164 2751 1221 2828 Qui
1239 2753 1314 2824 socii
1337 2751 1457 2826 oppetes
1476 2767 1545 2812 eoos
1569 2751 1713 2824 spiritus,
1737 2753 1763 2810 et

247 2858 380 2928 Oeaomo,
402 2855 537 2930 salvifico
555 2856 590 2931 1),
611 2850 676 2916 sive
699 2857 816 2918 solcum
833 2858 884 2929 foc
901 2874 957 2930 po·
1008 2861 1161 2920 ministros
1173 2876 1241 2919 eoos
1253 2860 1352 2934 poem
1365 2863 1498 2920 urentem
1512 2857 1546 2930 1).
1559 2853 1637 2934 Ergo
1649 2851 1762 2916 Serasrn

200 2963 310 3036 pulcro
322 2968 414 3024 loom.
430 2966 495 3024 Hos
512 2958 573 3040 jam
591 2964 717 3025 Doroini
740 2959 957 3040 interpretatur.
1009 2963 1135 3028 virtutes
1157 2961 1187 3025 in
1208 2961 1282 3025 coelo
1297 2979 1363 3026 esse
1376 2961 1558 3039 confirmant,
1581 2977 1648 3042 qoae
1666 2959 1762 3024 Deum

206 3069 301 3130 Auno
314 3065 477 3149 interjectio
485 3075 530 3130 est
541 3065 739 3146 deprecantis.
752 3065 831 3146 Ergo
843 3063 956 3144 integre
1008 3068 1140 3147 iaudent,
1162 3079 1193 3134 et
1214 3069 1245 3132 in
1266 3068 1432 3134 ministeria
1453 3067 1571 3132 diversa
1596 3064 1759 3129 mittantur.

205 3172 312 3237 dicitur
329 3181 369 3240 Os
382 3173 447 3238 sine
460 3197 554 3240 amec.
568 3173 625 3237 Sed
640 3172 708 3236 dum
723 3171 890 3253 corripitur,
905 3181 957 3237 aut
1052 3178 1358 3254 Olerulio,scieotice
1368 3171 1676 3241 modioludelerum
1688 3169 1764 3235 Che·

206 3281 412 3363 corrumpitur,
431 3291 518 3346 sonat
540 3286 674 3347 Osarene.
697 3279 870 3344 distantem
890 3298 957 3344 sen-
1011 3280 1107 3361 nodio,
1125 3281 1156 3346 in
1176 3281 1282 3346 Sancta
1305 3292 1485 3361 sanctorum,
1508 3281 1566 3346 duo
1588 3287 1703 3345 mnium
1722 3279 1762 3342 si-

205 3407 273 3452 sus:
298 3393 322 3454 0
344 3396 483 3469 Dareine,
497 3394 614 3456 salvom
628 3395 690 3467 fue,
705 3397 736 3452 ut
749 3385 955 3470 subaudiatur,
974 3419 979 3428 ·
1010 3388 1190 3472 gnificantnr
1210 3389 1360 3456 animalia.
1377 3389 1452 3455 diiis
1466 3407 1538 3456 vero
1552 3389 1623 3453 loeis
1642 3387 1691 3452 ubi
1708 3387 1765 3452 hoc

204 3496 254 3562 vei
270 3502 419 3576 populum
440 3502 568 3576 Israhel,
591 3495 637 3563 rel
658 3506 750 3562 loturo
769 3501 923 3561 muudum.
1011 3515 1118 3563 nomen
1132 3497 1248 3579 legitur,
1259 3505 1311 3562 unt
1322 3501 1465 3580 picturam
1476 3493 1764 3581 aliquam'indicant‚

238 3611 357 3698 'Romu
379 3611 500 3672 camiso.
514 3604 549 3670 ln
570 3603 746 3686 Evangelio:
770 3609 878 3670 Vocirl
897 3609 958 3669 Ro·
1010 3605 1269 3671 cotrarietatem.

206 3735 256 3778 ooo
277 3720 384 3779 cudda
404 3724 453 3792 cot,
470 3711 498 3777 id
521 3721 566 3777 est
589 3713 617 3776 iu
636 3711 772 3778 erceisis.
790 3711 844 3776 Est
857 3721 957 3776 autem

247 3899 279 3955 ll.
296 3901 317 3970 1)
336 3910 405 3969 aput
427 3899 557 3955 Hebreaes
576 3899 603 3954 C.
622 3927 657 3940 —
672 3904 695 3965 1)
715 3901 856 3973 confirmet
874 3899 904 3956 C.
924 3931 956 3942 -
1014 3905 1136 3959 ctionem
1156 3921 1221 3958 vero
1241 3909 1360 3958 veterem
1378 3915 1487 3974 potant.
1508 3932 1542 3945 -
1557 3910 1580 3968 1)
1600 3903 1764 3974 soleefiea...

209 3987 238 4060 ³)
251 3991 407 4060 prophetici
421 3987 451 4040 C.
466 3989 533 4053 Quae
550 3989 671 4060 Nysseni
687 3989 824 4062 expositio
838 3989 958 4044 videtur.
1013 3995 1063 4048 hoc
1075 3996 1139 4063 jam
1156 3994 1315 4062 populum...
1335 3994 1560 4063 deproepontis...
1584 3992 1764 4047 Osinenaro...

209 4078 251 4136 Oi.
264 4095 350 4151 supro
362 4096 389 4151 p.
402 4076 464 4132 435.
479 4109 512 4118 -
530 4076 557 4152 1)
577 4087 673 4148 potior
694 4077 704 4131 l
726 4095 764 4134 m.
781 4083 845 4150 post
862 4095 958 4133 corre·
1014 4083 1055 4135 sic
1076 4083 1104 4137 G.
1125 4081 1201 4153 -1)
1223 4081 1308 4136 Heba.
1330 4097 1349 4149 ι,
1369 4081 1397 4134 7.

597 4319 664 4392 ΙΙΙ.
690 4319 742 4392 De
764 4319 980 4416 expositione
1003 4319 1226 4394 diuersarum
1250 4303 1378 4395 rerum.

248 4521 470 4596 Moodrcpcro,
485 4517 516 4580 in
530 4515 651 4594 Genesi,
668 4533 761 4596 genus
776 4515 853 4598 pomi
869 4513 962 4580 simii·
1056 4523 1203 4598 Ramnes,
1218 4517 1370 4602 spinarum
1385 4535 1490 4599 genus.
1509 4517 1541 4583 ln
1558 4517 1694 4606 psalterio
1709 4535 1766 4582 non

170 4685 176 4695 ,
210 4621 312 4686 limum
334 4639 427 4704 parvo
449 4621 553 4705 peponi
572 4627 606 4700 ¹),
630 4623 727 4704 specie
749 4622 798 4688 rei
819 4620 918 4686 odore.
1015 4623 1175 4704 robosem,
1195 4626 1249 4690 sed
1264 4625 1415 4708 spinarum
1431 4641 1524 4707 geum
1545 4623 1681 4690 sentibus
1702 4640 1767 4706 per-

250 4738 413 4806 Moicroll‚
428 4732 457 4794 in
468 4731 523 4795 lob
540 4735 714 4803 ΖωΔΙΟΙΟ
729 4736 763 4809 1),
776 4748 842 4813 quae
853 4729 963 4796 duode-
1016 4731 1181 4798 molestum.

211 4837 268 4901 cim
289 4837 374 4920 signe
395 4837 596 4902 mathematici
617 4840 767 4902 adserunt.
1056 4844 1210 4918 Romplea
1231 4839 1408 4921 gladiumin
1429 4839 1552 4904 latinum
1574 4848 1669 4903 sonat.
1694 4839 1767 4904 Nam

251 4950 347 5023 Falli,
369 4951 493 5009 ΚΛΙΜΑ
513 4949 537 5022 1)
560 4943 590 5007 id
609 4952 656 5007 est
677 4943 764 5026 plage
788 4943 960 5023 meridiana,
1017 4948 1066 5012 ubi
1084 4947 1113 5011 in
1128 4948 1235 5013 Genesi
1251 4947 1361 5014 dicitur
1374 4947 1493 5028 gladius
1507 4947 1660 5014 flammeus
1678 4959 1768 5032 atque

211 5051 257 5114 vei
276 5049 479 5115 occidentalis.
1016 5051 1175 5132 versatilis,
1201 5053 1230 5116 in
1251 5071 1338 5136 greco
1360 5059 1513 5134 Rornploea
1534 5053 1652 5119 dicitur.

246 5266 288 5324 iii.
305 5272 326 5332 ¹)
350 5268 473 5337 Peporais
492 5269 599 5336 speciae
619 5265 649 5320 C.
667 5270 739 5330 -1)
761 5265 902 5322 ZroleIG
920 5227 993 5336 quoe
1011 5268 1155 5324 duodicim
1174 5269 1213 5324 id.
1233 5298 1268 5311 —
1283 5269 1309 5340 1)
1333 5274 1460 5322 ΚΑΙΑΑΑ
1482 5272 1523 5326 sie
1544 5270 1572 5328 0.
