4038 6088
835 463 962 532 CODEX
982 463 1070 532 SAEC.
1095 465 1132 533 tt
1707 471 1765 540 all

247 619 339 694 (Epiri
350 613 415 678 sire
426 621 477 693 osc
493 613 531 696 ¹),
542 611 633 678 modii
647 623 714 678 tres.
730 613 811 682 idem
821 631 959 682 mansura
1013 615 1133 700 quidum
1154 617 1325 701 opinantur,
1340 621 1456 687 conircs
1472 631 1542 703 tres,
1559 621 1589 687 id
1606 632 1653 688 est
1665 633 1764 689 senta·

202 730 265 802 est,
288 720 432 787 haheoin
451 719 542 786 aridis
562 721 640 804 quod
661 720 693 785 in
714 720 833 804 liquidis
859 721 955 787 batus.
1012 722 1071 789 rios
1081 722 1246 789 duodecim.
1263 725 1319 788 lilii
1332 725 1440 791 Gomon
1454 726 1557 793 dicunt
1567 727 1656 811 paulo
1668 728 1765 793 minus

210 809 223 834 Χ
243 833 373 896 Metrctc
395 843 463 906 una,
486 834 519 891 ut
539 825 660 909 quidam
680 826 791 904 dicunt,
805 826 894 892 babet
914 847 958 893 se·
1013 846 1030 893 a
1050 828 1181 893 senariis
1203 831 1231 910 ⁴)
1253 829 1399 914 quinque:
1423 832 1612 915 quodetiam
1632 831 1695 917 ipsc
1721 853 1765 898 se-

203 933 310 998 starioc
329 943 458 1000 centum.
471 933 608 1000 Mensura
623 941 720 999 autem
734 950 831 1016 graece
844 940 957 1000 metron
1012 955 1096 1020 quor,
1112 937 1239 1020 eoquod
1259 937 1300 1002 sit
1319 938 1432 1004 decima
1453 958 1522 1023 pars
1540 940 1622 1024 taphi
1643 940 1762 1006 Gomon.

202 1041 322 1122 dicitur,
334 1042 414 1107 unde
424 1049 546 1108 metreta
559 1041 726 1124 appellatur
740 1046 776 1119 ²).
788 1041 957 1106 Notandum
1052 1051 1143 1112 Nabal
1163 1045 1282 1128 quidam
1304 1055 1408 1128 putant
1428 1047 1539 1113 modios
1560 1057 1629 1114 tras.

202 1164 275 1213 reno
297 1146 376 1230 qnod
397 1165 534 1212 mensura
556 1147 705 1213 bebraenm
726 1163 831 1211 nomen
852 1156 907 1212 eat.
1052 1156 1202 1217 Salariam
1222 1160 1267 1216 est
1288 1131 1408 1235 liquida
1427 1154 1548 1237 speciei.

241 1254 389 1331 Anchoe,
413 1250 443 1316 in
465 1251 571 1331 Esaia,
593 1250 794 1338 AEgiptiorum
821 1270 956 1318 mansura
1053 1263 1171 1324 Cotbclc
1191 1263 1216 1336 5)
1237 1257 1315 1322 mina
1337 1268 1382 1324 ost
1408 1261 1438 1323 in
1458 1259 1621 1327 Ezechiele.
1645 1262 1762 1339 Decem,

202 1367 249 1426 ast
272 1359 305 1438 [l.
328 1359 392 1441 84],
414 1375 480 1442 quaa
502 1368 563 1423 tros
581 1358 694 1423 iaciunt
713 1356 827 1422 modios
848 1357 883 1422 X.
1012 1364 1116 1447 inquit,
1139 1366 1263 1431 cothelae
1283 1375 1353 1431 sunt
1373 1366 1492 1430 Gomor.

243 1471 319 1533 Sota
346 1465 421 1531 idem
451 1475 498 1531 est
524 1465 603 1548 quod
630 1464 732 1548 moiri,
755 1464 792 1550 id
818 1474 863 1529 est
889 1483 962 1538 mor
1050 1471 1158 1554 Accipe
1172 1490 1250 1536 nunc
1264 1481 1426 1537 ceterorum
1446 1473 1596 1539 nominum
1617 1473 1764 1556 signitica-

203 1572 267 1637 dios
287 1570 340 1636 111.
1010 1575 1129 1654 tionem,
1143 1594 1211 1658 qnae
1221 1575 1360 1642 Ecclesia
1374 1596 1424 1644 ore
1438 1579 1596 1658 celebrata,
1612 1579 1640 1644 in
1656 1599 1763 1646 sermo·

245 1683 354 1746 Gomor
376 1696 511 1744 mensura
532 1687 578 1743 est
597 1677 688 1742 attica
704 1679 751 1759 ³),
773 1676 901 1759 habens,
924 1687 957 1743 ut
1009 1700 1075 1748 nem
1097 1692 1229 1749 nostrum
1250 1694 1408 1750 vertuntur
1427 1701 1464 1748 ex
1485 1703 1592 1766 gracco.

238 1894 312 1952 xlv.
330 1898 352 1974 il
364 1895 383 1950 C
393 1898 457 1967 olea
473 1892 483 1946 l
500 1910 581 1948 m.—
596 1899 618 1959 ²)
629 1895 812 1965 appellantur
823 1923 858 1935 -
874 1899 896 1956 ³)
910 1905 954 1950 at·
1009 1898 1050 1951 sic
1064 1900 1093 1952 st
1104 1897 1186 1952 infre.
1206 1903 1350 1954 statarius.
1363 1927 1398 1940 —
1413 1903 1435 1964 s)
1450 1901 1556 1956 cothila
1569 1916 1603 1953 ox
1616 1903 1670 1956 ret.
1685 1917 1761 1955 corr.

205 1986 274 2055 tina,
294 1981 378 2054 paulo
397 1988 490 2038 autem
508 1999 594 2055 supra
612 1985 716 2040 adtica.
737 2012 771 2025 -
787 1988 810 2047 ⁴)
831 1988 954 2041 nistoriis
1008 1986 1138 2056 repetito.
1159 1986 1190 2056 ln
1208 1986 1263 2040 flno
1282 2003 1380 2057 ccccpa
1398 2005 1477 2044 nunc
1499 1999 1649 2057 calcorum,
1668 1991 1710 2043 sic
1730 1991 1760 2046 G.

694 2232 768 2306 XV.
796 2231 847 2302 De
877 2231 1023 2304 Graccis
1046 2231 1271 2306 Nominibus,

242 2431 349 2502 Tbeus,
370 2424 460 2492 Dans.
482 2425 579 2492 Thous
594 2433 702 2503 autem,
717 2436 751 2492 ut
762 2426 954 2510 quorumdam
1048 2433 1208 2505 Habocrita
1222 2432 1258 2505 ⁴),
1278 2428 1439 2494 simolator.

201 2530 301 2613 opinio
328 2531 434 2612 babet,
463 2539 542 2600 Allo
567 2541 648 2601 ΤΟΥ
671 2537 913 2614 ΘΕΑΟΑΟΘΕ,
935 2558 956 2600 o
1048 2542 1181 2610 Heresis,
1201 2543 1295 2597 secta.

204 2646 373 2718 spectaculo,
395 2640 425 2706 irl
447 2650 493 2706 est
512 2643 609 2706 omnia
630 2641 846 2726 prospiciendo.
1047 2648 1226 2719 Monachus,
1247 2641 1408 2708 solitarius.

246 2753 432 2815 Hornottsiorr
448 2751 482 2826 ¹),
504 2748 535 2812 id
555 2757 601 2814 est
620 2750 708 2814 unius
728 2748 912 2815 substantias.
1046 2757 1203 2826 Heracus,
1224 2749 1382 2816 desertum.

238 2860 447 2931 Honroeoeiom
469 2855 575 2920 similis
595 2857 780 2921 subsannatio.
1049 2864 1209 2938 Poryolryc
1234 2861 1415 2949 [reportaturi
1439 2859 1577 2943 adjacens
1602 2862 1707 2927 domus
1729 2864 1761 2928 id

238 2960 326 3039 XPC,
348 2951 463 3027 unctus.
1008 2972 1052 3028 est
1073 2963 1137 3028 Ilei.

240 3073 373 3148 Spiritus
376 3076 559 3149 paracletos,
568 3069 696 3154 Spiritus
703 3069 877 3148 consolator,
886 3069 952 3153 Spi-
1048 3078 1203 3152 Dyocycls,
1217 3073 1393 3155 gubernatio
1407 3083 1437 3138 et
1452 3073 1507 3140 hnc
1524 3094 1583 3140 non
1597 3079 1760 3144 seeundum

196 3174 273 3240 ritus
293 3176 468 3242 advocatus.
1006 3181 1230 3262 proprietatem,
1252 3191 1305 3245 aut
1325 3190 1499 3264 potestatem
1519 3184 1619 3262 verbi,
1641 3185 1695 3251 sed
1715 3205 1760 3253 se-

238 3287 341 3364 Actor,
361 3295 493 3349 sanctus.
814 3271 820 3295 ¹
1006 3285 1133 3350 cundum
1154 3286 1302 3351 clientum.

237 3395 381 3471 Accolae,
402 3392 536 3457 nuntius.
1047 3398 1170 3468 Latous,
1191 3391 1353 3475 popularia.

240 3504 388 3575 tarcum,
409 3499 495 3565 sedes
509 3501 549 3582 ⁹),
570 3499 618 3565 val
640 3500 760 3565 solium.
1049 3503 1284 3579 Octocbamrbrus,
1306 3501 1478 3566 instructus.

238 3610 407 3686 Apostolos,
421 3605 540 3686 missus,
557 3607 622 3676 ideo
637 3610 747 3692 quoda
768 3605 892 3674 Domino
914 3605 951 3670 ad
1047 3613 1191 3686 Noctibus,
1214 3607 1330 3672 novella
1352 3609 1506 3690 plantatio.

197 3713 462 3798 evangelizandum
476 3715 557 3782 missi
573 3726 653 3794 sunt,
669 3716 738 3782 licet
753 3736 769 3781 a
785 3714 953 3781 doctoribus
1046 3719 1272 3792 Baptistcrium
1295 3715 1477 3781 tinctorium.

197 3817 338 3907 hebreum
360 3829 490 3903 putetur.
1047 3823 1195 3895 Obrtsmo,
1217 3818 1327 3885 unctio.

238 3934 398 4007 Propheta,
422 3927 594 4011 praedicator
609 3935 644 4007 8).
704 3989 711 4004 ,
1045 3933 1250 4004 matamoro,
1271 3927 1380 4004 gratia.

235 4039 392 4110 Mortircs,
414 4042 514 4098 tostos.
1045 4041 1267 4110 Holocaustaon,
1289 4042 1381 4099 totum
1403 4034 1589 4109 conbustum,
1616 4037 1671 4100 hoc
1693 4038 1760 4104 ideo

236 4144 412 4218 Episcopus,
434 4139 691 4224 superintendens.
1004 4141 1074 4224 qnia
1089 4142 1207 4223 integra
1218 4140 1314 4206 hostia
1329 4140 1390 4222 igni
1403 4143 1510 4206 tradita
1522 4144 1757 4211 consumebatur.

236 4252 393 4324 Prasbiler,
414 4252 523 4313 sanior.
1046 4253 1201 4323 storboloc,
1222 4247 1368 4328 conlatio,
1389 4257 1444 4312 ant
1463 4257 1582 4331 pactum
1607 4249 1656 4314 rel
1684 4269 1760 4315 oon·-

237 4359 401 4431 Do'oconas,
422 4355 565 4420 minister.
1004 4355 1153 4438 placetum
1173 4356 1252 4438 quod
1273 4357 1313 4420 sit
1333 4355 1443 4422 homini
1465 4375 1531 4422 cum
1552 4357 1624 4424 Deo.

238 4465 353 4536 Giartrs,
375 4479 449 4525 sors.
1044 4469 1186 4540 thmrto,
1207 4479 1325 4528 carmen
1346 4463 1376 4527 in
1396 4463 1515 4530 laurlem
1537 4464 1602 4529 llei.

235 4572 379 4645 Ecclesia,
401 4568 548 4648 evocatio,
570 4568 618 4634 vel
640 4569 783 4635 collectio.
1046 4575 1276 4646 Pectatbcocue,
1303 4569 1435 4652 quinque
1461 4570 1630 4650 uolumina,
1655 4571 1685 4635 id
1712 4581 1759 4636 cst

237 4677 268 4758 [i.
292 4677 344 4757 85]
370 4683 530 4755 catholico,
552 4677 737 4760 universalis,
763 4688 844 4746 ΑΠΟ
870 4688 950 4748 Tol·
1004 4677 1109 4756 Moisi3
1125 4678 1205 4744 unde
1218 4677 1374 4761 Apostolus
1388 4678 1441 4758 ait,
1458 4677 1589 4762 quinque
1603 4679 1705 4744 verbis
1726 4697 1758 4744 sc

197 4789 396 4862 ΚΑΘΟΛΟΝ,
422 4783 499 4867 quorl
520 4794 567 4849 est
582 4787 746 4851 'embadum
766 4796 865 4852 brom.
1005 4785 1035 4850 in
1061 4785 1192 4850 Ecclesia
1213 4783 1290 4851 ralla
1311 4786 1401 4869 loqui.
1428 4793 1578 4866 Thoactes,
1604 4787 1755 4867 volumen,

237 4897 400 4974 Sibcqooa,
422 4901 586 4957 conuentus
607 4893 653 4956 rel
676 4897 876 4974 congregatio.
1004 4893 1081 4959 untle
1102 4890 1328 4958 Pentatbcucua.

235 5003 390 5075 Elboicos,
411 4997 540 5081 gentilis.

232 5193 293 5250 XV.
311 5199 332 5260 ¹)
355 5196 374 5246 C
393 5198 574 5251 homoousion
593 5195 644 5252 bis.
663 5223 698 5238 -
713 5201 734 5258 a)
757 5197 844 5254 Sedis.
857 5227 891 5240 -
907 5201 929 5269 ³¹)
951 5201 985 5257 ld.
1007 5202 1142 5272 frequens
1162 5199 1190 5253 in
1211 5197 1288 5256 Clari
1308 5200 1349 5254 ric
1365 5198 1500 5272 intellige.
1517 5229 1549 5242 -
1567 5207 1586 5264 Ι)
1602 5204 1753 5257 tribuerim.
