4038 6088
971 474 1166 542 omonnns
1311 435 1314 438 ’

906 751 1074 824 Paolmue
1096 750 1229 824 Xer

331 969 364 1015 v.
388 950 417 1028 1,
440 950 469 1012 2.
494 949 601 1039 Κύριος
623 949 781 1037 ποιμαίνει
805 971 855 1036 με,
871 947 926 1012 καί
948 939 1034 1014 οὐδέν
1128 963 1163 1009 r.
1185 945 1215 1024 l,
1238 947 1270 1008 2.
1293 944 1432 1009 Dominus
1452 945 1546 1027 poscit
1563 962 1620 1021 mc,
1641 948 1670 1007 ct
1687 942 1761 1008 unu
1771 945 1842 1007 mili

289 1083 328 1150 με
347 1059 521 1149 ύστερησει.
538 1064 589 1135 Εἰς
605 1059 702 1123 τόπον
718 1057 829 1149 χλόης,
846 1061 912 1122 ἐκεῖ
926 1081 965 1146 με
981 1081 1037 1122 κα·
1089 1055 1185 1128 desit,
1200 1054 1232 1117 io
1247 1052 1305 1121 loco
1323 1071 1449 1136 pascum
1462 1052 1502 1116 ihi
1513 1072 1557 1116 mc
1576 1049 1734 1132 collocavit,
1754 1069 1842 1133 εκμη·

286 1166 495 1244 τεσκήνωσεν,
526 1163 577 1230 ὲπί
606 1157 719 1241 ὕδατος
744 1163 946 1239 ἀναπαύσεως
969 1157 1036 1241 eii·
1090 1177 1199 1244 aquam
1217 1158 1381 1240 resectionis
1400 1157 1528 1223 σιίιιοιιοίί
1546 1175 1602 1222 me.

287 1272 379 1364 θρεψέ
403 1297 451 1364 με.
479 1271 568 1337 Vota.
592 1291 622 1353 p.
646 1271 716 1347 637,
741 1271 770 1334 1.
1531 1350 1534 1356 ¹

331 1382 455 1456 Τέλειος
479 1376 499 1444 ό
519 1379 589 1445 κατ’
614 1379 719 1446 εἰκόνα
741 1385 822 1444 Θεοῦ
847 1377 900 1445 καί
918 1378 1035 1467 όμοίω-
1129 1378 1260 1445 Perlecte
1272 1389 1320 1445 est
1333 1377 1477 1460 initiatur,
1498 1377 1525 1442 is
1545 1377 1595 1460 qui
1609 1376 1772 1443 secundum
1786 1377 1841 1444 nei

289 1511 335 1552 σιν
359 1480 635 1579 γνωριζόμενος,ᾧ
658 1484 713 1550 καί
737 1485 891 1570 βασιλεὺς,
914 1484 983 1550 ἀλλ’
1002 1486 1037 1548 σὺ
1093 1484 1252 1567 imaginem
1274 1493 1305 1549 et
1326 1482 1547 1549 similitudinem
1568 1481 1768 1564 cognoscitur,
1790 1501 1843 1546 cu·

287 1594 405 1684 ποιμὴν
421 1593 625 1685 ἐπιγράφεται
640 1592 785 1682 Κύριοςὸ
803 1584 837 1658 δὲ
852 1591 1037 1683 προκόπτων
1089 1591 1137 1674 ius
1158 1601 1256 1656 tamen
1276 1609 1338 1670 rex,
1360 1590 1413 1655 sed
1433 1608 1493 1654 nou
1509 1599 1619 1672 passm,
1635 1588 1780 1654 Dominus
1795 1606 1843 1654 oo·

289 1707 320 1766 ἑν
346 1708 519 1794 εἰσαγωγῇ,
535 1693 694 1791 πρόύαπον
718 1699 849 1774 κληθείη
876 1706 967 1778 Θεοῦ,
985 1699 1039 1764 καί
1091 1695 1292 1777 gnominatur.
1316 1695 1376 1776 Qui
1396 1682 1469 1759 vcro
1489 1692 1677 1776 progreditur
1698 1693 1728 1757 in
1744 1691 1843 1757 tiroci-

288 1810 488 1898 ποιμαίνεται
510 1807 560 1872 ὑπ’
586 1813 691 1885 αὑτοῦ,
715 1806 770 1872 καί
792 1807 830 1872 τὸ
857 1807 1038 1899 εὐαγγέλιον
1091 1805 1185 1884 nium,
1200 1806 1372 1889 possitovis
1385 1805 1441 1870 llei
1462 1803 1615 1887 appellari,
1637 1820 1729 1885 aquo
1742 1811 1773 1866 et
1788 1818 1840 1884 pa-

289 1915 427 2004 νέμεται,
444 1914 497 1980 καί
514 1915 595 1979 πίνει
611 1905 702 2003 ὕδωρ,
720 1908 787 1977 οὔὸ
808 1913 887 1978 πιὼν
904 1917 938 1978 οὺ
955 1904 1038 2002 διψᾷ·
1094 1913 1194 1992 scitur,
1203 1923 1234 1978 et
1244 1913 1320 1978 bono
1330 1911 1433 1976 nuntio
1444 1911 1581 1990 relicitur,
1593 1918 1624 1976 ct
1634 1909 1840 1992 bibitaquam,

290 2025 373 2088 οὔπω
398 2013 432 2086 δὲ
454 2032 512 2097 τῆς
536 2019 685 2096 ἀληθινῆς
710 2019 851 2108 ἀμπέλου
868 2020 922 2085 τόν
947 2015 1038 2098 οἶνον,
1092 2039 1151 2105 qua
1165 2030 1293 2104 potatus,
1316 2037 1377 2084 non
1398 2019 1472 2083 sitit.
1495 2017 1630 2083 Nondum
1651 2028 1748 2082 tannen
1764 2033 1843 2083 uera)

290 2129 344 2194 κα1
368 2126 563 2192 ἀναπαύεται
588 2118 639 2192 aaa
655 2131 769 2217 λυπροῦ
785 2126 1039 2218 παλιγγενεσίας,
1092 2128 1168 2196 ritis
1182 2128 1275 2193 ehihit
1291 2127 1408 2205 vinum,
1429 2125 1481 2214 scd
1502 2124 1682 2189 refocillatur
1696 2141 1746 2205 per
1762 2123 1844 2188 lava·

290 2233 511 2323 ἀποτιθέμενος
526 2234 564 2298 τὸ
576 2242 639 2297 τῶν
654 2231 892 2322 ἁμαρτημάτων
905 2234 1039 2322 φορτίον.
1094 2247 1176 2293 crum
1197 2246 1283 2294 nouae
1305 2227 1482 2306 nativitatis,
1498 2226 1630 2309 deposita
1647 2224 1763 2289 sarcina
1776 2241 1844 2307 peo-

291 2341 353 2407 Kal
376 2343 478 2417 ἄλλως
496 2333 530 2406 δὲ
546 2345 561 2404 ό
578 2340 615 2405 τό
631 2349 729 2430 πρᾶον
745 2339 799 2404 καὶ
823 2337 968 2415 εὐσταθὲς
985 2365 1042 2404 κα-
1094 2345 1235 2400 murum.
1252 2338 1295 2399 tc
1315 2342 1453 2398 caeterum
1473 2331 1523 2414 qui
1545 2331 1801 2397 mansuetudinem
1813 2339 1844 2395 et

291 2448 450 2541 τορθώσας
474 2455 615 2536 Χριστοῦ,
640 2447 691 2512 ὑπ’
716 2451 811 2511 αὑτοῦ
838 2448 1041 2535 ποιμαίνεται
1095 2441 1290 2508 constantiam
1304 2440 1414 2505 Christi
1428 2449 1548 2505 strenue
1567 2439 1733 2517 emulatur,
1750 2437 1843 2520 pasci-

294 2557 345 2622 ἐπὶ
356 2556 416 2629 τὴν
429 2555 540 2644 χλόην,
554 2556 623 2632 ἥτις
637 2555 721 2620 ἐστίν
733 2553 826 2628 ἠθικὴ
843 2545 1040 2631 διδασκαλία,
1097 2557 1145 2612 tur
1158 2548 1197 2612 ab
1213 2549 1277 2631 ipso
1294 2547 1323 2611 in
1337 2545 1426 2612 uiridi
1448 2561 1567 2628 pascua,
1582 2543 1724 2609 uidelicet
1737 2542 1768 2606 iu
1783 2560 1843 2607 mo·
1887 2545 1895 2554 '

293 2667 324 2728 ἐν
341 2658 365 2747 ᾧ
381 2660 603 2734 καπεσκήνωσέ
628 2683 676 2750 με,
701 2659 804 2750 φησίν,
830 2659 899 2724 ἀλλ’
925 2664 959 2726 ού
982 2686 1041 2726 κα-
1094 2678 1158 2725 rum
1172 2658 1341 2739 disciplina,
1360 2659 1476 2741 inqua,
1492 2655 1670 2740 alluserit,
1687 2679 1702 2716 ιι
1716 2654 1790 2720 mihi
1801 2664 1844 2719 ta·

292 2767 417 2852 τῴκισε.
435 2766 496 2830 Καὶ
519 2769 661 2854 ἀλλαχοῦ
678 2757 721 2851 δὲ,
738 2768 841 2853 φησίν·
858 2765 950 2840 αὐτὸς
974 2787 1041 2828 ποι-
1094 2764 1287 2832 bernaculum
1300 2772 1385 2844 esca
1408 2762 1460 2828 sed
1481 2781 1539 2828 non
1557 2764 1670 2828 domus.
1686 2765 1725 2828 Et
1742 2763 1800 2828 alio
1814 2763 1844 2827 in

293 2877 394 2965 μαίνει
415 2880 499 2962 ἡμᾶς
524 2878 565 2949 είς
589 2873 660 2948 τοὺς
684 2879 805 2949 αἰῶνας.
826 2871 907 2959 Ὅρα
931 2863 965 2937 δὲ
987 2873 1041 2938 καί
1093 2873 1172 2938 loco:
1194 2871 1334 2951 «Pascit,
1352 2869 1459 2953 inquit,
1476 2871 1538 2953 ipsc
1558 2887 1612 2934 nos
1632 2888 1725 2954 usque
1745 2870 1777 2934 in
1790 2887 1844 2934 sac-

292 2981 355 3047 νόει
378 2980 437 3054 τόν
461 2977 573 3068 χλόην,
596 2978 650 3043 καὶ
673 2979 786 3051 νοητὸν
810 2981 908 3054 αὐτῆς
931 2978 1039 3056 τόπον,
1094 2978 1202 3044 cula.»
1224 2979 1289 3044 lam
1310 2977 1512 3042 considerari
1533 2974 1663 3058 intellige
1688 2975 1844 3040 herbosam

292 3087 346 3153 καί
368 3086 481 3159 νοητόν
506 3085 707 3161 ἀναπαύσεως
722 3076 813 3174 ὕδωρ,
831 3092 876 3168 τῷ
900 3086 948 3148 ἔτι
971 3107 1051 3149 ποι-·
1094 3096 1244 3164 pascuam,
1266 3079 1388 3162 ejusque
1409 3078 1503 3144 lucum
1523 3077 1699 3161 spiritalem,
1715 3086 1745 3143 ct
1759 3077 1844 3162 spiri-

294 3193 469 3284 μαινομένῳ
482 3184 654 3281 διδόμενον,
664 3193 718 3268 ἕως
730 3197 859 3282 λογικῆς
871 3185 1040 3281 τραπέζης,
1094 3193 1180 3258 talem
1194 3189 1304 3275 requiei
1320 3190 1481 3276 lympham,
1495 3191 1536 3254 illi
1551 3209 1718 3256 concessam
1732 3191 1781 3274 qui
1793 3190 1845 3256 ad·

329 3409 376 3463 Ps.
390 3406 486 3473 XXII,
500 3423 527 3460 a.
545 3401 566 3473 Γ,
579 3401 608 3473 3,
622 3405 649 3472 4,
661 3403 690 3458 5.
709 3405 775 3460 Vat.
792 3401 835 3471 13,
858 3401 900 3470 14,
924 3402 965 3470 16,
986 3404 1041 3458 Vix
1093 3410 1239 3462 verterunt
1257 3404 1391 3477 pleraque
1405 3404 1477 3476 apud
1490 3405 1689 3460 Caesarienaem
1702 3403 1841 3458 refricari.
1886 3433 1888 3438 ·

294 3496 349 3551 erit
366 3495 422 3548 alia
441 3493 572 3564 origenis
591 3493 696 3564 pagina
714 3492 747 3545 de
767 3508 797 3546 re
815 3492 944 3546 archaice
962 3507 1038 3563 praa·
1094 3495 1152 3552 Sed
1171 3494 1266 3548 videas
1279 3492 1362 3547 velim
1375 3494 1510 3546 rusticum
1523 3495 1624 3564 Syrum
1638 3508 1693 3548 non
1711 3490 1778 3546 lotis
1791 3508 1843 3562 pe-

294 3584 423 3653 atautior,
443 3599 524 3654 quam
537 3581 779 3636 commentariolus
796 3580 854 3650 ille,
867 3598 921 3652 quo
934 3580 1040 3634 deacri-
1094 3583 1177 3637 dibus
1199 3581 1402 3636 Alexandrinas
1427 3581 1594 3650 margaritas
1619 3579 1789 3634 calcantem:
1812 3582 1842 3630 ‘0

295 3669 370 3723 bitur
389 3671 498 3739 integra
524 3671 612 3723 series
637 3669 798 3734 inchoandae
818 3673 846 3722 et
863 3668 1040 3738 perficiendae
1095 3673 1138 3740 μὶν
1157 3675 1206 3742 γὰρ
1232 3669 1322 3729 τέλειος
1341 3667 1430 3741 γένοιτ’
1449 3667 1479 3718 ἂν
1505 3669 1517 3718 ὁ
1542 3668 1671 3724 κατάτὴν
1696 3669 1778 3720 εἰκόνα
1803 3669 1845 3719 τοῦ

295 3761 420 3811 velerum
439 3757 654 3811 christidnorum
667 3757 750 3810 viloe:
765 3756 902 3810 habentur
920 3757 994 3810 enim
1007 3774 1042 3812 ex
1094 3763 1155 3812 Θεοῦ
1175 3765 1218 3811 καί
1236 3760 1280 3815 τόν
1300 3759 1416 3827 ὁμοίωσιν
1429 3757 1504 3809 αὐτοῦ
1522 3758 1567 3814 τόν
1587 3741 1666 3825 dogit
1680 3763 1729 3817 τοῖς
1748 3757 1844 3809 κατ’ἀ-

295 3843 1041 3917 ordinerKurrigncrc,Baptismu8‚'lllogaoluo'·snorc,Sym·
1093 3849 1163 3918 ρινὴν
1182 3848 1280 3917 τρόποις
1299 3846 1562 3916 κιχαρεκιηρισμίνος·
1582 3847 1594 3896 ό
1614 3852 1657 3898 καί
1678 3845 1783 3910 βασιλέα
1802 3851 1842 3900 τόν

296 3935 353 3990 bolo·
370 3939 399 3987 el
410 3933 544 3988 doctrinae
560 3934 752 4002 traditiosam,
764 3938 872 4001 unctio,
879 3935 1039 4003 jffunium,
1094 3937 1190 4006 Κύριον,
1208 3933 1265 3987 ἀλλ’
1285 3935 1310 3987 ού
1329 3933 1435 4003 ποιμένα
1454 3934 1657 4006 ἐπιγραφόμενος.
1674 3937 1706 3984 Ὁ
1726 3937 1752 3986 dl
1771 3935 1844 3986 ἔκπε-

295 4026 466 4091 convicium,
486 4039 588 4076 mensae
602 4026 630 4076 el
642 4021 740 4076 calicis
751 4021 854 4091 με’όιξις,
868 4038 900 4076 uc
920 4022 1040 4091 tandm,
1092 4031 1142 4078 σύν
1161 4026 1253 4085 ταύτης
1267 4023 1290 4086 ἐξ
1305 4023 1510 4093 αὐτοπροαιρέτσν
1523 4027 1549 4074 δὲ
1567 4027 1716 4094 incorporei:
1736 4025 1776 4076 iuri
1799 4024 1844 4082 τάν

295 4115 431 4184 martyrio
455 4129 530 4183 soepe
554 4111 760 4179 intercedente,
784 4110 912 4166 coelesles
938 4110 1039 4182 apulsa.
1091 4114 1198 4186 θηριώδη
1219 4109 1414 4184 μιτοιόεόληκὼς
1430 4111 1486 4179 ἕξιν,
1502 4112 1730 4182 ι’πποςόηλυμσινιλς
1744 4131 1844 4182 χρημα-

294 4200 382 4254 Nemo
393 4199 491 4271 pedem
511 4202 540 4253 in
559 4199 683 4254 Romana
696 4199 823 4270 hypogea
841 4197 980 4267 intulerit,
993 4203 1042 4254 aul
1092 4206 1154 4258 σίσοι
1173 4203 1210 4271 ἀν,
1230 4208 1273 4255 καί
1290 4203 1362 4261 λύκος
1383 4202 1543 4270 ίιρπακτιιιός·
1558 4201 1624 4270 ὄιρεις
1643 4203 1676 4266 di,
1696 4206 1739 4252 καί
1757 4203 1842 4272 γεννή·

294 4295 470 4344 mouumenta
494 4291 599 4346 Romae
623 4292 826 4345 subterraneae
845 4289 881 4343 cl.
902 4289 935 4343 de
958 4290 1041 4346 Rosci
1093 4315 1162 4364 ματα
1181 4294 1289 4361 ἐχιδνῶν,
1309 4297 1352 4344 καὶ
1371 4293 1475 4360 χείρους,
1489 4295 1533 4342 καί
1547 4291 1629 4357 κόνις,
1649 4295 1692 4343 καί
1710 4289 1844 4349 ἀλώπεκας

297 4379 339 4428 τοῦ
357 4379 422 4428 πάνυ
441 4379 608 4442 versaverit,
629 4379 696 4447 quin
720 4381 847 4448 stupeat,
867 4393 948 4447 quam
974 4393 1040 4447 gra·
1092 4387 1147 4445 τοὺς
1160 4383 1281 4443 τοιούτους
1294 4383 1373 4434 esaan
1387 4381 1512 4450 ὀνομάζειν
1525 4382 1540 4436 a
1553 4380 1648 4451 γραφη.
1662 4378 1845 4443 -Quaesal-

298 4465 380 4536 phice
394 4464 613 4531 Alexandrinus,
627 4465 716 4536 quoad
730 4481 764 4518 ex
781 4467 877 4519 arcani
891 4465 1042 4537 disciplina
1092 4473 1147 4525 tem
1167 4476 1244 4524 certo
1262 4473 1426 4541 argumento
1445 4472 1513 4538 sint,
1528 4474 1622 4522 nostra
1635 4451 1754 4522 Eusebio
1767 4484 1843 4538 prae-

295 4553 388 4623 licuit,
401 4559 524 4609 veterum
544 4554 762 4608 Christianorum
775 4553 897 4606 τελείωσιν
917 4553 1041 4608 declara·
1093 4558 1206 4629 luxisse,
1225 4559 1300 4612 sicut
1318 4562 1346 4611 at
1364 4557 1508 4612 Theodoro
1536 4554 1729 4624 Heracleote,
1747 4557 1795 4626 qui
1814 4557 1845 4609 in

296 4643 378 4697 verit.
399 4643 494 4714 Neque
512 4640 676 4712 diligentem
690 4639 821 4696 lectorem
839 4641 944 4712 fugerit
961 4643 1041 4696 theo·
1093 4663 1173 4701 naum
1192 4661 1272 4699 auum
1285 4643 1403 4698 lacinias
1422 4644 1543 4698 resecuit
1556 4642 1714 4709 nonnullam
1732 4645 1772 4696 ita
1791 4658 1844 4696 au-

296 4729 390 4800 logica
408 4731 547 4784 εειιίειιίίιι
566 4729 599 4782 de
618 4731 764 4784 subitanea
782 4731 962 4800 postobitnm
976 4733 1041 4800 jua—
1093 4738 1148 4788 tem
1168 4735 1247 4788 ambo
1267 4739 1396 4803 egerunt,
1416 4739 1447 4787 ut
1466 4738 1561 4788 nostra
1580 4749 1669 4802 nequo
1688 4733 1843 4787 alienorum

297 4822 388 4872 torum
407 4819 549 4874 beatitate.
564 4817 616 4874 Sed
630 4835 664 4871 ne
678 4823 705 4872 te
716 4819 768 4874 hoc
781 4817 878 4884 lateat,
892 4834 980 4889 pauca
994 4818 1039 4871 hic
1093 4840 1154 4876 esee
1166 4823 1368 4893 compendium,
1382 4838 1470 4893 neque
1484 4823 1691 4876 incrementum
1703 4823 1845 4875 recentius

298 4923 368 4960 nova
387 4911 466 4960 aunt:
484 4904 566 4977 plura
580 4907 727 4960 Corderius
740 4905 826 4974 dedit,
838 4905 920 4977 plura
939 4907 1041 4960 habeut
1093 4909 1149 4963 dici
1169 4913 1282 4983 queant.

298 4993 437 5058 Maurici,
453 5010 506 5048 non
519 5009 608 5064 pauca
627 4999 718 5046 tomen
731 4997 797 5047 aunt
809 4999 890 5046 aucta
909 4999 936 5048 at
948 5010 1040 5049 emen·
1128 5017 1154 5054 o.
1173 4996 1198 5066 l,
1210 4996 1238 5052 2.
1253 4998 1296 5054 Cf.
1310 4999 1378 5054 Gen.
1392 5016 1412 5065 1,
1425 4997 1470 5054 26.
1485 4999 1565 5054 loen.
1578 5013 1618 5064 ιν,
1636 4995 1679 5050 ll.
1697 4997 1842 5066 Jarem.1r,

298 5077 371 5146 data,
382 5084 501 5135 maxime
514 5097 549 5134 ex
561 5082 666 5152 optimo
678 5082 743 5137 Vat.
762 5079 803 5136 13.
817 5082 958 5136 Nonnulla
971 5082 1037 5138 fort.
1092 5083 1137 5143 2l.
1159 5087 1205 5142 Ρε.
1226 5103 1311 5158 xnvrr,
1335 5085 1378 5140 15.

298 5165 420 5220 llaurini
439 5167 599 5240 neglexere,
624 5171 689 5240 quia
713 5167 814 5225 collato
833 5170 1038 5248 Eusebio,ad·
