4044 6098
281 477 338 542 lbi
955 475 1149 549 emanans

281 628 379 694 tacitis
400 626 586 703 nominibus,
607 627 706 692 statim
728 627 878 710 excipiunt
896 628 1057 711 fragmenta
1077 626 1214 708 origenis
1237 635 1268 692 et
1287 625 1405 692 Basilii.
1428 627 1473 694 Hx
1494 627 1552 694 alia
1572 627 1720 714 decipula,
1743 648 1832 716 quam

280 735 357 801 idem
379 732 449 798 mibi
472 742 619 798 struxerat
639 734 677 799 de
698 733 861 817 Magistris,
877 737 947 798 dum
964 733 1037 799 lalso
1050 750 1171 798 numero
1185 733 1262 798 1769
1277 734 1316 799 ad
1330 732 1487 801 vaticanos
1508 735 1623 803 codices
1644 748 1830 821 provocaret,

281 842 376 906 lauste
395 839 490 918 exivi,
511 857 602 922 quum
623 840 719 906 detexi
741 850 820 908 certo
841 841 948 908 indicio
970 841 1050 907 bunc
1069 841 1199 908 codicem
1219 857 1285 908 asse
1305 841 1400 908 Vatic.
1424 843 1514 908 1789.

319 947 369 1015 Ill.
385 946 472 1012 Nunc
486 956 602 1011 transeo
622 955 654 1013 et
668 958 801 1015 revertor
814 948 853 1014 ad
867 967 965 1014 meum
978 947 1145 1030 Origenem.
1162 947 1229 1028 Quo
1243 947 1338 1030 magis
1351 949 1474 1016 revolvo
1487 966 1601 1015 mecum
1613 951 1721 1018 seriem
1736 970 1829 1036 proce·

280 1053 420 1135 miorum,
444 1053 586 1120 hactenus
606 1053 670 1138 ejus
689 1055 809 1120 nomine
829 1054 991 1135 editorum,
1014 1055 1113 1122 arrius
1132 1055 1236 1135 doleo,
1258 1055 1353 1122 multa
1373 1057 1412 1120 ab
1433 1057 1516 1122 initio
1536 1057 1656 1141 deesse,
1680 1077 1734 1126 nec
1750 1061 1829 1144 justo

280 1160 383 1226 ordine
404 1160 473 1244 poni
496 1177 587 1243 pauca
608 1180 676 1245 quae
696 1162 859 1227 innotuere.
876 1160 906 1226 Si
921 1161 993 1245 quid
1007 1161 1103 1226 ausim
1124 1161 1153 1226 in
1167 1161 1292 1228 obscura
1306 1171 1393 1228 nocte
1407 1163 1568 1246 palpando,
1590 1183 1753 1250 proponere
1767 1167 1831 1234 bac

282 1266 450 1332 maluerim:

321 1373 365 1437 1.⁰
387 1373 474 1454 Quod
495 1373 620 1438 Husebio
642 1373 728 1439 datur
750 1373 778 1438 in
799 1374 951 1440 exordium
972 1373 1075 1459 psalmi
1098 1373 1195 1458 primi,
1217 1393 1282 1440 cum
1304 1375 1368 1458 eius
1388 1375 1507 1443 nomine
1525 1395 1562 1444 ea
1580 1377 1778 1445 destituantur
1798 1380 1829 1446 iu

281 1480 365 1545 codd.
391 1480 485 1548 Vatic.
508 1480 636 1561 duobus,
661 1482 691 1544 in
712 1480 772 1545 alic
792 1491 890 1546 autem
911 1473 1043 1565 proxime
1064 1479 1233 1546 cohereant
1252 1499 1317 1546 cum
1339 1483 1434 1566 primo
1454 1482 1592 1567 origenis
1616 1487 1774 1569 prooemio,
1795 1506 1831 1552 ac

280 1587 364 1652 simul
387 1596 549 1669 augeantur
569 1588 599 1651 in
616 1588 679 1656 Vat.
696 1586 755 1651 tlt
771 1587 905 1671 pericope
918 1587 955 1652 de
969 1587 1117 1653 divisione
1130 1588 1270 1670 psalterii,
1287 1605 1355 1673 qua
1374 1590 1494 1654 omnino
1514 1590 1551 1656 ad
1573 1591 1671 1675 priora
1692 1592 1723 1658 id
1736 1611 1829 1676 genus

282 1694 487 1778 prolegomena
511 1695 670 1777 pertinent,
687 1713 835 1760 censerem
850 1696 976 1778 primum
999 1693 1155 1760 exordium
1175 1695 1311 1774 origenis
1325 1695 1415 1762 luisse
1430 1697 1484 1762 boc
1497 1699 1694 1782 fragmentum
1714 1701 1829 1782 vulgati

281 1802 412 1882 Husebii,
435 1802 513 1885 quod
534 1820 572 1867 nc
593 1811 687 1868 totum
701 1821 768 1870 curn
782 1802 896 1868 ceteris
910 1800 1068 1884 exigerem,
1085 1811 1117 1867 ut
1131 1801 1256 1885 primum
1271 1813 1441 1884 statueram,
1457 1809 1508 1870 rix
1529 1825 1548 1871 a
1570 1823 1615 1871 me
1631 1806 1754 1874 obtinui.
1771 1807 1829 1874 Sed

281 1908 359 1974 edita
380 1909 491 1983 passim
513 1910 679 1989 exstant1).

321 2016 366 2077 2⁰
388 2013 548 2099 Postquam
569 2016 711 2098 Origenes
733 2033 795 2081 rem
817 2014 984 2080 bisturican
1003 2023 1034 2080 et
1060 2014 1234 2081 didacticum
1254 2016 1439 2099 exposuerit,
1462 2036 1515 2101 pro
1536 2018 1634 2085 indole
1653 2035 1706 2084 sua
1727 2018 1830 2086 debuit

281 2121 384 2186 eadem
394 2123 432 2187 ad
444 2123 526 2206 leges
536 2123 725 2206 anagogicas,
737 2140 810 2208 quus
821 2130 973 2205 tantopere
986 2131 1113 2186 sectatus
1128 2131 1182 2201 est,
1193 2139 1351 2204 reuocare3
1368 2132 1430 2189 turn
1440 2125 1540 2192 uarias
1553 2123 1682 2208 psalterii
1694 2124 1830 2210 persequi

282 2228 470 2310 partitiones,
490 2238 522 2295 et
540 2230 718 2314 psalmorum
741 2229 955 2295 distinctiones.
977 2228 1020 2294 Ha
1041 2229 1192 2311 aptissime
1212 2228 1351 2312 leguntur
1370 2231 1401 2295 in
1422 2231 1523 2315 primis
1543 2231 1622 2296 loliis
1644 2231 1710 2295 llat.
1734 2229 1825 2311 ttae,

282 2337 365 2418 cujus
376 2337 502 2419 initium,
521 2337 685 2422 importune
697 2339 838 2417 excisum,
852 2355 959 2402 nomen
973 2335 1095 2402 sortasse
1104 2335 1244 2419 Origenis
1257 2336 1388 2418 sustulit,
1403 2339 1483 2422 quod
1496 2347 1595 2404 tamen
1609 2337 1689 2403 circa
1701 2337 1830 2404 modium

281 2442 462 2524 prcoemium,
484 2444 514 2508 in
534 2446 668 2528 margine
688 2445 831 2511 substitit.
854 2443 946 2509 immo
967 2443 1054 2527 paulo
1073 2443 1164 2508 altius
1185 2443 1314 2508 restituit
1334 2444 1398 2508 cod.
1416 2444 1604 2526 Barbariuus,
1622 2443 1652 2508 in
1669 2463 1727 2528 quo
1748 2443 1829 2510 baud

285 2549 384 2632 procul
398 2550 437 2614 ab
451 2550 536 2614 initio
550 2552 605 2616 loci
622 2553 739 2635 legitur:
759 2562 821 2620 Τοῦ
838 2554 1023 2647 Ὦριγένους,
1042 2546 1093 2620 διὰ
1108 2555 1141 2618 τί
1165 2553 1239 2618 εἰσὶν
1265 2558 1294 2618 ol
1309 2549 1428 2643 ψαλμοὶ
1445 2554 1494 2645 ρν’.
1510 2552 1567 2619 Sed
1583 2570 1676 2637 pauca
1694 2553 1720 2618 is
1740 2552 1832 2618 codex

282 2658 436 2742 excerpsit,
459 2658 620 2744 deficitque
639 2662 688 2727 ubi
705 2661 823 2728 immani
837 2660 944 2726 lacuna
958 2661 1022 2726 biat
1036 2661 1207 2728 Vaticanus.
1221 2663 1261 2725 tt
1273 2658 1368 2724 lausta
1387 2671 1466 2726 sorte
1485 2659 1626 2727 succurrit
1642 2659 1714 2725 mibi
1737 2659 1830 2725 codex

285 2766 494 2833 Casanatensis
515 2767 639 2851 plenior,
663 2769 694 2832 in
716 2787 774 2852 quo
795 2773 894 2835 statim
915 2768 953 2833 ab
973 2769 1072 2849 initio,
1088 2769 1139 2834 ubi
1153 2767 1297 2834 Hebraico
1318 2767 1481 2848 excientur,
1495 2777 1597 2852 aperte
1616 2768 1760 2851 Origenes
1780 2786 1831 2834 ex·

282 2874 388 2957 surgit,
411 2893 498 2958 quern
519 2884 661 2959 preterea
674 2876 815 2958 Hilarius,
831 2894 910 2942 more
924 2894 988 2958 suo,
1004 2876 1113 2942 salutat
1128 2875 1186 2942 lere
1200 2885 1230 2941 et
1243 2875 1337 2959 digito
1352 2877 1566 2956 ostenditQuaa
1580 2877 1617 2943 ad
1632 2875 1832 2959 integritatem

283 2981 421 3048 restituta
442 2983 526 3066 posui
547 2983 602 3048 sub
622 3002 705 3049 num.
729 2984 791 3050 llll.

326 3092 371 3156 3.⁰
393 3089 442 3155 Sic
455 3089 632 3174 explanatis,
650 3101 684 3156 ut
696 3091 792 3172 libuit,
807 3091 953 3174 allegoriis
969 3111 1035 3174 quse
1047 3092 1086 3157 ad
1100 3100 1192 3158 totum
1206 3092 1379 3176 psalterium
1393 3092 1551 3176 pertinent,
1566 3092 1688 3176 Origeni
1705 3110 1830 3176 pronum

282 3209 361 3278 erat,
383 3209 518 3266 currente
538 3209 614 3279 rota,
634 3200 789 3284 exspatiari
813 3200 843 3264 in
864 3200 966 3267 titulos
985 3200 1154 3282 singulares
1174 3201 1367 3284 psalmorum,
1387 3220 1404 3266 a
1425 3201 1511 3282 longe
1537 3200 1656 3283 quidem
1682 3210 1833 3285 praeeunte

282 3307 378 3391 prisco
398 3308 546 3391 superiore
567 3309 735 3392 interprete,
751 3309 804 3375 sed
820 3316 894 3375 astu
908 3306 1070 3391 anagogico
1084 3307 1114 3371 in
1129 3306 1200 3385 alia,
1216 3316 1276 3373 toto
1289 3307 1362 3372 coelo
1375 3306 1504 3387 diuersa,
1521 3325 1629 3372 noxum
1647 3309 1756 3374 terente
1770 3327 1832 3375 ma·

282 3419 419 3500 gistrum,
435 3419 486 3500 qui
502 3427 597 3482 tamen
612 3417 746 3483 eumdem
761 3417 818 3483 lere
832 3414 983 3483 titulorum
996 3414 1128 3480 ordinem
1142 3413 1333 3497 persequitur.
1350 3413 1428 3478 Satis
1448 3421 1512 3480 erat
1526 3414 1628 3479 borum
1643 3413 1697 3478 sub
1712 3434 1743 3480 n.
1761 3414 1831 3484 lllll

284 3522 413 3602 initium,
436 3523 562 3604 exempli
584 3523 692 3605 gratia,
715 3522 799 3605 dare,
822 3532 856 3589 ut
874 3539 910 3586 cx
930 3519 1054 3586 vetustis
1075 3519 1253 3586 membranis
1276 3521 1426 3588 Vaticanis
1446 3540 1680 3604 recognoscerem
1702 3523 1830 3605 insignia

284 3630 448 3697 aristotelis
463 3640 495 3695 et
513 3629 674 3713 Herophili,
692 3632 830 3696 rarissimi
850 3629 1011 3714 scriptoris,
1030 3629 1205 3710 fragmenta,
1222 3647 1289 3712 quaa
1302 3629 1430 3696 ludendo
1447 3639 1476 3696 et
1489 3649 1554 3696 cum
1568 3631 1716 3697 Socratica
1738 3632 1831 3697 ironia

282 3738 423 3820 Origenes
443 3737 599 3803 recaluisse
620 3756 673 3820 per
692 3757 740 3803 me
760 3738 949 3804 existimetur.

324 3843 360 3912 v.
378 3844 474 3909 Pauca
490 3855 657 3928 supersunt,
673 3845 778 3927 quibus
791 3845 874 3929 quasi
890 3842 1101 3909 exhauriuntur
1114 3841 1178 3908 baec
1192 3855 1293 3910 uetera
1314 3845 1491 3928 psalmorum
1510 3846 1728 3930 prolegomena,
1743 3859 1831 3932 prout

281 3951 382 4033 jacent
403 3949 433 4014 in
455 3949 604 4017 Vaticanis
624 3950 786 4016 codicibus.
808 3951 847 4016 Ht
866 3951 1002 4035 quamuis
1015 3949 1126 4016 seriora
1143 3959 1271 4035 tempora
1284 3953 1476 4038 attingamus,
1494 3953 1571 4020 baud
1594 3965 1691 4020 tamen
1709 3955 1831 4022 multum

283 4058 448 4124 recedimus
467 4058 506 4124 ab
526 4058 665 4141 Origene.
688 4057 879 4124 Subdidimus
899 4075 981 4141 ergo,
1004 4057 1156 4122 mantissa
1177 4058 1287 4124 instar:

323 4167 368 4229 la
390 4166 450 4232 Sub
471 4186 551 4233 num.
573 4167 612 4232 IX
632 4175 663 4233 et
682 4167 719 4248 H,
743 4166 857 4247 ultima,
880 4183 916 4231 ne
936 4173 1070 4248 pereant,
1093 4165 1234 4233 anecdota
1249 4167 1307 4234 duo
1321 4168 1443 4251 scbolia,
1466 4187 1533 4253 quaa
1553 4187 1612 4234 non
1632 4167 1728 4234 solum
1747 4169 1831 4233 anti-

283 4271 436 4355 quissima,
458 4272 512 4338 sed
531 4272 723 4337 butenicaeua
745 4290 795 4354 per
815 4291 862 4339 me
882 4273 950 4338 licet
970 4289 1102 4338 censeas.

323 4383 367 4444 2⁰
388 4381 506 4448 Retinet
526 4399 607 4446 num.
630 4380 670 4446 Xl
691 4381 796 4448 seriem
817 4379 984 4446 historicam
1005 4380 1186 4464 psalmorum
1207 4382 1256 4464 qui
1278 4383 1317 4448 ad
1339 4383 1464 4450 Oaxidis
1485 4392 1614 4466 tempora
1635 4393 1666 4450 et
1687 4401 1833 4450 aerumnas

283 4489 421 4570 pertinet.

323 4596 367 4660 3³³
388 4596 536 4661 Lecturam
552 4594 700 4660 recreandi
714 4613 796 4679 ergo,
812 4595 890 4661 baud
904 4596 1033 4665 abstinui
1048 4617 1066 4664 a
1079 4596 1230 4663 nonnullis
1245 4596 1362 4675 iambis,
1376 4614 1449 4679 quos
1467 4597 1555 4662 nobis
1572 4607 1770 4664 serraverunt
1782 4617 1836 4666 xe·

321 4770 345 4835 1)
359 4773 434 4826 Adeo
448 4775 521 4826 inter
534 4790 564 4827 se
576 4773 959 4847 commiscenturdepsalmis
973 4775 1030 4831 Eu·
1082 4777 1220 4832 Venatum
1238 4777 1268 4831 in
1287 4794 1341 4849 quc
1360 4777 1495 4832 Eusebius
1514 4779 1548 4834 de
1567 4780 1763 4852 Dicpsolmate
1782 4797 1833 4836 au·

283 4862 376 4916 sebius
386 4867 413 4915 et
423 4862 568 4934 Origenes,
579 4867 619 4930 ut,
631 4881 693 4918 cum
703 4865 828 4919 Venetus
838 4867 928 4920 editor
942 4865 1030 4921 Theo·
1083 4867 1155 4919 ctior
1165 4865 1306 4920 videretur
1316 4883 1396 4937 quam
1407 4866 1479 4938 apud
1490 4865 1747 4935 Montasalconium,
1757 4867 1833 4924 illico

283 4951 418 5024 phylacti,
431 4953 687 5023 Buongiorannius,
702 4957 729 5008 in
746 4955 844 5010 ultimo
858 4961 931 5009 tomo
945 4954 1030 5008 adde·
1083 4959 1110 5010 et
1130 4953 1212 5010 leatus
1231 4972 1315 5011 novoe
1328 4956 1381 5010 sibi
1395 4960 1514 5028 quatuor
1532 4956 1687 5013 versiculos
1699 4960 1727 5012 in
1741 4957 1831 5012 medio

283 5047 326 5094 ret
344 5041 521 5114 Euthymium
541 5045 712 5115 Zigabenum
733 5047 760 5097 in
780 5044 920 5116 psalmos,
940 5061 1028 5116 neque
1081 5045 1222 5117 posuerit:
1243 5051 1271 5099 at
1289 5047 1398 5100 eosdem
1417 5048 1536 5119 aprimo
1549 5047 1629 5120 apice
1648 5047 1681 5101 ad
1701 5046 1829 5103 ultimum

284 5135 345 5200 ejus
356 5135 519 5204 prooemium
533 5149 643 5188 versare
653 5138 749 5205 posset
761 5135 826 5206 quin
837 5132 921 5206 plura
931 5150 965 5186 ex
975 5133 1030 5188 Hu-
1082 5135 1229 5190 Mancinus
1247 5140 1322 5191 recte
1341 5134 1456 5207 Origani
1469 5135 1592 5204 dederet,
1609 5136 1673 5190 reda
1693 5137 1837 5207 Hierony·

284 5222 360 5276 sebio
372 5227 483 5293 recepta
493 5222 661 5292 adverteret,
672 5225 785 5278 interim
797 5229 894 5277 nactus
906 5222 1029 5278 codicem
1082 5241 1136 5296 mo,
1156 5226 1205 5297 qui
1223 5224 1273 5280 hos
1292 5226 1402 5282 eosdem
1420 5227 1528 5282 auctori
1547 5223 1634 5281 latine
1651 5225 1813 5280 vindicavit.
