3966 6120
246 529 304 600 oro
544 472 546 476 ¹
780 525 933 596 coniers
953 521 1253 594 cannamomum

246 684 356 767 codice,
380 683 410 748 in
431 679 630 749 Pentateucho
651 681 851 764 lugdunensi,
873 681 903 746 in
924 682 1158 767 cantabrigiensi
1177 679 1358 762 Evangelio,
1380 679 1483 744 eadem
1504 675 1562 776 huc
1581 675 1712 742 conlecto
1732 693 1790 759 ag-

229 793 325 872 ,mine
338 801 526 870 concurrunt,
542 789 618 858 idern
633 789 781 875 alphabeti
797 789 948 872 tumuitus,
965 791 1041 857 idern
1058 793 1252 876 promiscuum
1269 789 1430 853 litterarum
1450 785 1666 864 commercium,
1687 785 1789 849 cadem

247 901 417 981 flexionum,
440 920 571 979 casuum,
591 901 742 966 modorum
764 902 914 982 conlusio,
935 903 1038 969 eadem
1059 902 1209 988 protervia
1229 916 1296 963 cum
1317 896 1444 980 singulis
1469 892 1724 979 praepositionibus
1744 891 1791 970 od,

247 1008 295 1090 ad,
319 1009 363 1090 dc,
386 1028 462 1088 com,
482 1009 544 1088 sod,
564 1029 650 1093 saper
670 1018 728 1075 etc.

286 1114 380 1180 ldulta
402 1113 521 1197 quidem
542 1114 676 1198 superius
698 1114 852 1196 praelibari
874 1115 1040 1200 hujusmodi
1061 1124 1248 1200 argumenta,
1269 1115 1334 1184 sive
1355 1115 1386 1182 in
1407 1113 1516 1182 notulis
1536 1113 1622 1180 Claui
1640 1111 1789 1198 subjectis,

246 1221 313 1287 sive
327 1222 358 1286 in
373 1222 521 1304 superiore
541 1221 673 1286 codicum
695 1221 934 1304 Lugdunensium
947 1221 1016 1286 crisi
1030 1232 1060 1288 ct
1074 1221 1199 1305 spilabo.
1217 1220 1328 1306 Spllabi
1345 1229 1445 1286 autcm
1460 1217 1628 1286 breuissimi
1648 1225 1793 1300 augustus

248 1325 463 1410 impeditosque
482 1345 603 1410 campus
617 1336 691 1407 erat,
708 1326 794 1392 crisis
813 1341 886 1391 nero
906 1323 1063 1407 multiplici
1084 1325 1218 1408 encmplo
1235 1327 1433 1392 confirmanda
1447 1335 1493 1394 est
1506 1335 1595 1410 atquc
1608 1322 1790 1391 renovanda.

289 1431 366 1496 Dum
386 1431 512 1515 primum
533 1448 549 1494 a
572 1431 672 1514 capite
692 1432 779 1516 hujus
797 1431 959 1497 uoluminis
979 1430 1097 1514 longam
1117 1433 1209 1498 totius
1229 1435 1329 1501 Clanis
1351 1446 1498 1502 tenturam
1518 1435 1656 1520 explicui,
1679 1435 1717 1499 ab
1737 1432 1792 1498 ini·

250 1538 289 1604 tio
310 1538 429 1622 quidem
451 1539 591 1603 subtilius
612 1548 642 1604 et
662 1539 805 1604 morosius
825 1538 917 1603 multa
939 1541 1069 1620 excussi,
1092 1541 1141 1606 nal
1162 1540 1298 1623 minima,
1321 1543 1429 1626 quibus
1450 1543 1558 1609 codicis
1580 1543 1669 1626 lacies
1689 1549 1794 1625 aperte

251 1643 457 1724 innotesceret;
480 1645 665 1728 postmodum
687 1663 770 1726 τετο,
793 1646 893 1728 inepta
914 1646 1119 1730 cacographiae
1145 1649 1316 1730 deterritus,
1340 1660 1472 1716 monstra
1493 1649 1702 1733 horridamque
1721 1647 1796 1712 stri-

250 1749 390 1832 bligincm
411 1752 448 1815 ab
469 1737 636 1817 uncialibus
650 1760 798 1835 receptam
819 1751 896 1817 ultro
916 1752 1044 1836 neglexi,
1067 1771 1164 1836 neque
1183 1753 1304 1821 adhibui
1326 1755 1554 1839 diligentissima
1576 1755 1705 1834 lastidia,
1727 1770 1795 1836 quac

251 1857 338 1921 modo
359 1856 497 1938 superari
514 1857 543 1922 in
557 1858 658 1926 codice
677 1857 872 1940 Eucheriano,
888 1867 999 1942 atquae
1014 1859 1092 1925 baud
1106 1861 1172 1928 sine
1191 1861 1337 1947 intrepida
1352 1863 1548 1931 obstinatione
1568 1861 1725 1930 lectoribus
1745 1860 1794 1927 τεΙ

254 1963 358 2030 inritis
377 1965 527 2049 proposui.

174 2085 178 2092 '
289 2075 373 2141 hdde
387 2076 476 2160 quod,
491 2077 607 2143 etiamsi
628 2075 853 2150 honestissimus
873 2078 1061 2146 bibliothecae
1076 2091 1185 2160 custos,
1199 2080 1382 2147 humanitate
1402 2095 1460 2164 qua
1481 2079 1523 2144 nil
1545 2093 1645 2162 supra,
1667 2076 1795 2153 utsolet,

250 2203 321 2250 usus
341 2195 397 2265 ast,
417 2205 454 2251 en
476 2187 585 2267 angulo
607 2195 705 2253 tamen
725 2205 779 2254 suo
799 2188 901 2268 eodan,
925 2206 962 2253 ne
982 2206 1043 2254 una
1064 2190 1184 2273 quidem
1203 2188 1263 2270 die,
1286 2190 1432 2255 remorari
1452 2186 1561 2269 potuit,
1576 2196 1612 2252 ut
1633 2184 1712 2251 dorni
1727 2201 1793 2267 ega,

252 2291 283 2355 in
305 2308 371 2357 raro
391 2293 452 2358 otio
474 2301 503 2358 et
522 2293 625 2374 libero,
648 2295 763 2377 singula
785 2297 1016 2378 introspicerem.

290 2397 375 2464 Nunc
389 2399 480 2482 igitur
493 2399 622 2484 vestigia
637 2401 734 2486 relego
748 2423 823 2486 mea,
840 2424 895 2470 nec
909 2406 968 2471 cito
981 2406 1056 2490 pede
1070 2408 1172 2492 spinas
1192 2379 1357 2492 vepresque
1379 2404 1527 2473 transilire
1547 2404 1663 2470 animus
1677 2413 1733 2472 est.
1752 2403 1797 2469 Tu

249 2524 321 2572 uero
336 2506 362 2571 si
376 2505 537 2586 horrueris,
549 2508 610 2591 jam
626 2508 712 2592 longa
727 2512 778 2576 via
794 2513 898 2594 lessus,
915 2515 998 2594 siste,
1015 2515 1122 2598 viator,
1139 2515 1205 2596 iter,
1223 2525 1389 2598 metamque
1403 2513 1456 2579 tibi
1471 2531 1574 2598 ponas,
1590 2529 1641 2595 per
1655 2529 1703 2576 me
1718 2510 1795 2576 lieet.

290 2612 388 2679 Codex
410 2615 666 2696 claromontanus,
689 2617 720 2681 in
751 2617 928 2686 bibliotheca
956 2621 1126 2686 barberinio
1153 2621 1313 2704 inscriptus
1340 2619 1391 2698 Xl,
1414 2620 1486 2696 1311,
1509 2619 1540 2682 11
1569 2615 1673 2682 minori
1707 2615 1797 2680 iorma

251 2728 367 2786 constat
381 2720 460 2786 loliis
476 2722 545 2803 11i,
568 2723 696 2805 signatis
717 2743 769 2807 per
789 2725 915 2808 paginas
935 2727 1005 2803 991,
1025 2744 1093 2810 quac
1113 2744 1215 2794 revera
1237 2734 1306 2791 sunt
1328 2725 1399 2804 919,
1415 2725 1452 2790 ob
1468 2731 1532 2789 octo
1547 2723 1674 2806 paginas
1695 2722 1798 2787 iterato

252 2845 374 2892 numero
388 2827 555 2912 inscriptas.
572 2829 789 2909 Quaternioues
812 2842 925 2898 tantum
948 2840 1007 2899 tres
1020 2833 1159 2900 ridentur
1179 2831 1285 2900 notarii
1301 2830 1406 2898 littaris
1420 2833 1456 2914 d,
1473 2831 1510 2912 0,
1529 2829 1564 2910 Ρ,
1580 2828 1697 2897 coetcris
1711 2829 1799 2894 omis·

252 2933 294 2999 sis
309 2935 432 3000 sortasse
452 2945 504 3000 aut
523 2953 588 3000 aero
610 2937 726 3001 excisis.

292 3042 426 3122 Qualuor
446 3054 499 3110 aut
519 3044 650 3129 quinque
670 3053 739 3112 sunt
759 3046 872 3111 librarii
894 3047 944 3114 nel
963 3049 1071 3131 notari,
1095 3049 1145 3134 qui
1167 3069 1286 3118 manum
1308 3049 1402 3117 codici
1424 3050 1629 3115 admoverunt.

294 3149 391 3215 Prima
412 3161 442 3216 et
463 3151 547 3234 quasi
570 3162 709 3235 perpetua
732 3171 836 3218 nnanus
856 3154 974 3219 ridetur
994 3156 1093 3221 saeculi
1114 3155 1150 3221 X.
1173 3157 1275 3223 ditcra
1297 3159 1357 3225 lere
1377 3157 1538 3241 coaequalis
1558 3156 1650 3222 multa
1672 3155 1720 3223 bic
1739 3154 1800 3221 illic

253 3257 438 3323 emendarit.
453 3258 551 3323 Tertia
562 3259 662 3324 saeculi
677 3259 717 3324 nl
732 3260 848 3327 titulum
858 3263 965 3348 adjecit
978 3265 1008 3328 in
1020 3265 1113 3349 primo
1124 3265 1204 3345 lolio,
1218 3274 1253 3331 ut
1265 3265 1349 3332 alteri
1363 3265 1471 3332 amisso
1485 3265 1582 3331 lorsan
1595 3262 1798 3348 suppleretur;

252 3365 355 3432 cadom
376 3366 406 3430 in
427 3367 521 3449 primo
541 3369 733 3451 quaternione
755 3369 894 3436 lormulas
916 3372 974 3436 lere
996 3391 1096 3438 omnes
1114 3373 1220 3439 leviter
1234 3371 1434 3456 interpolavit,
1451 3381 1485 3437 ut
1499 3370 1674 3437 Eucherium
1695 3368 1800 3434 imita-

253 3479 341 3551 retur;
367 3481 428 3539 tum
448 3472 597 3555 digamma
621 3475 742 3553 aliquod
758 3479 805 3556 (r)
822 3477 950 3560 praetixit
970 3479 1098 3564 singulis
1118 3481 1261 3562 formulis,
1283 3501 1408 3548 cuneum
1427 3500 1501 3548 nero
1521 3490 1574 3546 aut
1593 3480 1736 3564 angulum
1753 3477 1800 3558 (τ)

253 3578 380 3659 singulis
401 3579 460 3644 lere
480 3579 624 3645 dictiones
645 3583 810 3664 supposuit,
833 3594 866 3649 111
886 3605 921 3650 ea
937 3587 1184 3671 discernerentur,
1200 3607 1266 3674 quaa
1282 3595 1374 3674 prima
1389 3606 1503 3666 manus,
1523 3607 1604 3655 more
1624 3586 1798 3668 uncialium,

254 3683 451 3764 conglobatim
472 3685 622 3753 cumulare
642 3689 726 3754 solet.
750 3688 862 3768 Quarta
884 3704 935 3759 aut
955 3694 1058 3779 quinta
1080 3716 1185 3762 manus
1201 3707 1272 3764 sunt
1292 3697 1509 3776 recentissima,
1530 3715 1565 3762 ac
1584 3710 1799 3780 sepenumero,

254 3790 391 3873 resplctu
413 3791 452 3856 ud
473 3791 639 3874 vulgatam,
659 3804 791 3861 ueterem
812 3798 988 3884 scripturam
1009 3803 1108 3885 potius
1135 3812 1327 3887 corruperunt
1347 3823 1439 3890 quum
1464 3805 1706 3872 emendaverant.
1728 3801 1801 3868 Fata

254 3894 343 3960 libelli
364 3897 472 3962 selerne
492 3897 523 3961 in
544 3897 602 3963 alio
623 3899 685 3965 loco
703 3900 825 3984 juvabit

295 4001 444 4086 Scriptura
463 4021 536 4070 vcro
558 4005 706 4090 praecipua
728 4007 801 4072 satis
822 4007 988 4075 declaratur
1008 4029 1046 4077 ει
1066 4011 1181 4080 heliaca
1202 4015 1394 4084 similitudine
1411 4015 1479 4084 huic
1500 4027 1578 4084 tomo
1597 4015 1691 4096 allita,
1711 4024 1745 4083 ut
1763 4015 1801 4081 cb

254 4126 289 4175 ca
311 4109 502 4177 describenda
523 4113 740 4198 supersedeam.
761 4115 886 4183 Nolulac
905 4117 1046 4202 igiturex
1065 4122 1349 4199 ordinesuooedant.
1364 4127 1451 4192 simul
1466 4125 1577 4193 collatis
1597 4135 1628 4191 ct
1648 4124 1757 4191 codicis
1770 4133 1803 4190 ct

256 4217 355 4283 0111111
375 4236 461 4302 supra
485 4219 583 4286 editae
604 4222 732 4305 paginis.

291 4362 356 4418 (lod.
376 4381 405 4435 p.
428 4337 453 4415 l.
474 4363 593 4418 Omissis
605 4381 667 4436 quaa
682 4383 767 4438 supra
779 4371 911 4424 uelantur
928 4388 957 4442 p.
971 4369 1000 4439 6,
1091 4379 1156 4436 Cod.
1176 4398 1204 4452 p.
1224 4379 1251 4448 5,
1270 4381 1308 4436 io.
1328 4397 1356 4436 n.
1376 4381 1423 4450 38,
1437 4381 1603 4438 corumdem
1621 4397 1703 4440 mauu
1720 4379 1730 4434 l
1745 4397 1802 4438 nou

254 4457 391 4524 antiquis,
405 4456 496 4523 aperti
508 4457 562 4506 etc.
578 4472 606 4524 p.
619 4451 645 4525 7,
660 4471 688 4508 n.
702 4454 729 4526 6,
742 4455 769 4523 8,
779 4460 917 4526 propheta
930 4459 1002 4514 seri·
1055 4467 1152 4525 semel,
1163 4499 1199 4509 -
1209 4488 1237 4542 p.
1256 4468 1299 4539 10,
1313 4487 1341 4526 n.
1357 4467 1402 4539 13,
1419 4473 1563 4528 deseendit
1579 4488 1631 4544 pro
1644 4471 1800 4529 dssoendat.

254 4539 331 4594 bitur
345 4543 466 4611 prophe,
483 4543 547 4613 prio,
561 4543 606 4596 cui
620 4549 699 4597 ratus
717 4559 884 4616 manuspro
902 4563 1002 4620 super*
1091 4557 1157 4614 cod.
1178 4577 1206 4630 p.
1225 4558 1255 4629 d,
1274 4559 1336 4616 add.
1357 4561 1394 4614 ib.
1415 4562 1445 4616 in
1464 4561 1665 4618 titulossecun
1683 4578 1801 4619 earnem

255 4630 360 4700 9031111·
1055 4643 1107 4700 sic.
1125 4675 1162 4688 -
1180 4665 1207 4702 n.
1227 4646 1255 4715 4,
1273 4665 1327 4718 per
1351 4641 1474 4721 capillis.
1494 4679 1529 4691 -
1548 4668 1576 4704 n.
1595 4647 1624 4718 7,
1644 4655 1722 4706 vetus
1740 4666 1804 4705 cor-

290 4718 356 4774 θοὰ·
371 4737 399 4790 P·
412 4716 442 4788 2,
455 4719 517 4774 ⁰dd·
531 4738 560 4792 1)·
572 4719 602 4790 7.
616 4739 644 4777 ¹¹·
662 4719 706 4792 15,
725 4726 872 4799 scapulae,
890 4742 1001 4784 annana
1055 4741 1151 4792 rector
1169 4737 1276 4792 addidit
1287 4741 1316 4792 in
1329 4740 1457 4811 margine
1474 4741 1575 4812 1111111111
1586 4757 1660 4810 mea,
1674 4743 1702 4795 et
1713 4757 1742 4796 n.
1759 4737 1803 4808 10,

254 4809 354 4878 Prima.
1055 4829 1177 4896 capite...
1194 4831 1225 4884 111
1238 4829 1358 4884 barbam
1370 4830 1460 4885 barbo
1472 4845 1575 4886 aaron.
1589 4847 1666 4885 -n.
1683 4826 1805 4899 ll,tau··

289 4895 355 4952 Cod.
376 4916 403 4969 p.
425 4896 453 4967 3,
474 4898 533 4955 edd.
554 4901 592 4955 ib.
607 4917 635 4957 n.
653 4899 697 4973 17,
712 4908 792 4960 eicio.
806 4935 841 4948 -··
853 4906 913 4960 edd.
928 4925 958 4978 p.
972 4906 1001 4977 8,
1055 4915 1168 4970 scaettas.

256 5001 285 5040 n.
309 4983 352 5054 19,
372 4992 405 5042 iao
419 4991 593 5059 psalomons.
613 5021 648 5034 -··
667 5009 695 5047 n.
714 4992 759 5064 24,
779 4997 812 5050 in
830 4999 919 5052 micea
937 5000 1001 5052 ante
1093 5002 1158 5059 Cod.
1178 5023 1206 5077 p.
1225 5005 1254 5068 7,
1273 5006 1334 5061 edd.
1348 5023 1377 5078 p.
1396 5004 1440 5074 11,
1453 5023 1482 5062 n.
1500 5005 1543 5074 15,
1557 5007 1597 5062 ad
1609 5007 1751 5064 11111111...
1766 5007 1806 5064 ad

256 5078 378 5128 veterem
397 5093 471 5132 corna
490 5107 527 5120 —
545 5095 573 5134 n.
593 5077 640 5150 25,
661 5085 693 5136 111
710 5088 808 5154 genesi
825 5099 908 5139 manu
930 5082 953 5140 l.
1056 5089 1240 5144 1111111111.-
1254 5107 1281 5144 n.
1300 5088 1342 5159 lo,
1354 5097 1432 5146 retus
1446 5095 1474 5146 et
1491 5107 1577 5162 praes
1592 5093 1740 5162 correctio,
1753 5097 1803 5148 in·

292 5163 358 5220 Cod.
376 5182 405 5236 p.
420 5165 448 5236 4,
462 5167 522 5223 1110.
537 5186 565 5240 p.
579 5168 608 5238 9,
622 5186 650 5226 ιτ.
664 5168 710 5240 30,
725 5173 851 5230 diabolo.
864 5203 901 5216 —
914 5193 941 5231 n.
956 5171 1001 5244 82,
1056 5181 1182 5234 testisaa.

253 5253 377 5322 corigia.
1092 5266 1158 5323 cod.
1173 5285 1202 5340 p.
1215 5267 1244 5336 8,
1258 5265 1319 5325 edd.
1335 5269 1371 5324 ib.
1386 5285 1415 5325 n.
1435 5267 1482 5339 21,
1502 5273 1536 5327 111
1555 5271 1804 5328 111111111111101111
