4044 6098
299 520 358 585 nrt
977 513 1168 581 ORIGENES

345 667 386 739 ιε’.
411 673 480 738 Ἐπὶ
501 675 604 756 τούτῳ
622 673 682 738 άπὸ
698 671 863 763 προσώπου
881 675 975 734 αὐτοῦ
992 693 1050 734 κα·
1143 665 1462 732 {tinnientem
1482 685 1503 730 n
1522 666 1598 749 faeie
1616 668 1680 748 eim
1693 666 1850 742 torneiam

298 773 537 848 τασπουδοισθῶ·
550 782 747 870 κατανοήσω,
761 781 815 846 καί
827 777 1050 869 πτοηόήσομαι
1105 775 1301 856 considerato,
1324 781 1353 840 et
1370 775 1474 839 tinnio
1495 773 1532 839 οό
1553 793 1595 838 σο.

299 883 332 967 ἐξ
356 895 461 955 αὑτοῦ.
490 889 553 954 Vei.
577 891 645 969 7911,
668 892 699 953 2.

344 1001 412 1087 Οὐχ
427 998 579 1088 ἥμαρτον,
593 997 680 1087 φησί,
695 996 748 1060 καί
762 997 796 1060 τί
810 1005 922 1074 τοῦτο;
940 999 975 1060 oio
991 994 1050 1086 γάρ
1144 994 1209 1058 Non
1220 991 1349 1077 peccavi,
1364 991 1468 1075 inquit,
1478 991 1531 1056 sed
1541 991 1612 1075 quid
1622 1001 1668 1057 est
1678 990 1756 1056 irne‘i
1767 991 1853 1056 Haud

300 1103 392 1195 μόνον
417 1106 477 1170 ἀπὸ
501 1117 559 1182 τῆς
574 1117 637 1170 τῶν
655 1104 890 1195 ἁμαρτημάτων
915 1097 1051 1182 ἐξουσίας
1104 1100 1182 1166 enim
1203 1102 1358 1166 dumtaxat
1378 1097 1615 1184 permittentibus
1634 1097 1771 1182 pecentiS,
1790 1094 1853 1161 Deo

300 1205 403 1290 ἔξεστι
418 1207 561 1292 κολάζειν
579 1219 659 1295 Θεῷ,
677 1210 759 1276 ἀλλά
781 1212 943 1276 καὶτοῦτο
958 1208 1051 1298 χωρὶς
1105 1209 1175 1274 licet
1195 1209 1356 1290 castigare,
1379 1208 1431 1274 sed
1451 1210 1541 1274 eliam
1562 1207 1617 1273 hoc
1637 1207 1718 1287 dien,
1742 1206 1853 1288 absque

283 1322 286 1331 '
300 1317 537 1409 ἁμαρτημάτων
560 1319 651 1411 λέγω.
1105 1327 1288 1402 peccatorum
1302 1325 1447 1400 respectu.

346 1420 392 1504 ιζ’.
406 1431 450 1491 Oi
463 1425 523 1518 γάρ
535 1418 621 1511 ᾔδειν
635 1427 684 1490 ὅτι
701 1425 903 1490 ἐπελεύσεται
916 1447 968 1513 μοι
982 1419 1052 1485 σκό-
1144 1422 1219 1488 lbid.
1242 1442 1273 1488 v.
1298 1423 1346 1487 l'l.
1370 1423 1439 1490 Non
1458 1425 1532 1488 enim
1552 1441 1684 1488 nocerem
1705 1423 1782 1504 qnod
1800 1439 1855 1484 en-

300 1555 363 1609 τος,
380 1532 438 1622 πρό
454 1531 619 1623 προσώπου
637 1523 670 1597 δέ
688 1556 746 1623 μου
763 1527 914 1618 ἐκάλυψεν
930 1528 1050 1620 γνόφοςΙ
1105 1531 1262 1613 pervenient
1271 1530 1344 1594 mitt
1356 1529 1492 1609 tenebrae,
1505 1530 1556 1594 sed
1566 1536 1632 1595 nnn
1645 1528 1750 1613 sociem
1759 1542 1853 1590 ntentn

304 1638 368 1703 Vnt.
393 1639 433 1702 ib.
1105 1637 1216 1720 operuit
1233 1636 1339 1719 eolipo.

345 1749 389 1810 on
413 1745 484 1809 κατ’
510 1745 694 1811 ἀκολουθίαν
727 1743 918 1837 ἀνθρωπίνην
941 1742 1052 1836 γέγονε
1074 1739 1078 1748 ’
1145 1745 1210 1810 Non
1221 1745 1300 1810 enim
1315 1745 1442 1810 humano
1457 1763 1547 1825 more,
1564 1745 1669 1829 inquit,
1682 1742 1790 1810 annidil
1800 1741 1855 1806 Iloe

301 1862 407 1932 τοῦτο,
423 1851 527 1945 φησὶν,
546 1846 782 1944 ἀπροσδόκητον
799 1857 836 1919 το
853 1853 959 1918 κακόν·
977 1875 1053 1916 στο-
1106 1851 1219 1918 malum
1239 1851 1483 1934 inexspectatum.
1500 1851 1639 1935 Suspicor
1660 1869 1677 1915 a
1697 1849 1752 1916 Dei
1766 1865 1854 1914 menn

302 1957 441 2052 χάζομαι
453 1973 510 2040 τῆς
522 1972 579 2027 τοῦ
595 1969 675 2027 Θεοῦ
687 1963 788 2053 χειρός
806 1957 882 2028 εἶναι
897 1961 956 2033 τὴν
969 1965 1053 2032 πλη·
1108 1959 1225 2043 pingam
1247 1958 1358 2022 illatam
1378 1977 1452 2024 esse.
1468 1959 1559 2024 Recte
1578 1959 1658 2023 enim
1678 1956 1763 2022 dicit:
1784 1955 1856 2018 Ante

302 2069 372 2160 γήι.
389 2067 450 2130 Καὶ
464 2072 566 2144 καλῶς
583 2062 658 2146 εἷπε,
675 2069 733 2159 πρὸ
753 2067 916 2159 προσώπου
934 2090 1002 2155 μου·
1019 2069 1053 2130 οὐ
1106 2066 1212 2147 sotem
1232 2085 1337 2144 mecm,
1359 2084 1416 2131 non
1436 2065 1514 2130 enim
1534 2081 1703 2130 communes
1726 2063 1854 2128 tenebrae

303 2174 363 2267 γάρ
387 2173 487 2238 κοινόν
503 2175 540 2238 τό
559 2175 668 2251 σκότος
684 2174 778 2263 ἐστίν,
797 2173 879 2240 άλλά
901 2185 959 2250 τῆς
978 2174 1054 2262 ἐμῆς
1107 2185 1189 2256 sunt,
1211 2174 1264 2239 sed
1287 2174 1412 2239 tristitie
1432 2176 1489 2239 mei
1510 2172 1603 2254 ipsius
1624 2169 1762 2256 propriae.

304 2281 442 2374 ἀθυμίας.
1520 2325 1539 2358 ,

348 2393 422 2480 Κεφ.
448 2390 519 2467 ΚΔ’,
545 2387 593 2481 ιγ’.
617 2390 716 2466 Αὐτός
745 2381 778 2454 δὲ
802 2381 853 2456 tet
879 2392 912 2453 τί
934 2388 1053 2452 τοότων
1148 2392 1223 2475 Cap.
1245 2390 1347 2468 XXIII,
1371 2390 1420 2454 13.
1444 2388 1512 2472 Ipse
1527 2387 1795 2453 antemenriorntn
1814 2386 1857 2448 in·

302 2494 476 2571 ἐπισκοπὴν
493 2502 528 2562 οὐ
543 2498 724 2575 πεποίηται;
748 2497 798 2562 ἐπί
813 2509 871 2590 γῆς
887 2498 985 2561 όντων
1002 2499 1056 2559 αὺ-
1108 2503 1274 2584 spectionem
1294 2518 1350 2563 non
1370 2500 1450 2582 sccii,
1464 2515 1550 2581 qnnm
1562 2515 1648 2579 snper
1669 2503 1776 2560 terrem
1796 2494 1857 2577 ipsi

303 2611 378 2696 eiii,
395 2603 448 2667 καί
471 2608 527 2667 οὐκ
549 2603 735 2695 ἐπέγνωσαν.
758 2599 819 2664 Vnt.
843 2601 913 2676 191,
936 2602 965 2662 1.
1108 2616 1208 2686 essent,
1229 2613 1256 2671 et
1274 2626 1330 2671 ηοη
1350 2609 1550 2690 amoverunt?

347 2712 516 2778 Τουτέστιν
529 2712 653 2778 πάντων
667 2708 915 2800 κατεφρόνησαν)
928 2707 1053 2773 πάντων
1148 2716 1183 2782 Id
1202 2725 1257 2794 est,
1280 2715 1377 2780 omnia
1397 2720 1655 2796 contempserunt,
1678 2709 1775 2777 omnia
1796 2711 1855 2775 na-

304 2819 530 2911 κκτεγέλκσκν·
547 2810 644 2893 oeten
661 2815 772 2891 αὐτοὺς
790 2805 899 2891 ἀδικεῖ,
913 2805 984 2879 οὑδὲ
999 2839 1056 2878 κκ·
1109 2826 1234 2890 buerunt
1245 2823 1382 2903 ludibrio,
1395 2831 1524 2887 attamen
1535 2837 1623 2886 nemo
1634 2837 1683 2885 eos
1694 2820 1855 2896 mulctavit,

197 2999 203 3016 ,
304 2936 364 3001 κῶς
394 2936 483 2990 ποιεῖ’
507 2924 599 2999 κῦτος
624 2915 657 2988 δὲ
681 2925 764 2986 οιίπιι
795 2919 967 2994 ἐπισκοπὴν
998 2944 1055 2985 πε·
1108 2949 1195 2996 nemo
1210 2933 1284 2996 male
1298 2930 1409 2994 habuit.
1427 2929 1616 2994 Dementem
1631 2927 1694 3011 ipse
1708 2945 1857 3010 nunquam

304 3035 436 3106 ποίηται
450 3031 583 3122 τούτων,
601 3031 683 3094 ὥστε
699 3029 822 3101 coinon
837 3028 918 3117 μετὰ
940 3039 1054 3114 ταῦτα,
1109 3039 1309 3104 λοείιοιυῑιιω
1322 3037 1476 3104 visitavit:
1493 3036 1533 3102 ite
1549 3046 1615 3120 post
1629 3035 1692 3101 hec
1713 3036 1852 3114 facinore,

305 3142 358 3207 κκὶ
384 3135 524 3219 ἐξετάσει
547 3137 590 3202 τοὶ
612 3136 908 3226 πεπλημμελημένοι
939 3141 1054 3215 αὐτοῖς,
1109 3146 1227 3211 tandem
1249 3146 1313 3229 ipse
1334 3145 1431 3224 leniet,
1452 3153 1483 3208 ct
1504 3142 1632 3226 inquiret
1652 3160 1718 3225 quae
1738 3141 1775 3204 eli
1794 3139 1855 3203 illis

305 3251 359 3315 καὶ
382 3253 416 3314 οὐ
431 3245 614 3341 παρόψεται
631 3243 860 3334 ἐπιθυμητικῶς
876 3244 1054 3336 κοιτέφκγον
1108 3257 1262 3318 commissa
1283 3263 1363 3331 sunt,
1380 3269 1474 3336 neque
1494 3249 1603 3316 intueri
1624 3249 1776 3329 negliget:
1793 3248 1856 3313 vio-

305 3355 461 3451 ὸρρανσός.
1108 3360 1202 3425 lenter
1223 3357 1416 3424 comedebant
1435 3356 1590 3439 orphanos.

351 3454 398 3528 ιδ’.
420 3460 512 3536 Γνοὺς
536 3451 569 3524 δὲ
593 3463 695 3524 aneni
711 3457 753 3523 τοί
769 3459 854 3550 ἔργα,
876 3451 1054 3547 ποιοίδιικτι
1149 3469 1225 3534 lbid.
1241 3487 1273 3532 v.
1291 3467 1340 3531 11.
1358 3468 1398 3531 It
1410 3468 1457 3550 qni
1472 3466 1550 3530 nooit
1568 3483 1666 3530 eornm
1681 3482 1781 3548 open,
1797 3470 1858 3528 tro-

304 3567 415 3644 αὐτοὺς
440 3572 480 3643 εἰς
506 3567 625 3644 σκότος.
657 3565 716 3630 Vel.
742 3566 784 3629 ib.
1109 3576 1184 3640 didit
1201 3594 1249 3639 eet
1269 3575 1299 3637 in
1317 3572 1456 3636 tenebras.

349 3675 536 3762 Τουτέετιν,
561 3675 667 3766 μαθὼν
690 3674 733 3740 τὰ
755 3675 845 3769 ἔργα,
870 3676 889 3748 l
915 3676 964 3738 ὅτι
987 3667 1055 3752 tie·
1148 3680 1180 3744 ld
1201 3689 1256 3759 est,
1273 3679 1351 3744 haud
1368 3679 1508 3760 ignorans
1521 3695 1620 3760 opere,
1637 3686 1738 3759 utpote
1752 3675 1802 3758 qui
1818 3692 1853 3742 co

304 3781 402 3858 τάσοις
418 3781 471 3846 κιιὶ
488 3781 667 3871 paeantem,
683 3782 831 3846 τουτέστι
846 3779 944 3875 γνούς.
1108 3787 1280 3872 expenderit
1292 3795 1321 3852 et
1341 3784 1542 3866 castigaverit,
1559 3783 1614 3848 loc
1627 3793 1671 3849 est
1690 3783 1740 3867 qui
1757 3783 1853 3848 novit.

348 3895 423 3980 Κεφ.
436 3889 506 3968 ttz',
521 3881 557 3954 δ’.
574 3880 688 3965 Οόδέή
707 3887 790 3979 ψυχή
809 3914 868 3980 μου
886 3890 1055 3980 μελετήσει
1149 3899 1221 3979 Cap.
1244 3893 1366 3973 XXVII,
1390 3893 1418 3957 I.
1441 3891 1541 3975 Νιφιισ
1561 3891 1659 3956 anima
1679 3909 1743 3955 men
1762 3891 1855 3955 medi-

305 3989 408 4064 ἄδικοι.
442 3994 499 4060 Vol.
525 3994 564 4058 ib.
1109 4001 1215 4066 toilite
1236 4001 1358 4084 injecto.

349 4105 518 4171 Τουτέστιν
541 4106 592 4172 ἐπὶ
613 4117 671 4182 τῆς
695 4111 792 4182 αὐτῆς
812 4107 970 4196 στήσομαι
994 4104 1055 4195 φή-
1148 4108 1181 4172 ld
1195 4117 1258 4172 est:
1281 4109 1312 4170 in
1325 4107 1455 4190 ejusdem
1471 4105 1627 4170 sentenliae
1640 4104 1780 4188 suffragio
1794 4124 1856 4170 mtt-

304 4237 372 4304 φου,
385 4205 482 4290 οὐδείς
497 4240 536 4304 με
552 4213 745 4307 παρατρέψαι
758 4207 935 4294 δυνήσεται,
954 4208 1052 4292 οὐδεὶς
1072 4271 1078 4280 ,
1109 4215 1195 4295 nebo,
1211 4236 1294 4282 nemo
1308 4235 1355 4282 me
1373 4215 1479 4298 poterit
1492 4222 1671 4300 pervertere,
1688 4233 1774 4280 nemo
1789 4233 1856 4297 per·

304 4324 487 4412 εἰσκροῦσαι,
510 4313 608 4400 οὓδείς
631 4335 825 4417 παραγαγεῖν
848 4334 905 4389 τοῦ
929 4347 1054 4414 προκει-
1107 4326 1240 4407 suadere,
1263 4344 1349 4390 nemo
1369 4323 1512 4388 abducere
1532 4341 1567 4388 ex
1591 4323 1750 4406 proposito.

304 4451 405 4517 μενου.

350 4533 383 4600 ε’.
409 4537 457 4611 Μή
486 4561 537 4626 μοι
562 4539 608 4610 εἴη
636 4529 771 4615 δικαίους
792 4544 871 4630 ὑμᾶς
896 4543 1054 4630 ἀποφῆναι
1148 4539 1224 4605 lbid.
1249 4560 1279 4605 v.
1303 4541 1332 4604 5.
1350 4540 1434 4604 loen
1452 4557 1471 4602 ο
1490 4557 1534 4602 me
1549 4541 1710 4622 jcntosooc
1729 4556 1856 4621 prontin-

339 4773 362 4808 υ.
384 4751 507 4809 l5.1bid.
523 4752 542 4810 f.
560 4752 619 4806 147.
642 4756 785 4807 --τούτων
805 4755 870 4810 vat.
1108 4777 1134 4813 v.
1154 4757 1181 4825 4,
1200 4757 1218 4812 5
1237 4758 1339 4830 partim
1358 4757 1487 4814 Gemiioi.
1508 4758 1707 4830 Chryeeetomo
1729 4755 1807 4809 dedii
1825 4773 1853 4827 p.

338 4864 366 4916 e,
382 4841 424 4896 17.
440 4844 508 4901 11ι1ι1.
523 4844 543 4900 f.
561 4843 620 4900 148.
634 4875 669 4886 --
683 4845 792 4902 Similia
805 4845 903 4900 innius
917 4845 1053 4918 Chryses-
1107 4846 1171 4915 381,
1180 4849 1282 4920 partlm
1293 4846 1470 4903 reluditlun.
1483 4847 1572 4919 p.418
1583 4849 1611 4901 in
1623 4846 1744 4918 glossam
1756 4845 1853 4919 Olym·

303 4941 377 4990 tomo
397 4935 496 4990 tribuit
514 4953 541 5006 p.
562 4933 626 5003 394,
646 4935 714 4990 duee
736 4933 870 4989 eomitolo
889 4953 917 5006 p.
937 4935 1000 4989 362.
1106 4940 1181 5011 pind.
1202 4955 1233 4994 ec
1252 4939 1323 5009 legit
1341 4941 1481 5011 ἐκκροῦσαι,
1504 4943 1655 5013 ἐπαγαγεῖν.
1677 4969 1710 4980 -·
1729 4937 1854 4992 Alterum

342 5026 408 5094 cap.
421 5025 532 5090 XXIV,
547 5021 589 5093 13,
603 5021 645 5076 14.
661 5024 725 5078 Vnt.
740 5039 759 5078 11
773 5022 794 5076 1.
812 5021 872 5076 148.
886 5053 921 5066 -
934 5023 963 5076 In
978 5043 1003 5078 ν.
1021 5023 1053 5077 13
1106 5027 1233 5083 scholion
1253 5029 1353 5082 ibidem
1367 5035 1419 5096 est,
1434 5029 1505 5084 haud
1523 5032 1583 5084 elne
1597 5028 1706 5084 lacunis
1719 5032 1746 5084 et
1764 5027 1855 5082 inter-

303 5113 366 5167 λίπε.
389 5114 509 5180 ἐποίησιν,
530 5113 558 5164 ln
578 5111 640 5166 Ioco
658 5111 830 5183 perturbato.
1106 5115 1268 5188 pollatione,

343 5203 410 5274 υσρ.
431 5198 782 5268 incontinenter.
802 5197 1004 5258 158.Scholi0n
1025 5201 1052 5256 ιι
