3978 6086
283 505 341 578 111
510 537 512 541 ·
843 501 1013 578 SANCTUS
1033 502 1268 576 HIPPOLYTUS

306 653 369 730 'la
389 663 428 730 lit
447 663 505 730 alia
527 660 761 748 praetermittam,
784 663 885 748 cyrilli
907 665 1028 730 omnino
1048 673 1094 729 est
1114 661 1341 730 commentarius
1363 659 1394 726 iu
1414 658 1523 728 Genes.
1546 653 1646 741 xutrt,
1670 655 1722 740 16,
1743 675 1829 745 quem

286 773 394 856 legesis
409 771 439 840 in
461 772 628 856 Gloplryris,
644 771 699 837 col.
717 772 827 853 3811),
844 772 1030 854 integriorem
1044 780 1075 836 et
1087 770 1244 848 saniorem,
1258 786 1348 853 quum
1362 766 1505 832 habeatur
1519 779 1647 862 φρονεῖν,
1670 766 1721 832 ubi
1739 767 1833 832 editor

284 881 438 966 Hippolyti
459 893 578 974 φωνεῖν,
600 879 677 945 aiiii
694 899 790 944 rerum
810 879 983 946 caducorum
1002 881 1137 962 crepent?
1157 877 1207 943 Sic
1227 875 1395 942 Fabricius!

325 989 414 1056 Haud
433 989 592 1056 deterritus
611 989 718 1072 exiguo
739 989 787 1053 illo
810 989 906 1056 lructu
925 987 1007 1072 longi
1027 987 1136 1054 laboris
1156 1005 1209 1072 per
1230 986 1387 1052 immensas
1403 984 1434 1049 in
1450 983 1683 1050 Pentateucbum
1703 991 1835 1065 catenas,

285 1097 415 1182 vestigia
436 1098 509 1166 Haii
522 1098 654 1181 relegere
667 1097 801 1182 perrexi:
817 1097 943 1164 arduum
957 1114 1073 1180 semper
1086 1113 1173 1178 opus,
1189 1111 1281 1177 quum
1295 1091 1467 1160 indefessus
1481 1091 1531 1156 ille
1542 1109 1643 1157 rerum
1656 1091 1837 1176 sepultamm

288 1204 390 1288 lossor,
414 1205 444 1272 in
465 1204 624 1271 solitudine
644 1223 698 1270 sua
718 1204 811 1285 lerox,
833 1213 866 1269 ut
887 1203 944 1284 len,
967 1202 1071 1268 nullibi
1092 1201 1195 1285 pedem
1216 1200 1356 1284 posuerit,
1370 1200 1441 1285 quin
1460 1199 1587 1284 superba
1601 1200 1730 1282 quadam
1750 1210 1781 1268 et
1795 1201 1839 1266 in·

287 1311 404 1376 ridiosa
424 1311 528 1393 cauda,
545 1319 586 1390 ὡς
601 1313 673 1389 ἔπος
691 1317 796 1399 εἰπεῖν,
811 1309 937 1393 uestigia
953 1327 1143 1392 quacumque
1157 1325 1232 1390 pone
1251 1323 1283 1370 se
1297 1305 1424 1373 aboleat.
1440 1305 1534 1371 lncidi
1549 1314 1647 1372 tamen
1667 1306 1699 1371 in
1719 1306 1838 1374 Vatica-

285 1438 357 1484 num
368 1419 459 1502 18111,
472 1419 503 1483 in
517 1436 575 1503 quo
589 1439 625 1484 ex
638 1418 741 1484 ordine
754 1418 870 1502 repperi
881 1415 988 1486 xxutl
999 1416 1062 1482 loca
1072 1414 1302 1482 Proverbiomnr
1316 1413 1354 1478 ab
1368 1413 1530 1499 Hippolyto
1543 1416 1687 1498 exposita.
1702 1413 1838 1498 Diligens

287 1526 477 1610 Procopianae
497 1526 577 1592 illius
597 1535 712 1592 catenae
731 1525 856 1609 scriptor
876 1524 914 1588 ab
935 1542 995 1591 uno
1015 1523 1053 1590 ad
1074 1522 1200 1588 allorum
1221 1522 1409 1604 interpretem
1430 1519 1555 1586 transire
1575 1538 1635 1586 nou
1656 1520 1740 1601 solet,
1763 1521 1836 1603 quin

289 1652 399 1702 norum
417 1653 526 1703 nomen
547 1634 684 1700 adducat.
707 1633 792 1698 Unde
812 1633 941 1717 suspicio
962 1651 1020 1696 nnn
1039 1632 1125 1698 deest
1140 1631 1230 1696 etiam
1243 1629 1395 1714 Hippolyti
1409 1645 1475 1694 csse
1489 1627 1572 1710 plura
1585 1645 1654 1712 qum
1668 1630 1764 1698 Huius
1785 1648 1836 1695 ne-

290 1742 399 1824 glexit,
422 1742 487 1810 siue
507 1743 544 1807 ob
566 1741 683 1824 majoris
704 1738 949 1824 interpunctionis
974 1739 1109 1822 signum,
1130 1738 1196 1803 siue
1215 1738 1253 1803 ob
1279 1756 1390 1804 novum
1417 1736 1613 1818 versiculum,
1637 1747 1671 1802 ιιι
1698 1738 1833 1804 notabam

291 1848 344 1913 lol.
360 1851 413 1930 m,
429 1850 480 1931 ab,
497 1849 545 1931 38,
563 1850 611 1927 lb,
626 1850 676 1931 bd,
692 1849 742 1929 bo,
758 1848 911 1928 111111,
927 1865 1050 1930 quemn
1061 1855 1188 1931 quatuor
1197 1854 1311 1910 tantum
1321 1843 1400 1910 baud
1412 1845 1454 1908 ita
1465 1843 1593 1910 conlisus
1603 1843 1712 1928 recepi,
1722 1855 1756 1910 ιιι
1770 1844 1836 1908 aliis

290 1955 439 2022 curiosum
461 1956 585 2020 lortasse
602 1959 732 2020 animum
754 1953 889 2020 excitem.
912 1952 1000 2019 Plura
1021 1953 1147 2034 removi,
1162 1971 1201 2017 ne
1218 1950 1377 2034 perieulum
1398 1950 1509 2018 obirem
1530 1949 1697 2017 audacioris
1716 1951 1754 2016 de
1773 1951 1837 2016 bla-

289 2062 410 2145 gistris,
432 2062 482 2147 qui
508 2062 603 2148 plenis
629 2062 814 2146 amplexibus
841 2061 993 2128 innumera
1014 2060 1148 2143 collegit,
1168 2068 1202 2126 ut
1222 2060 1252 2123 in
1277 2057 1429 2140 Psalmos,
1451 2075 1519 2142 quae
1543 2076 1695 2142 nunquam
1716 2056 1835 2122 ridetur

290 2170 453 2237 somniasse
471 2168 659 2255 Hippolytus.

330 2277 437 2343 Pedem
457 2277 576 2345 omnino
597 2277 774 2358 retulissem,
796 2276 854 2342 nisi
873 2294 922 2342 me
941 2274 1061 2341 Armeni
1083 2274 1257 2359 interpretes
1279 2272 1464 2338 reduxissent
1484 2273 1522 2338 ad
1542 2272 1693 2340 Danielem
1716 2273 1839 2341 inresti-

289 2383 439 2467 gandum:
460 2392 490 2452 et
503 2402 571 2450 ecce
585 2384 687 2450 faustis
700 2384 808 2450 aribus
824 2383 924 2468 appuli
940 2382 979 2448 ad
993 2383 1108 2448 codices
1122 2363 1258 2464 ingentes
1271 2389 1302 2447 et
1323 2381 1507 2466 splendidos,
1521 2381 1737 2464 Prophetarum
1759 2401 1839 2448 conr-

291 2489 446 2556 montariis
465 2498 666 2571 consecratos,
689 2509 811 2574 quorum
831 2490 884 2558 rix
905 2492 978 2573 alios
998 2490 1089 2556 habet
1108 2489 1207 2574 opima
1229 2491 1371 2558 Vaticana
1392 2498 1423 2554 et
1441 2489 1518 2556 mole
1538 2498 1569 2556 et
1590 2508 1679 2572 opere
1699 2499 1730 2556 et
1756 2491 1842 2574 copia

291 2615 389 2662 rerum
408 2604 440 2662 et
458 2597 549 2663 etiam
570 2596 748 2680 picturarum
769 2599 923 2682 majestate
943 2597 1173 2681 praestantiores.
1190 2597 1353 2663 Atlanticos
1369 2597 1476 2663 alicubi
1498 2617 1548 2663 eos
1568 2608 1655 2664 vocat
1667 2597 1777 2679 Heius,
1791 2599 1841 2683 qui

291 2703 379 2788 pleno
399 2703 506 2770 haustu
527 2712 621 2771 totum
634 2705 703 2774 inde
723 2723 807 2774 suurn
827 2704 981 2776 Danielem
1000 2706 1126 2790 excepit.
1150 2705 1208 2773 Sed
1229 2705 1325 2787 ipsum
1345 2706 1463 2772 omnino
1484 2706 1597 2790 tugtssa
1617 2705 1736 2774 ridetur
1762 2708 1842 2791 quod

293 2810 367 2876 mihi
389 2830 424 2888 ac
444 2811 573 2896 primum
585 2812 724 2893 occurrit,
741 2832 837 2879 norus
851 2813 931 2878 locus
945 2813 1037 2896 ignoti
1052 2812 1253 2880 commentarii
1268 2812 1298 2877 in
1311 2812 1479 2895 Jeremiam,
1495 2812 1598 2898 inquo
1612 2830 1692 2890 more
1707 2807 1841 2882 ueterum

294 2915 499 3000 Pbysioorum,
523 2919 649 3003 perdicis
669 2918 766 2986 labula
787 2921 937 3004 eleganter
959 2921 1139 3006 depingitur.

334 3024 409 3090 Tum
430 3025 460 3090 in
480 3025 541 3092 solo
563 3027 658 3094 ilatio.
682 3026 760 3092 ilbi
781 3026 911 3113 quinque
931 3048 1019 3112 supar
1039 3027 1254 3113 quinquaginta
1275 3028 1338 3094 loca
1359 3029 1427 3093 mibi
1443 3048 1480 3095 ex
1493 3028 1598 3094 ordine
1617 3030 1839 3113 succurrebant,

295 3149 420 3218 quorum
440 3130 525 3217 plura
546 3133 642 3202 llaius
662 3133 740 3200 sicco
761 3134 838 3219 pede
857 3134 1027 3217 transilivit,
1043 3154 1081 3201 ne
1101 3145 1168 3201 acta
1181 3143 1283 3218 ageret
1296 3144 1364 3218 post
1378 3135 1544 3202 Simeonem
1558 3135 1595 3201 de
1609 3136 1773 3221 Magistris,
1788 3139 1839 3223 qui

296 3249 434 3311 caeterum
445 3240 528 3325 plum
541 3259 599 3308 non
610 3243 766 3311 temnenda
781 3243 819 3308 ab
833 3243 938 3310 eximio
953 3242 1053 3310 codiee
1067 3242 1206 3310 chisiano
1220 3241 1376 3326 decerpsit.
1392 3241 1450 3308 Sed
1461 3256 1614 3310 monuerat
1624 3261 1670 3309 me
1680 3243 1727 3311 rir
1737 3243 1843 3310 doctus

295 3345 387 3412 Gottl.
411 3347 524 3430 Haenel,
541 3349 562 3432 ¹)
586 3349 624 3416 de
644 3360 768 3434 utroque
781 3352 992 3418 commentario
1006 3351 1183 3418 sententiam
1197 3351 1295 3418 lerens
1308 3347 1390 3417 hisce
1403 3349 1503 3416 uerbis
1525 3359 1662 3416 accurate
1675 3351 1842 3434 expenden-

294 3450 357 3520 dis:
370 3477 385 3514 ι
399 3454 474 3536 Qua
488 3473 553 3522 cum
568 3455 609 3522 ita
621 3454 692 3536 sint,
708 3456 773 3523 luce
787 3457 894 3524 clarius
907 3469 964 3539 est,
980 3469 1138 3542 utrumque
1151 3458 1346 3541 fragmentum
1360 3458 1523 3524 conlectum
1536 3477 1603 3526 osse
1615 3459 1654 3524 ab
1668 3460 1839 3544 Hippolyto,

293 3578 385 3642 quum
405 3559 529 3630 Photius
549 3563 655 3630 relemt
675 3563 814 3632 Nostrum
833 3585 894 3634 non
915 3567 1006 3632 rerba
1025 3565 1154 3648 singula,
1174 3565 1228 3632 sed
1248 3563 1459 3630 sententiarum
1480 3583 1587 3630 nexum
1605 3573 1695 3649 atque
1713 3575 1843 3632 tenorem

294 3667 472 3752 explicasse,
494 3669 599 3754 opinor
619 3671 760 3754 codicem,
783 3692 869 3757 quen
891 3674 1020 3756 Angelos
1042 3673 1139 3740 blaius
1158 3671 1250 3756 legit,
1274 3670 1420 3754 integrum
1446 3679 1535 3754 atque
1563 3669 1722 3754 perlectum
1746 3672 1842 3737 nostri

294 3775 535 3842 commentarium
548 3780 580 3842 io
595 3779 744 3846 bombo
758 3780 920 3850 continere.
937 3780 1040 3866 ltaque
1056 3780 1173 3846 maximi
1195 3780 1335 3860 momenti
1355 3790 1442 3862 esset,
1465 3779 1489 3846 si
1504 3779 1557 3848 ille
1570 3778 1619 3846 rir
1635 3779 1845 3850 celeberrimus

294 3882 473 3969 publicasset
493 3894 588 3952 totum
608 3889 779 3957 codicem.»

334 3990 388 4056 cui
408 3993 531 4060 urbana
550 4011 585 4059 ao
604 3995 718 4064 liberali
739 3997 965 4081 expostulationi
986 3999 1092 4066 surdas
1111 4015 1198 4069 aures
1209 3996 1346 4081 prebuit
1365 3995 1498 4078 angelos
1518 4007 1629 4080 noster,
1651 4016 1741 4081 quum
1762 4015 1842 4064 more

296 4106 477 4178 catenamm,
497 4100 588 4168 codex
609 4103 774 4170 Vaticanus
793 4123 852 4171 non
873 4103 996 4172 baberet
1014 4105 1163 4189 integrum
1183 4122 1289 4188 corpus
1308 4105 1519 4186 commentarii,
1542 4105 1595 4172 sed
1614 4103 1760 4190 disoupta
1779 4107 1845 4189 eius

298 4205 447 4288 membra;
469 4226 567 4274 meum
588 4219 685 4276 tamen
704 4230 769 4278 esse
789 4213 872 4295 duxi,
896 4214 1059 4281 Simeonem
1080 4215 1118 4281 de
1138 4213 1299 4297 Hagistris,
1312 4213 1362 4279 ubi
1382 4214 1463 4280 solus
1484 4215 1578 4295 adest,
1594 4214 1695 4282 sedulo
1712 4215 1843 4282 oonlerre

297 4334 364 4382 curn
385 4313 538 4384 Vaticanis
558 4318 711 4402 subsidiis,
735 4339 770 4386 ac
791 4321 874 4405 plura
894 4323 1051 4390 restituere
1071 4341 1139 4408 que
1160 4321 1237 4388 idern
1258 4319 1362 4388 mutila
1381 4320 1481 4403 dedit;
1504 4319 1588 4405 plura
1613 4321 1702 4388 etiarn
1721 4321 1843 4405 addere,

299 4439 366 4507 quae
380 4432 534 4507 utmmque
547 4424 710 4494 Humanum
725 4429 874 4508 lugemnt.
891 4429 966 4496 Sunt
978 4429 1057 4496 enim
1073 4430 1148 4498 inter
1162 4430 1318 4498 Vaticanus
1330 4428 1389 4494 duo
1401 4428 1452 4492 alii
1466 4428 1592 4510 codices,
1608 4427 1713 4498 bum‘di
1727 4429 1841 4510 cbarta,

297 4533 406 4598 recenti
421 4533 578 4617 scriptura,
593 4535 646 4602 sed
661 4546 713 4602 aut
727 4536 816 4603 nobili
832 4537 944 4605 exarati
954 4555 1044 4604 manu
1057 4538 1164 4605 summi
1175 4537 1233 4604 riri
1248 4537 1359 4617 Sirleti,
1370 4535 1453 4619 cujus
1466 4553 1566 4600 omnes
1580 4536 1849 4621 paginas‚quoties

296 4637 368 4704 mibi
393 4651 564 4724 oocurmnt,
577 4643 827 4727 penedeosculor;
848 4655 901 4711 aut
921 4645 1026 4712 saltem
1045 4645 1151 4729 digesti
1167 4653 1254 4712 erant
1267 4662 1355 4729 opera
1376 4643 1553 4728 optimomrn
1573 4643 1763 4714 bibliotheca
1784 4644 1849 4712 Va-

297 4747 404 4814 ticanae
416 4751 603 4834 scriptorum,
620 4751 670 4831 qui
684 4763 755 4818 tunc
770 4753 907 4836 temporis
921 4753 1068 4820 indelesso
1081 4771 1147 4817 cunr
1159 4751 1261 4818 labore
1273 4751 1497 4836 antiquissimas
1511 4767 1642 4836 quasque
1662 4751 1849 4820 membranas

296 4857 457 4924 rescribere
476 4858 620 4926 solebant:
643 4858 721 4926 vidit
741 4857 859 4943 quidam
881 4859 945 4924 illos
958 4859 1066 4940 Maius,
1082 4859 1133 4928 sed
1149 4859 1266 4942 raptim,
1280 4858 1401 4924 obrutus
1415 4867 1587 4926 caetemmm
1599 4858 1742 4922 atlantica
1761 4855 1846 4935 note

296 4962 378 5029 unde
400 4963 529 5044 lugerint
542 4983 609 5031 eum
623 4976 669 5032 sat
684 4966 767 5050 plura
780 4984 847 5050 quae
861 4985 908 5032 me
922 4985 958 5031 ex
969 4967 1057 5049 longo
1071 4965 1176 5033 itinere
1190 4965 1297 5030 fessum
1312 4975 1491 5031 recrearunt.
1508 4964 1629 5031 Utinam
1643 4974 1674 5032 et
1687 4965 1845 5031 lectoreml

339 5070 394 5136 His
414 5071 608 5140 varietatibus
627 5082 743 5158 captus,
762 5072 883 5158 propius
904 5074 1013 5140 accessi
1034 5074 1071 5139 ad
1092 5071 1230 5138 eximium
1251 5071 1403 5157 Hippolyti
1424 5072 1665 5138 commentarium
1685 5072 1715 5134 iu
1736 5070 1848 5137 Soson-

338 5285 360 5351 ly
381 5284 490 5356 Htenel,
509 5287 544 5341 de
562 5287 711 5358 Hippolyto
730 5293 864 5358 episcopo,
885 5289 1037 5360 Gottingae,
1060 5285 1137 5356 1838,
1156 5307 1185 5361 p.
1205 5287 1251 5346 31.
