4044 6098
867 441 909 510 ιιι
931 440 1105 510 nsunuos
1152 393 1160 406 ’
1700 443 1757 508 ιιι

218 594 295 659 loede
315 593 498 671 circumcisa,
522 595 622 676 inepte
639 593 805 676 conjuncta,
820 593 917 675 eapite
936 611 995 657 non
1015 593 1104 658 semel
1128 591 1311 675 pedibusque
1332 592 1434 658 inisero
1450 594 1602 672 truncatis,
1617 594 1764 677 pendente

212 710 243 767 et
265 710 354 785 rupta
375 700 451 768 serie
471 700 578 766 salmoe
598 708 630 766 et
649 697 798 778 ambigua.
815 699 899 764 hdde
919 699 998 783 quod
1018 699 1196 765 Gaianarum
1216 698 1331 765 codices
1352 699 1400 764 rel
1421 699 1619 784 antiquissimi
1641 701 1762 767 horrent

212 806 341 873 insolitis
360 816 390 873 ct
411 806 619 891 inexspectatis
638 806 832 890 compendiis,
852 806 925 872 adeo
945 813 1084 889 proterve
1104 805 1263 872 cumulatis
1277 806 1307 870 in
1328 814 1456 888 angusto
1477 807 1621 889 margine,
1643 817 1673 874 et
1693 827 1760 874 cum

213 915 326 980 minuto
348 915 527 996 charactere,
549 915 658 981 utrix
678 913 844 981 litterarum
866 915 963 980 media
984 933 1052 998 pars
1073 915 1216 998 supersit,
1239 932 1275 978 ex
1296 915 1379 997 apice
1399 932 1472 980 uero
1492 914 1606 981 volatili
1628 916 1760 996 uocales,

213 1020 337 1101 similes,
360 1022 490 1100 ultimas,
506 1022 581 1087 alias
601 1022 715 1087 litteras
736 1040 814 1100 egre
828 1020 972 1102 expiscari
986 1030 1131 1106 oporteat.
1148 1020 1242 1086 Nemo
1255 1038 1324 1102 ergo
1338 1021 1437 1086 minus
1451 1039 1553 1106 aequus
1566 1032 1618 1089 aut
1632 1023 1765 1107 asperior

213 1126 267 1209 sit,
289 1128 356 1195 sire
375 1127 497 1214 Origeni
519 1137 617 1195 mutas
637 1127 715 1194 inter
735 1127 887 1194 molestias
907 1127 1111 1207 obstetricato,
1131 1125 1198 1192 sire
1222 1126 1325 1195 fossori
1354 1138 1413 1193 tum
1439 1128 1558 1195 horrida
1579 1130 1764 1215 sepulchretn

215 1244 283 1319 post
305 1235 453 1302 sexdecim
474 1235 653 1320 etamplius
673 1236 780 1303 secula
800 1235 858 1302 luci
879 1245 1037 1319 utcumque
1056 1235 1233 1303 restituenti.

961 1525 1022 1623 Π.

542 1771 726 1845 Eeearous
748 1773 788 1844 in
810 1771 982 1869 quaedam
1005 1771 1191 1846 Prooemia
1214 1773 1444 1868 psalmorum.

254 1984 510 2065 ldontelnleonins,
530 1985 599 2050 dnm
622 1985 723 2051 Romo
744 1987 858 2071 pluteos
879 1986 1036 2055 Vaticanns
1055 1986 1207 2070 lustraret,
1223 1986 1328 2051 incidit
1348 1987 1379 2050 ln
1400 1987 1474 2051 duos
1494 1987 1622 2069 codices,
1641 2006 1765 2070 qnorum

218 2111 308 2158 unum
329 2110 383 2158 suo
403 2091 541 2158 distinxit
561 2111 682 2158 numero
702 2092 773 2174 lbi,
795 2094 922 2162 alterum
942 2113 1016 2160 uero
1038 2094 1157 2177 signare
1175 2092 1317 2173 neglexit,
1330 2094 1412 2178 qnod
1432 2094 1533 2174 miror,
1556 2113 1647 2178 quum
1668 2095 1767 2160 statim

215 2201 375 2284 agnoverit
395 2220 463 2268 enm
484 2201 525 2266 ita
546 2201 670 2266 similem
693 2220 758 2267 csse
777 2201 862 2268 alteri
883 2201 977 2286 Regio
997 2201 1102 2282 codici,
1125 2201 1181 2268 sub
1202 2220 1283 2266 num.
1306 2201 1403 2284 18⁰7,
1424 2209 1459 2266 ut
1479 2219 1538 2266 non
1559 2201 1645 2267 modo
1665 2202 1768 2268 ambos

215 2329 280 2376 esse
300 2308 399 2374 saculi
421 2309 459 2391 X,
475 2308 527 2374 sed
548 2325 679 2375 asserere
698 2328 759 2374 non
779 2309 960 2377 dubitaverit
979 2317 1135 2393 utrumqne
1149 2308 1290 2392 scriptum
1304 2309 1397 2376 luisse
1412 2324 1470 2374 nna
1483 2310 1646 2395 eademqne
1666 2328 1768 2390 mann,

216 2434 252 2482 ιο
272 2435 331 2482 non
352 2417 438 2482 modo
459 2415 595 2500 paginas,
612 2416 665 2482 sed
679 2416 773 2482 lineas
793 2417 927 2501 singulas
940 2418 980 2482 ab
993 2419 1096 2484 eadem
1110 2435 1226 2502 semper
1245 2435 1321 2484 voce
1341 2417 1481 2502 incipere,
1495 2434 1560 2483 raro
1580 2427 1612 2485 et
1630 2417 1718 2484 unico
1738 2419 1768 2484 ιιι

216 2525 336 2591 Catenis
351 2525 496 2609 exemplo,
512 2534 543 2590 et
557 2524 585 2589 in
602 2533 684 2591 tanta
697 2525 885 2610 antiquitate.
901 2525 996 2604 Quem
1009 2526 1152 2610 suspicor,
1169 2524 1247 2592 hand
1264 2527 1304 2591 ita
1319 2533 1425 2606 certus,
1440 2544 1506 2592 esse
1519 2524 1586 2593 ιιι.
1604 2527 1693 2607 ttae,
1709 2527 1767 2592 nisi

221 2634 295 2701 torte
315 2635 355 2701 sit
376 2653 456 2700 num.
473 2635 532 2701 398
553 2635 630 2702 inter
650 2635 872 2718 ottobonianus,
889 2635 940 2719 qni
961 2636 1091 2701 nondum
1113 2643 1184 2700 tunc
1205 2633 1344 2718 temporis
1357 2635 1487 2700 numeris
1506 2633 1766 2715 consignabantur.

257 2741 303 2807 ιιι
322 2742 429 2826 ιμιιιιιι
443 2741 541 2809 eidem
554 2741 680 2824 contigit
693 2741 791 2807 omnia
805 2741 934 2826 recipere
948 2741 1163 2826 prolegomena,
1178 2759 1246 2825 qnae
1260 2741 1388 2825 primum
1401 2740 1542 2826 lleraplis
1556 2740 1686 2826 prolixa,
1700 2740 1770 2806 inde
1866 2733 1868 2738 ’

217 2849 247 2915 in
268 2850 409 2934 prooemia
432 2849 640 2916 commentarii
661 2850 700 2916 nd
721 2849 861 2933 psalmos,
884 2849 1027 2915 Maurinis
1048 2849 1236 2928 curantibus,
1261 2848 1441 2914 transierunt
1463 2847 1493 2913 in
1514 2848 1593 2912 hunc
1613 2849 1764 2914 ordinem:

257 2957 303 3021 1.⁰
324 2955 383 3023 Arei
405 2957 478 3036 τοὺς
501 2956 786 3051 ἐπιγεγραμμένους
810 2953 962 3047 ψαλμοὺς,
986 2956 1138 3040 usquead
1159 2955 1213 3021 reci
1235 2955 1272 3022 cir
1296 2957 1476 3046 ἐπιστήσῃς.
1503 2955 1551 3020 ΒΒ
1570 2975 1601 3040 p.
1619 2956 1767 3020 dte-tto.

218 3065 296 3144 Quae
309 3064 383 3128 satis
397 3064 521 3148 abrupte
535 3074 629 3147 agunt
642 3065 680 3130 de
693 3065 872 3148 psalmorum
886 3061 1057 3148 epigraphis
1071 3071 1101 3128 et
1114 3063 1152 3128 dc
1163 3061 1373 3146 diapsalmate.
1387 3061 1499 3127 Nullibi
1510 3080 1618 3127 nomen
1631 3061 1768 3145 Origenis

218 3171 391 3253 inscriptum
412 3170 516 3236 doctus
536 3171 690 3237 ldaurinns
710 3172 848 3256 repperit,
863 3175 914 3239 sed
928 3173 1121 3239 certissimum
1142 3189 1206 3237 esse
1226 3190 1300 3254 opus
1324 3169 1461 3254 origenis
1480 3169 1639 3237 deteritex
1659 3168 1768 3253 duplici

220 3276 386 3346 testimonio
407 3277 590 3360 Hieronymi,
607 3277 657 3362 qui
672 3277 777 3346 ultima
797 3280 835 3347 de
855 3280 1055 3365 Diapsalmate
1068 3279 1160 3346 verbo
1177 3288 1263 3346 tenus
1276 3279 1386 3360 retulit,
1403 3297 1500 3362 neque
1514 3277 1636 3344 obscure
1656 3294 1770 3342 memo-

218 3385 299 3452 rarit
317 3384 450 3469 iudaicae
466 3384 650 3468 traditiones,
667 3405 742 3470 qaas
755 3386 866 3454 ibidem
879 3387 1023 3472 Origenes
1037 3405 1055 3452 ι
1070 3387 1197 3472 quodam
1212 3385 1379 3470 patriarcha
1393 3385 1495 3451 Judaeo
1508 3385 1586 3450 lullo
1600 3384 1719 3468 repetiit
1732 3383 1768 3464 ¹).

220 3493 306 3573 Quod
327 3493 446 3577 egregie
467 3494 679 3561 confirmarunt
698 3495 810 3563 laudati
832 3495 958 3562 Mancini
981 3497 1013 3563 in
1033 3506 1160 3582 quatuor
1179 3495 1282 3562 llilurii
1303 3493 1386 3576 locis,
1407 3514 1445 3561 ex
1466 3493 1522 3561 hoc
1543 3495 1606 3578 ipso
1628 3492 1771 3574 proemio

219 3612 320 3686 aperte
341 3601 486 3668 deductis.

263 3710 309 3772 ιθ
331 3714 369 3775 Ol
392 3711 715 3803 ἐπιγεγραμμένοι-
729 3712 947 3804 πεποιημένων
971 3711 1215 3804 κεκαθαρμένην.
1238 3709 1286 3775 BB
1300 3728 1330 3795 p.
1349 3709 1492 3776 ιιι-ιιι.
1511 3710 1610 3794 Pergit
1627 3711 1771 3795 Origenes

218 3816 395 3899 psalmorum
410 3815 509 3882 titulos
523 3825 658 3884 excutere
672 3819 846 3902 praecipuos.
860 3819 977 3886 Partem
990 3819 1067 3885 hanc
1081 3821 1203 3885 alteram
1217 3836 1254 3884 ex
1268 3837 1328 3884 uno
1338 3818 1403 3883 eod.
1418 3816 1514 3885 ilatio.
1528 3817 1770 3884 llontelalconins

145 3979 146 3983 ,
219 3923 369 4004 retulerat,
391 3921 478 3988 ratde
499 3923 643 4005 mutilam,
666 3943 754 4008 quarn
775 3925 890 3993 sodales
911 3925 1119 4020 restituerunt,
1142 3943 1198 4009 ope
1218 3925 1389 3992 schedarum
1409 3925 1509 3991 Grabii
1535 3934 1565 3991 et
1584 3926 1767 3992 Combehsii:

220 4030 383 4113 iterumque
404 4029 505 4095 llilarii
527 4029 665 4114 prologus
684 4033 871 4100 conlirmarit
892 4032 970 4098 haud
992 4033 1100 4098 trustra
1121 4050 1229 4098 nomen
1247 4030 1385 4114 Origcnis
1405 4049 1471 4097 esse
1491 4031 1668 4114 appositum.

260 4138 305 4204 de
326 4139 390 4205 dlia
410 4157 447 4206 er
467 4139 571 4206 iisdem
593 4140 721 4206 tontibus
741 4139 988 4208 ldontelalconius
1008 4139 1117 4220 hausit,
1140 4155 1207 4222 qum
1226 4157 1280 4203 sno
1301 4136 1427 4203 Eusebio
1446 4137 1587 4220 pretirit,
1607 4137 1645 4204 de
1665 4137 1771 4221 quibus

220 4264 287 4312 mor
308 4265 362 4313 sno
381 4247 457 4314 loco.

260 4353 385 4421 llosdem
407 4372 493 4439 porro
513 4355 628 4422 codices
648 4354 817 4434 vaticanos,
834 4360 866 4417 nt
886 4349 1001 4436 opinor,
1017 4368 1090 4436 qnos
1110 4348 1244 4417 uersauit
1257 4348 1360 4415 doctus
1375 4349 1557 4432 peregrinus,
1573 4359 1603 4416 et
1623 4349 1696 4416 alios
1711 4368 1769 4416 non

221 4479 340 4545 pancos,
356 4479 412 4545 ego
425 4471 553 4549 ternpore
566 4465 672 4547 magis,
684 4461 738 4528 scd
748 4465 846 4529 animo
859 4470 889 4529 et
900 4460 959 4527 ctio
974 4461 1071 4527 minus
1081 4458 1247 4544 expeditus,
1261 4458 1302 4525 ita
1313 4456 1503 4542 perlustrari,
1515 4468 1548 4523 nt
1559 4476 1655 4543 neque
1668 4459 1770 4525 eodem

221 4569 391 4649 dumtaxat,
412 4569 464 4636 scd
484 4569 569 4654 plnra
589 4579 620 4636 et
641 4587 720 4638 nora
740 4569 967 4654 deprehendisse
986 4587 1035 4635 me
1054 4569 1184 4650 viderer,
1207 4585 1273 4652 quae
1295 4566 1463 4633 minutatim
1482 4575 1553 4632 sunt
1573 4564 1769 4632 discutienda.

258 4803 279 4859 l.
291 4799 451 4858 Sollicitum
464 4807 528 4858 ante
542 4805 635 4860 omnia
647 4805 739 4860 tenuit
751 4820 794 4860 me
806 4805 892 4861 codex
900 4802 967 4870 75⁴,
1023 4803 1092 4860 tolia
1100 4801 1148 4872 aa,
1159 4800 1254 4857 nescio
1266 4817 1283 4855 a
1296 4818 1350 4873 quo
1362 4798 1522 4872 bibliopega
1532 4797 1668 4872 susdeque
1678 4815 1768 4868 verse,

221 4909 303 4965 qnam
322 4892 412 4964 digito
436 4891 562 4948 mihiel.
582 4891 729 4949 Mancinus
747 4898 967 4967 monstraveretq
1022 4912 1139 4968 quorum
1157 4894 1218 4949 hmo
1238 4892 1347 4948 ιιιιιιιιιι
1367 4895 1410 4946 ast
1430 4889 1559 4963 legitime
1583 4893 1612 4946 et
1636 4890 1769 4970 continuo

223 4997 273 5035 nec
288 4997 385 5052 porum
398 4998 441 5036 me
455 4983 554 5038 taeduit
567 4998 678 5038 remane
690 4983 827 5040 dissoluta
839 4984 873 5038 ab
888 4983 968 5039 initio
1024 4985 1126 5040 series:

262 5193 285 5268 ¹)
305 5197 375 5254 Vide
395 5213 512 5269 prooem.
533 5197 588 5254 BB.
608 5199 636 5252 in
656 5197 737 5270 θοις.
750 5196 850 5270 psalm.
863 5215 891 5269 p.
904 5194 969 5264 514,
1024 5206 1053 5257 et
1070 5200 1104 5254 de
1121 5197 1197 5255 Jnllo
1215 5197 1254 5253 el.
1275 5211 1391 5269 prooem.
1412 5198 1441 5252 in
1459 5195 1598 5252 Ezechiel.
