4044 6098
296 491 355 561 roo
974 481 1164 558 OtthENES

296 655 472 748 γέγραπται
496 649 625 738 είρηκὼς
642 651 657 710 ὁ
675 645 762 722 aete
784 645 967 735 Ποιήσωμεν
992 646 1044 710 ἄν·
1097 643 1191 710 dixit:
1215 643 1368 708 Faciamus
1391 642 1537 712 hominem
1557 643 1596 711 ad
1617 645 1774 729 imaginem
1796 663 1850 713 nn-

296 761 415 850 θρωρτον
439 758 509 822 κατ’
536 755 640 820 εἰκόνα
663 754 820 844 ἡμετέραν
845 754 898 817 καὶ
921 752 990 818 καθ’
1013 758 1044 816 a·
1097 760 1187 816 stram
1208 761 1240 816 et
1260 751 1492 833 similitudinem,
1512 763 1542 818 et
1563 755 1633 818 iecit
1653 755 1733 820 Dens
1752 755 1850 820 homi-

296 867 432 955 potorem·
449 862 503 928 καί
518 863 662 934 ἐποίησεν
675 866 691 925 ὁ
704 862 783 936 Θεὸς
798 861 853 925 τὸν
872 859 1041 950 ἄνθρωπον,
1097 877 1176 938 nem,
1198 859 1237 924 ad
1260 859 1417 940 imaginem
1432 861 1484 925 Dei
1502 862 1569 925 iecit
1583 881 1680 926 eum.»
1703 864 1850 928 Eumdem

295 969 364 1034 κατ’
390 969 494 1034 εἰκόνα
511 975 590 1034 Θεοῦ
614 970 759 1040 ἐποίησεν
776 967 880 1032 αὐτόν.
899 967 960 1030 Καὶ
975 971 1043 1032 ἐπι·
1098 967 1161 1031 suis
1183 966 1342 1033 honoravit
1361 969 1658 1060 manifestationibus,
1682 981 1712 1036 et
1732 991 1798 1036 curn
1815 990 1851 1036 eo

295 1085 427 1166 ρανειῶν
443 1069 639 1153 κατηξίωσεν
656 1079 779 1152 ἑαυτοῦ,
796 1073 849 1138 καί
865 1071 965 1163 σάρκα
984 1098 1043 1139 πε·
1097 1093 1184 1156 quem
1200 1093 1268 1139 caro
1283 1075 1420 1154 invoivit,
1437 1077 1539 1142 divina
1554 1075 1698 1161 colloquia
1719 1095 1853 1143 cominu-

299 1177 425 1273 ριθεθλη
431 1183 512 1272 μένῳ
529 1185 653 1272 ὁμιλίας
669 1181 751 1258 θείοις
766 1172 952 1270 μετέδωκεν,
965 1181 1042 1245 τότε
1098 1181 1219 1258 οίοονίι,
1231 1181 1317 1246 modo
1333 1199 1384 1263 per
1397 1182 1526 1264 angelos,
1543 1183 1629 1247 modo
1644 1183 1765 1264 ipsomet
1779 1201 1849 1246 san·

297 1291 351 1381 μὲν
370 1283 408 1356 δι’
426 1291 579 1382 ἀγγέλων,
596 1291 672 1356 τότε
689 1282 723 1355 δὲ
739 1290 792 1354 καί
808 1289 899 1383 αὐτθς
917 1279 953 1352 δι’
971 1293 1044 1352 tun·
1098 1287 1155 1350 otis
1171 1307 1202 1352 se
1222 1287 1382 1352 ostendens
1396 1296 1427 1352 et
1441 1287 1556 1354 nomina
1578 1288 1749 1370 patefactus.
1766 1288 1851 1352 adue

294 1411 351 1466 τοῦ
374 1411 439 1476 τοῖς
457 1402 556 1491 ἁγίοις
582 1397 682 1488 ὀφθείς
698 1399 752 1463 καί
767 1399 975 1487 χρηματίσας·
991 1397 1045 1461 καί
1097 1392 1176 1475 quod
1188 1403 1328 1474 praeterea
1343 1392 1438 1458 divini
1452 1393 1581 1475 Spiritus
1593 1410 1629 1456 an
1642 1411 1775 1476 supernae
1787 1394 1850 1457 vir·

295 1509 343 1573 ἔτι
365 1509 439 1596 πρὸς
462 1507 584 1582 τούτοις
609 1505 691 1572 θείου
715 1505 896 1594 Πνεύματος
912 1505 966 1569 καί
989 1496 1044 1569 io·
1098 1499 1170 1562 tutis
1184 1518 1251 1565 eum
1266 1499 1334 1564 tecit
1349 1500 1531 1584 participem,
1547 1518 1582 1565 eo
1597 1519 1689 1583 usque
1704 1510 1736 1565 ut
1750 1501 1850 1565 tutura

294 1615 414 1704 νάμεος
437 1617 576 1706 οὐρανίου
601 1613 735 1704 μέτοχον
759 1615 854 1678 αυτὸν
876 1603 1041 1690 ἀνέδειξεν,
1099 1606 1320 1686 pronuntiaret,
1334 1616 1365 1670 et
1384 1607 1499 1672 morbos
1519 1606 1692 1688 omnigenos
1713 1613 1845 1684 sanaret,

295 1727 335 1799 ὡς
359 1722 401 1788 τὰ
425 1723 583 1812 pentorn
605 1721 835 1814 ποονροοιοοιν,
860 1720 913 1784 ιιιιὶ
936 1720 1043 1796 νοοονς
1098 1709 1185 1774 immo
1199 1710 1289 1774 etiam
1304 1719 1432 1775 mortuos
1445 1711 1572 1793 erigeret
1586 1710 1757 1788 redivivos3
1774 1725 1848 1792 qua-

294 1832 444 1903 τοιντοίιις
476 1828 673 1919 θεραπεύειν,
698 1821 759 1903 ἤδη
787 1819 821 1893 δὲ
844 1827 898 1890 net
922 1825 1043 1916 νεκροὺς
1097 1818 1135 1882 tia
1151 1826 1285 1901 portenta
1301 1817 1452 1902 propheta
1465 1827 1496 1882 et
1511 1817 1632 1899 apostoli
1645 1816 1749 1880 fouisse
1763 1831 1850 1880 enar·

295 1941 434 2032 tpstpetv·
448 1943 540 2003 οοοῑο
556 1949 716 2028 ,popm
732 1936 785 2001 νον
801 1937 974 2002 οοοοοοηον
989 1959 1044 1999 πο.
1097 1934 1211 1990 rantur.
1228 1925 1314 2004 Quod
1328 1926 1352 1988 si
1367 1925 1448 1992 hisee
1461 1925 1596 2008 superius
1615 1925 1703 1989 dictis
1715 1921 1850 2007 junxeris

294 2045 458 2120 ινοινννένοιι
484 2051 688 2135 ιονοροῡνιοιι·
721 2045 750 2108 οἵ
779 2036 812 2109 δὲ
840 2043 953 2108 ἅπασιν
976 2053 1042 2118 τοῖς
1097 2033 1280 2111 unigenitum
1302 2032 1523 2097 DeiFitiumin
1539 2041 1850 2098 carneconversatom

294 2151 450 2246 λεχθεῖσιν
482 2151 647 2242 προσθείης
670 2161 726 2216 τοῦ
758 2157 946 2243 Μονογενοῦς
969 2155 1043 2216 Υίοῦ
1096 2160 1182 2223 esse,
1205 2141 1366 2226 perspicies
1387 2150 1542 2225 quopauto
1563 2141 1675 2205 dictum
1697 2143 1755 2204 sit:
1781 2135 1849 2203 nto-

294 2271 350 2326 τοῦ
364 2267 443 2326 Θεοῦ
456 2259 516 2333 τὴν
532 2259 679 2350 ἔνσαρκον
697 2259 884 2346 οἰκονομίαν,
898 2254 965 2345 ὄψει
977 2266 1042 2333 πῶς
1094 2250 1145 2314 rin
1165 2254 1193 2314 er
1213 2250 1316 2314 tortore
1336 2251 1481 2312 coronasti
1499 2266 1572 2328 eum,
1595 2247 1745 2314 hominem
1766 2244 1852 2311 vide·

295 2369 426 2458 εἴρηται·
443 2361 524 2454 Δόξῃ
543 2367 596 2431 καί
611 2377 688 2455 τιμῇ
707 2365 921 2455 ἐστεφάνωσας
938 2363 1043 2450 αὑτὸν,
1096 2357 1175 2421 lieet.

295 2463 419 2548 θηλάθη
446 2475 495 2539 ὅτι
517 2474 573 2538 τὸν
597 2470 765 2562 ἄνθρωπον.

935 2699 1106 2773 Paulinus
1128 2696 1199 2772 IX.

338 2923 369 2967 v.
388 2905 416 2968 1.
434 2896 728 2994 Ἐξομολογήσομαί
744 2923 801 2976 σοι,
815 2899 916 2987 Κίιριε,
933 2903 964 2962 ὲν
982 2900 1038 2985 ὅλη
1135 2913 1167 2958 v.
1191 2894 1220 2957 1.
1238 2863 1404 2974 'Confitetur
1424 2889 1675 2969 cinnamonio
1693 2895 1749 2954 tntn
1763 2889 1849 2953 aude

294 3005 407 3105 καρδίᾳ
432 3037 502 3101 μον,
525 3003 720 3102 διηγήσομαι
735 3008 841 3074 πάντα
856 3007 899 3073 τὰ
923 3005 1042 3095 θαυμά·
1094 3019 1166 3082 men,
1188 3000 1314 3064 narrabo
1335 2999 1432 3062 omnia
1452 2996 1599 3061 mirabilia
1622 3001 1682 3060 tatu.

293 3121 345 3185 σιά
369 3145 434 3186 σου.
466 3118 550 3182 Vatia.
575 3137 605 3198 p.
629 3116 700 3195 628,
722 3117 751 3180 1.

331 3226 456 3316 Ἔτεροι
473 3217 506 3292 δὲ
521 3227 595 3315 πρὸς
613 3225 719 3301 αὑτὸν,
736 3228 770 3289 oi
787 3223 857 3314 περί
873 3227 969 3287 αὑτοῦ
986 3222 1040 3287 τὸν
1136 3213 1192 3278 atii
1214 3222 1283 3278 suut
1299 3212 1483 3294 interpretare,
1498 3210 1547 3293 qui
1565 3211 1650 3276 aiunt
1669 3209 1748 3274 hunc
1769 3209 1849 3293 psai-

291 3334 432 3425 παρόντα
456 3332 546 3422 paeto
572 3323 702 3415 ᾄδεσθαι
725 3326 859 3419 ψαλμὸν,
885 3328 959 3420 ὑπὲρ
983 3339 1041 3404 τῆς
1096 3319 1233 3384 mamad
1254 3318 1400 3384 Divitem
1422 3317 1497 3397 diei,
1520 3317 1639 3382 nonde
1661 3316 1743 3400 ipso,
1765 3315 1846 3380 ausi

294 3440 482 3530 ἀνθρωπείας
518 3433 804 3530 ἑξομοηοροομένοο
837 3436 954 3527 ριἰοιιις
986 3447 1041 3501 ron
1096 3426 1240 3510 propheta
1260 3425 1298 3490 ob
1312 3445 1406 3508 genus
1421 3426 1580 3490 humanum
1595 3425 1691 3490 laudis
1705 3425 1845 3508 hymnum

292 3550 466 3641 προφήτου,
491 3556 554 3611 τῶν
576 3549 706 3612 τελείων
729 3537 808 3610 ἴδιον
835 3547 981 3637 λέγοντος
1005 3542 1042 3607 τὸ
1096 3537 1255 3619 protessus,
1268 3534 1393 3599 dixisset
1410 3533 1560 3618 proprium
1575 3551 1639 3598 esse
1653 3533 1845 3616 perfectorum

293 3667 397 3721 πᾶσαν
430 3653 608 3720 ἀνατιθέναι
638 3663 684 3737 τῷ
716 3661 785 3737 Θεῷ
816 3653 876 3728 rte
905 3645 1042 3744 mtpitev·
1097 3642 1258 3722 hominum,
1281 3651 1374 3707 totum
1395 3660 1444 3707 eor
1457 3643 1518 3706 Deo
1532 3641 1679 3706 dedicare.
1703 3639 1845 3722 «Diliges

292 3762 484 3855 Ἀγαπήσεις
496 3759 565 3853 γὰρ,
579 3761 665 3850 φησί,
678 3763 734 3826 τὀν
751 3761 830 3826 θεόν
848 3785 902 3826 οον
919 3755 951 3839 ἐξ
968 3762 1043 3838 ὅλης
1096 3749 1187 3830 enim,
1211 3749 1317 3833 inquit,
1339 3767 1375 3813 er
1398 3756 1455 3812 toto
1476 3746 1562 3812 corde
1583 3755 1633 3812 tuo
1654 3753 1735 3812 ete.»
1758 3745 1845 3828 Quod

293 3880 351 3945 τῆς
369 3860 497 3959 καρδίας
514 3891 568 3932 σου
585 3873 654 3932 κτλ,
666 3867 707 3933 Ὃ
720 3859 754 3932 δὲ
770 3877 821 3933 νον
839 3869 980 3958 apportet
994 3867 1042 3933 νο·
1097 3875 1170 3922 sane
1184 3875 1263 3921 nune
1276 3855 1444 3921 manifestat
1459 3853 1533 3916 iliud
1554 3855 1584 3917 in
1599 3851 1752 3916 totocorde
1772 3871 1845 3933 oreo,

293 3961 323 4024 to
348 3960 405 4046 ὅλῃ
423 3951 536 4049 eapite
552 3981 622 4046 pou,
640 3956 656 4022 θ
674 3949 708 4022 θὲ
731 3969 823 4037 ποιεῖν
841 3969 1042 4049 προφητικοῒς
1097 3966 1233 4049 quodque
1249 3963 1318 4028 tacit
1333 3961 1494 4046 psalmista,
1510 3959 1690 4043 propheticis
1701 3960 1793 4027 uentis
1804 3960 1848 4025 tn-

293 4065 464 4156 ὄφθαλμοῒς
480 4066 522 4132 τὰ
544 4066 677 4155 ἐσόμενα
691 4057 835 4157 προιδὼν,
852 4067 906 4130 aei
927 4057 1044 4159 θιηγεῒ-
1099 4080 1161 4136 ιντο
1176 4070 1352 4154 praeridens,
1368 4077 1399 4133 et
1416 4069 1485 4133 durn
1507 4087 1542 4135 ea
1557 4077 1683 4146 enarrat,
1699 4065 1847 4133 auditores

292 4195 348 4238 ται
370 4185 492 4250 ταῦτα,
517 4173 678 4252 κοινωνοὺς
701 4185 759 4251 τῆς
787 4167 1040 4264 ἐξομολογήσεως
1096 4178 1167 4244 facit
1180 4176 1339 4261 participes
1361 4191 1423 4240 suae
1443 4173 1645 4252 consessionis,
1661 4173 1846 4255 ingaudium

329 4352 377 4407 Pr.
397 4352 449 4408 IX.
468 4353 672 4407 'theodoretum
691 4369 763 4406 nune
776 4351 919 4420 habemus,
941 4353 1043 4422 Orige-
1096 4361 1180 4409 πᾶσαν
1201 4356 1268 4426 αὐτῷ
1288 4356 1411 4426 καθιεροῦν
1431 4354 1476 4410 τὴν
1496 4357 1611 4420 διάνοιαν,
1630 4358 1658 4407 et
1670 4358 1771 4425 perget
1782 4371 1845 4409 cum

292 4438 336 4491 nis
356 4441 448 4510 potius
467 4441 674 4511 metaphrasten
694 4457 775 4511 quam
789 4439 992 4506 aemulatorem,
1013 4439 1042 4491 in
1099 4446 1168 4501 Luc.
1188 4463 1218 4511 x,
1237 4445 1284 4512 27,
1306 4447 1401 4516 sicque
1420 4447 1582 4499 obscuriora
1600 4449 1695 4498 nostra
1707 4443 1842 4498 declarat:

292 4530 344 4583 hoo
358 4527 442 4599 longo
456 4527 573 4600 psalmo,
592 4546 675 4601 quem
694 4529 804 4584 Hebraei
824 4534 851 4583 et
864 4528 935 4581 varii
950 4529 1040 4583 Graeei
1096 4535 1550 4606 Ριοριιιιιι,οριϊι·ιιιοὶι·ῥιιοοοιιάίν
1560 4536 1843 4606 futuraproeotderte,

295 4615 376 4673 eodd.
395 4619 424 4671 in
444 4618 513 4673 duos
531 4618 667 4674 dividunt.
1098 4625 1186 4696 (quod
1206 4622 1296 4678 latine
1314 4624 1487 4694 sequimur),
1505 4639 1566 4676 αοη
1584 4623 1733 4697 confitente·
1750 4624 1843 4678 sotum

328 4725 353 4764 e.
368 4705 468 4762 tuat.
482 4705 524 4763 10.
533 4709 799 4779 Suspicorpriorem
809 4708 967 4777 argumenti
979 4725 1042 4779 par·
1096 4723 1152 4770 toto
1170 4715 1262 4784 eorde,
1282 4730 1382 4768 uerum
1407 4717 1492 4768 etium
1517 4723 1621 4766 narrat
1639 4715 1728 4782 ipsius
1746 4714 1842 4765 omnia

294 4801 350 4850 tem
363 4798 509 4850 transiisse
520 4797 592 4868 apud
603 4796 1041 4868 Theodoretum,Hexnptamanu
1096 4805 1252 4871 mirabilia,
1271 4805 1379 4875 faciens
1405 4803 1550 4856 auditores
1566 4804 1718 4871 participes
1740 4809 1841 4854 centres

293 4882 375 4957 large
388 4890 550 4954 metentem3
561 4885 608 4939 sed
619 4887 725 4940 utinam
739 4889 846 4957 partem
860 4887 1041 4958 posteriorem
1096 4896 1268 4963 hymnorum
1288 4893 1353 4956 (τοὺς
1368 4889 1501 4949 ἀκούοντας
1514 4892 1639 4949 κοινωνοὺς
1658 4892 1703 4948 τῆς
1718 4889 1842 4957 ὑμνῳδίαις

293 4977 387 5029 minus
402 4979 500 5048 jejune
513 4977 665 5048 tetigisset,
685 4995 745 5030 enm
765 4995 874 5049 nempe,
888 4995 969 5048 quam
988 4995 1042 5031 non
1097 4981 1257 5053 ποιούμενοι),
1271 4979 1419 5040 Ἀκούοντος
1440 4987 1484 5034 est
1503 4979 1656 5050 tegentium
1677 4977 1791 5046 librum3
1814 4981 1842 5029 a·

294 5063 476 5120 dubitaverim
490 5067 524 5120 ad
538 5069 666 5122 Seniores
680 5065 882 5122 Alexandrinos
901 5067 1041 5123 retulisse.
1096 5076 1203 5142 κροατάς
1218 5069 1388 5123 audientium
1406 5069 1582 5137 magistrum,
1596 5067 1660 5120 hine
1682 5066 1841 5136 Origeuem,

294 5151 491 5208 Verumtamen
504 5157 647 5210 nobiscum
666 5155 750 5210 habet
760 5155 906 5228 cyrensis:
928 5158 984 5208 unt
1002 5175 1042 5208 τι·
1097 5158 1176 5214 illino
1188 5158 1391 5213 'theodoretum
1403 5158 1500 5214 habes.
1511 5157 1663 5212 Eusebium
1674 5171 1781 5227 quoqne
1792 5170 1842 5210 suo

293 5239 365 5291 λείων
377 5239 435 5294 ἴδιον
447 5246 473 5295 τὸ
484 5247 567 5295 πᾶσαν
575 5243 711 5297 ἀνατιθέναι
721 5245 819 5315 τιξίθιῷ
830 5246 874 5302 τὴν
886 5247 989 5314 καρδίαν
999 5251 1042 5298 καί
1096 5249 1220 5315 reperies
1239 5243 1311 5301 loco.
