4064 6108
284 437 342 501 eso
648 383 651 389 ¹
852 435 1020 502 sturnus
1040 433 1253 501 eventuus

283 593 403 666 λευσεν,
429 591 510 668 ὅπως
526 588 551 678 ¹)
576 594 611 655 ἐκ
636 583 776 667 δουλείας
796 596 838 668 εἰς
853 589 1028 680 ἐλευθερίαν
1083 591 1221 668 ὑπέστη,
1246 593 1295 656 ἵνα
1322 601 1387 668 τοῖς
1417 589 1542 668 θνητοῖς
1572 589 1631 664 τὴν
1655 589 1826 657 ἀθανασίαν

282 695 355 772 τοὺς
387 688 591 773 δουλεύοντας
623 701 708 780 αὐτῷ
746 695 863 788 ἀγάγῃ·
895 694 1029 762 θάνατον
1085 690 1193 765 ἀποδῶ

514 927 608 1024 Syro
631 929 832 1026 interprete.
858 967 897 980 -
923 929 961 1005 S.
990 929 1173 1027 Cypriani
1193 928 1352 1026 episcopi
1373 935 1407 1002 et
1427 930 1603 1027 martyris

653 1044 852 1134 eccerpcnn
867 1060 908 1111 en
922 1037 1070 1112 domitio
1083 1036 1106 1122 ²)
1123 1038 1162 1110 in
1180 1036 1458 1136 Eleomospnom.

322 1230 416 1297 llultn
442 1241 532 1316 atque
553 1249 661 1315 magna
682 1243 751 1299 sunt
772 1234 883 1298 auxilia
911 1234 1028 1315 divina,
1084 1232 1136 1300 Dei
1147 1233 1393 1316 eliieeret;atque
1407 1232 1597 1317 semetipsum
1609 1232 1786 1312 humiliavit,
1798 1244 1830 1300 ut

281 1343 388 1425 quibus
408 1341 538 1424 locuples
557 1351 649 1426 atque
667 1342 761 1409 ellusa
782 1342 836 1409 liei
857 1342 953 1408 Patris
976 1346 1026 1426 [et]
1081 1341 1234 1420 mundum,
1249 1339 1301 1424 qui
1317 1359 1350 1406 se
1362 1339 1565 1420 elongaverat,
1578 1340 1674 1406 denuo
1694 1341 1829 1425 acquire·

281 1447 392 1514 Christi
413 1448 612 1514 misericordia
625 1450 748 1515 salutem
762 1459 891 1516 nostram
907 1459 1028 1534 operata
1081 1457 1144 1527 ret;
1166 1447 1262 1532 plagis
1282 1447 1402 1514 allectus
1415 1457 1472 1528 est,
1487 1456 1522 1514 ut
1535 1448 1637 1531 plagas
1651 1459 1766 1514 nostm
1780 1465 1826 1514 sa·

279 1566 326 1624 est
338 1566 428 1642 atque
440 1575 554 1641 semper
567 1568 714 1642 operatur.
732 1558 793 1624 Nos
805 1558 914 1625 etenim
923 1559 1028 1624 vivere
1081 1564 1185 1634 naret;
1207 1555 1340 1630 servivit,
1355 1563 1419 1620 uta
1439 1555 1582 1622 servitute
1603 1555 1642 1621 ad
1660 1555 1827 1622 libertatem

279 1663 383 1729 volens
403 1673 493 1746 atque
513 1664 686 1745 vivificare,
709 1665 796 1731 Pater
822 1663 927 1729 Filium
949 1664 1029 1730 misit
1081 1662 1202 1746 eosqui
1222 1661 1393 1728 servitueti
1416 1661 1729 1744 luerunt‚adduncret;
1752 1681 1827 1730 mor-

279 1771 331 1852 qui
346 1786 399 1834 nos
414 1779 580 1836 renovaret.
597 1769 686 1836 Porro
700 1789 789 1854 quum
803 1769 909 1836 missus
924 1769 1028 1837 luisset
1081 1779 1141 1836 tem
1160 1788 1266 1854 passus
1285 1777 1340 1852 est,
1362 1779 1398 1836 ut
1417 1770 1589 1837 mortalibus
1602 1771 1627 1852 ³)
1650 1771 1827 1839 immortali-

280 1878 382 1957 Filius,
397 1878 459 1945 lieri
480 1878 579 1944 voluit
593 1879 672 1943 lilius
686 1878 822 1960 nominis,
837 1889 871 1945 ut
884 1897 939 1945 nos
953 1879 1028 1948 lilios
1082 1885 1173 1944 tatem
1193 1879 1369 1946 restitueret.

319 2055 341 2122 ¹)
357 2060 396 2110 ἵνα
411 2057 471 2111 edd.
486 2089 520 2098 -
534 2056 559 2124 2)
572 2059 625 2114 duo
638 2059 717 2114 codd.
734 2062 797 2133 Syr.
812 2061 913 2116 habent
932 2062 1037 2116 rectius
1055 2062 1293 2118 Commentariun
1311 2077 1359 2116 seu
1384 2062 1556 2118 Tractatum.
1571 2091 1606 2103 -
1619 2059 1642 2125 ³)
1663 2063 1727 2133 Syr.
1748 2077 1826 2116 mor·

281 2151 345 2217 tuis,
364 2151 467 2206 inretr-

1023 2347 1092 2421 III.

733 2539 863 2613 Eodem
886 2544 1085 2638 interprete.
1109 2581 1151 2594 ψ
1180 2541 1372 2640 Cypriani.

319 2736 426 2801 lterum
450 2736 479 2799 in
499 2734 625 2818 epistola
645 2753 699 2800 sua
728 2734 837 2801 Paulus
863 2736 1024 2820 apostolus,
1079 2756 1138 2820 que
1159 2737 1189 2802 in
1209 2738 1312 2804 eadem
1333 2737 1479 2804 sententia
1499 2755 1615 2822 semper
1632 2746 1761 2816 maneat,
1783 2746 1828 2802 at-

279 2843 317 2909 ad
338 2862 440 2927 pacem
460 2849 492 2909 et
512 2843 697 2908 concordiem
717 2861 773 2908 noa
793 2844 936 2926 uerutus,
959 2861 1027 2910 ma-
1079 2864 1137 2930 que
1156 2864 1209 2928 pro
1230 2845 1267 2910 iis
1288 2863 1355 2929 quae
1373 2855 1462 2913 antee
1482 2845 1540 2930 ipsi
1564 2846 1672 2929 placita
1692 2853 1825 2928 accepte·

277 2949 356 3014 xima
377 2968 447 3015 eure
470 2951 545 3034 [nos]
567 2951 672 3017 edoce
691 2951 883 3036 sequentibus
903 2951 1022 3019 verbis:
1079 2972 1138 3038 que
1159 2963 1252 3036 erant,
1272 2954 1414 3020 decertet:
1437 2953 1464 3018 si
1485 2953 1555 3038 quid
1575 2954 1683 3020 etenim
1702 2954 1741 3018 ad
1762 2971 1829 3038 pro·

281 3057 464 3142 quphetae
475 3069 573 3126 autem
588 3060 646 3126 duo
658 3070 712 3126 eut
726 3071 785 3127 tres
799 3060 911 3142 dicent,
927 3068 959 3126 et
971 3078 1027 3126 cte·
1080 3062 1186 3127 lectum
1205 3060 1311 3127 melius
1329 3061 1436 3145 juvare
1455 3059 1552 3127 visum
1574 3061 1670 3142 luerit,
1691 3060 1827 3126 suaviter

280 3166 363 3232 rteri
378 3166 536 3251 explicant.
553 3166 640 3247 Quod
653 3169 679 3234 si
694 3169 744 3234 elii
759 3169 923 3236 revelatum
939 3166 1027 3235 luerit
1079 3167 1216 3252 accipiat
1237 3167 1303 3235 Non
1323 3167 1403 3232 eninr
1423 3166 1586 3248 vincimur,
1608 3167 1726 3252 quando
1750 3166 1828 3232 olle-

281 3296 295 3332 r
308 3273 436 3354 sedenti,
449 3275 530 3359 prior
543 3284 648 3342 amnt.
664 3298 678 3335 r
695 3275 801 3357 (lCor.
817 3277 881 3358 XV,
896 3277 946 3358 nt,
962 3276 1025 3356 30).
1080 3284 1185 3341 runtur
1199 3274 1284 3340 nobis
1298 3274 1433 3354 meliora,
1447 3273 1501 3340 sed
1514 3273 1686 3339 instruimur
1700 3276 1737 3354 ¹),
1756 3290 1829 3357 prae-

318 3382 381 3446 lloc
400 3382 479 3448 eninr
499 3381 580 3448 clere
600 3381 730 3464 edocuit,
746 3384 905 3451 ostendens
925 3385 1027 3466 singu·
1078 3383 1180 3452 sertim
1200 3383 1225 3448 si
1251 3393 1359 3467 egetur
1385 3382 1424 3448 de
1445 3382 1481 3448 iis
1506 3401 1573 3467 que
1599 3382 1765 3448 conducunt
1790 3381 1827 3446 ad

276 3486 315 3552 lis
336 3488 431 3553 multa
452 3488 577 3554 revelari
597 3507 665 3572 quse
687 3491 827 3574 [juvant]
851 3491 888 3556 ad
908 3490 1024 3557 melius.
1079 3495 1216 3561 unionem
1235 3492 1387 3575 Ecclesiae,
1408 3492 1448 3558 ad
1466 3509 1550 3576 spem
1570 3491 1661 3574 atque
1682 3490 1720 3556 ad
1738 3489 1828 3555 firmi·

277 3596 465 3682 Quapropter
492 3618 612 3668 necesse
639 3620 696 3667 non
724 3612 770 3668 est
798 3611 831 3667 ut
851 3620 928 3667 uuus
947 3601 1029 3684 quis-
1080 3611 1169 3671 tatem
1185 3603 1265 3670 lidei.

313 3779 359 3835 lll.
379 3779 421 3834 Ex
434 3796 507 3834 mus.
520 3779 593 3836 Brit.
614 3780 676 3835 eod.
692 3779 789 3850 12157,
803 3781 826 3835 l.
848 3779 908 3851 115,
922 3780 976 3837 col.
999 3779 1026 3836 l.
1118 3779 1140 3850 l)
1163 3783 1262 3854 Pergit
1281 3782 1451 3856 Cyprianus:
1473 3801 1486 3834 a
1505 3781 1626 3836 Maxime
1645 3781 1674 3833 in
1701 3779 1746 3833 his
1765 3794 1827 3850 quse

279 3865 392 3924 Similis
405 3869 529 3938 reperire
544 3871 587 3923 est
598 3869 670 3940 apud
685 3871 855 3942 Cyprianum
865 3871 894 3924 in
908 3869 1027 3941 epistola
1080 3871 1114 3926 ad
1127 3871 1261 3928 Ecclesiae
1275 3873 1410 3927 unitatem
1427 3871 1580 3944 pertinent,
1596 3874 1625 3923 et
1643 3869 1703 3942 spei
1716 3872 1745 3924 st
1763 3868 1827 3923 ildei

278 3959 312 4012 ad
331 3959 472 4029 Quintum,
492 3976 520 4014 n.
542 3974 573 4030 ιι,
594 3957 700 4017 Petrol.
715 3958 764 4016 lae
777 3975 819 4030 ιιι,
832 3961 886 4017 col.
905 3959 974 4020 1108
990 3965 1025 4019 A.
1080 3955 1183 4018 nostrte
1203 3964 1380 4019 veritatem.»

1023 4174 1082 4250 IV.

575 4369 706 4443 Eodem
729 4371 930 4469 interprete.
955 4411 999 4423 -
1023 4370 1082 4444 Ec
1105 4371 1142 4446 8.
1168 4371 1294 4445 Seuero
1314 4369 1536 4468 patriarche.

317 4581 416 4660 Quum
427 4580 518 4663 igitur
528 4581 693 4665 Cyprianus
707 4591 881 4666 potestatem
896 4593 1023 4665 teneret,
1078 4583 1172 4648 Deum
1191 4581 1321 4666 episcopi
1343 4599 1464 4648 numero
1483 4583 1633 4661 octoginta
1654 4588 1765 4663 septem
1782 4579 1823 4658 ¹),

277 4685 459 4770 Carthagine
480 4686 511 4751 in
531 4685 641 4766 Altius,
661 4688 783 4753 adunati
804 4697 874 4754 sunt
893 4698 1025 4754 amantes
1078 4708 1202 4772 quorum
1215 4688 1306 4772 aliqui
1317 4697 1402 4755 amnt
1414 4706 1452 4754 ex
1467 4690 1575 4770 lirina,
1587 4688 1679 4769 aliqui
1692 4704 1727 4753 cx
1742 4685 1826 4750 llau·

313 4921 361 4977 lv.
374 4921 416 4977 Ex
426 4922 485 4979 eod.
496 4939 568 4980 mus.
583 4925 709 4981 Britann.
721 4923 807 4980 addit.
822 4923 917 4992 14403,
929 4925 950 4980 i.
964 4922 1025 4980 155.
1079 4919 1152 4973 haud
1165 4919 1264 4976 leviter
1276 4925 1411 4976 mutatum
1431 4925 1461 4976 st
1478 4919 1648 4988 mutilatum,
1664 4934 1756 4990 graece
1775 4933 1825 4972 sx-

318 5011 341 5075 1)
362 5014 465 5082 Agitur
484 5013 517 5066 da
537 5013 662 5069 Concilio
677 5030 704 5069 a.
715 5013 780 5082 256,
793 5015 865 5087 quod
879 5017 1025 5086 septimum
1079 5015 1137 5065 rear
1159 5011 1233 5083 apud
1251 5013 1387 5067 Zonarsm
1410 5027 1446 5067 ex
1463 5011 1579 5082 antiqua
1597 5008 1732 5065 versione.
1754 5007 1822 5062 lbid.

280 5097 336 5153 luit
354 5102 407 5154 sub
426 5101 567 5175 Cypriane
587 5107 615 5157 et
633 5103 746 5158 tertium
760 5102 793 5156 de
805 5101 960 5174 Baptismo·
980 5101 1026 5156 cl.
1083 5098 1162 5157 1070.
1182 5101 1249 5166 Quas
1268 5105 1350 5156 sucta
1362 5102 1396 5155 ad
1415 5107 1499 5174 typos
1518 5100 1614 5174 peravi
1633 5100 1662 5153 in
1679 5099 1825 5152 continue·

279 5186 385 5243 Petrol.
410 5187 459 5246 ist.
480 5194 502 5245 t
521 5205 573 5260 ιιι,
593 5190 648 5246 rol.
672 5189 749 5244 1051.
769 5189 840 5244 ldsru
860 5188 1025 5257 Concilium,
1080 5193 1155 5247 tione
1173 5190 1253 5246 duris
1271 5193 1420 5248 serenant.
1443 5192 1578 5246 Ornnor.
1600 5196 1620 5244 t.
1642 5204 1682 5244 ιιι.
