3998 6080
301 485 338 548 aa
800 463 802 468 ’
864 476 1001 544 curvis
1022 476 1052 541 s.
1077 475 1285 542 anarroros

344 631 392 695 19.
409 629 548 706 Psallere,
563 647 636 712 opus
651 629 757 694 honum
771 645 920 693 exercerc:
937 625 971 690 ln
985 626 1125 711 psalterio
1139 626 1238 694 decem
1252 626 1426 692 chordarum
1442 628 1558 712 psallite
1572 631 1611 695 ei.

342 746 390 809 11.
408 743 576 821 Canticum,
592 743 629 808 ad
644 741 919 827 contemplativam
936 741 1060 827 psallere
1074 743 1197 808 refertur
1208 742 1246 808 ad
1260 743 1391 808 activam
1405 744 1511 822 uitam,
1527 745 1578 811 ubi
1593 757 1623 812 et
1637 765 1736 831 supra.

342 858 558 939 latinitate,
575 859 684 924 clamor
696 857 824 942 spiritali
840 857 953 923 fervore
971 857 1144 940 expressior,
1160 855 1223 922 sive
1237 857 1377 940 gaudium
1391 857 1538 925 ineffabile
1552 860 1630 944 quod
1649 859 1777 926 humana
1793 861 1847 926 lin-

301 995 359 1058 gua
375 974 491 1058 plenius
506 974 558 1038 lari
574 991 633 1039 non
647 974 739 1040 valet.
755 974 790 1038 ln
804 974 931 1059 psalmo:
947 974 1059 1040 Beatus
1071 973 1196 1058 populus
1209 971 1260 1056 qui
1276 972 1332 1037 seit
1342 972 1556 1056 jubilationem.

342 1091 391 1157 i3.
408 1089 598 1167 Psalterium,
612 1107 701 1174 opera
715 1088 801 1154 bona.
817 1086 852 1152 In
867 1087 995 1172 psalmo:
1012 1086 1185 1152 Psalterium
1196 1085 1358 1168 ineundum
1372 1107 1439 1153 cum
1451 1089 1577 1156 eithara.

345 1205 392 1270 11.
409 1204 540 1282 Cithara,
556 1212 659 1287 pectus
676 1203 716 1285 [p.
734 1203 784 1284 99]
799 1202 950 1282 deuotum,
967 1201 999 1267 in
1012 1219 1071 1286 quo
1085 1209 1225 1285 tanquam
1239 1201 1323 1270 nerui
1338 1213 1408 1268 sunt
1427 1203 1565 1284 virtutes,
1579 1204 1634 1271 hoc
1644 1215 1690 1271 eat
1703 1205 1848 1290 spiritalia

302 1320 390 1386 bona.
406 1319 441 1385 ln
456 1319 585 1404 psalmo:
602 1319 730 1401 Exurge,
747 1317 919 1401 psalterium
933 1325 964 1384 et
978 1316 1100 1398 cithara,
1121 1317 1162 1397 [id
1174 1326 1221 1383 est
1232 1319 1330 1401 opera]
1348 1338 1414 1384 cum
1431 1321 1499 1385 fide.

345 1437 393 1500 15.
411 1437 450 1502 lta
463 1435 494 1501 in
508 1435 616 1501 malam
631 1443 757 1520 partem,
779 1434 808 1499 in
828 1433 931 1499 Esaia:
955 1431 1072 1498 Cithara
1093 1441 1124 1496 et
1144 1432 1207 1515 lyra
1229 1442 1259 1498 at
1280 1443 1453 1517 tympanum
1474 1435 1626 1502 elvirum
1648 1438 1677 1503 in
1698 1437 1848 1503 conviviis

303 1553 423 1617 vestris.

345 1667 393 1732 16.
410 1664 583 1732 Psalterium
605 1665 706 1732 decem
726 1663 912 1742 chordarum,
928 1664 1058 1749 operatio
1072 1663 1172 1731 decem
1186 1673 1397 1748 praceptorum
1412 1665 1507 1748 Legis
1521 1664 1555 1730 In
1579 1665 1706 1749 psalmo:
1722 1665 1757 1732 In
1771 1667 1849 1751 psal-

305 1781 379 1848 terio
400 1781 500 1847 decem
522 1779 695 1847 chordarum
715 1779 831 1864 psallite
851 1778 888 1844 ei.
906 1779 943 1843 llt
965 1777 1019 1844 ibi:
1043 1776 1078 1844 In
1091 1777 1191 1844 decem
1205 1777 1379 1844 chordarum
1394 1779 1531 1864 psalterio
1549 1799 1616 1846 cum
1630 1783 1744 1848 cantico
1764 1792 1795 1848 et
1808 1781 1850 1848 ci-

306 1898 401 1976 thara,
424 1897 454 1962 id
474 1904 520 1963 est
542 1895 664 1962 seientia
685 1904 716 1961 et
738 1894 807 1962 fide.

347 2015 395 2078 11.
412 2014 575 2097 Organum‚
590 2014 688 2092 homo,
703 2011 767 2078 sire
781 2029 888 2096 corpus
899 2009 1085 2077 dominicum.
1098 2009 1133 2075 In
1147 2011 1274 2095 psalmo:
1290 2011 1420 2078 laudate
1437 2031 1504 2078 eum
1515 2012 1545 2078 in
1557 2011 1672 2080 choralis
1685 2024 1715 2079 ct
1728 2033 1850 2095 organo.

296 2155 297 2160 ¹
348 2131 398 2196 l8.
413 2132 450 2197 Et
471 2130 502 2196 in
523 2129 612 2196 aliam
633 2137 746 2214 partem
762 2126 800 2194 dc
813 2128 892 2194 rana
907 2127 1062 2212 impiorum
1076 2127 1178 2192 latitia
1193 2128 1221 2193 in
1237 2129 1306 2194 lob:
1324 2129 1436 2194 Tenent
1454 2141 1626 2215 tympanum
1646 2141 1676 2196 et
1696 2131 1852 2213 citharam,

306 2256 337 2313 et
356 2246 488 2331 gaudent
506 2246 545 2312 ad
566 2248 694 2312 sonitum
715 2246 830 2328 organi.

348 2363 396 2428 49.
412 2362 609 2445 Tpmpanum,
625 2379 733 2444 corpus
746 2368 932 2426 attenuatum
944 2358 1064 2443 jejunio.
1083 2358 1115 2424 In
1132 2359 1259 2443 psalmo:
1277 2359 1407 2427 laudate
1421 2380 1487 2427 aum
1503 2361 1531 2426 in
1546 2371 1687 2447 tympano
1708 2372 1739 2429 et
1753 2362 1853 2429 choro.

215 2513 222 2529 ·
347 2479 397 2542 tto.
413 2479 451 2542 Et
472 2477 501 2540 in
521 2476 630 2542 malam
651 2485 782 2561 partem:
806 2476 921 2542 Tenent
941 2484 1126 2558 tympanum.

348 2594 397 2658 51.
414 2591 538 2670 Chorus,
559 2591 712 2658 eoncordia
733 2590 899 2670 charitatis,
916 2589 969 2656 ubi
991 2599 1021 2656 et
1041 2605 1148 2673 supra:
1172 2589 1304 2658 laudate
1323 2611 1390 2658 eum
1412 2591 1443 2657 in
1464 2601 1605 2677 tympano
1625 2602 1655 2659 ct
1676 2592 1774 2660 choro.

349 2711 454 2774 5991
474 2708 504 2774 in
524 2708 612 2774 aliam
633 2716 759 2794 partem,
781 2708 811 2772 in
833 2707 997 2774 Hieremia:
1021 2711 1130 2772 Versus
1150 2715 1196 2772 est
1217 2707 1247 2772 in
1269 2707 1377 2773 luctum
1398 2707 1501 2774 chorus
1522 2717 1631 2775 noster.
1648 2710 1686 2775 m
1706 2709 1795 2774 alibi:
1819 2711 1857 2776 ut

307 2845 450 2908 organum
471 2845 568 2892 meum
589 2827 619 2889 in
640 2845 714 2892 voce
734 2825 877 2892 flentium.

350 2943 399 3009 ta.
415 2941 508 3024 Tube,
530 2942 613 3008 vocis
632 2941 774 3008 exultatio
796 2942 824 3006 in
847 2940 1054 3021 predicatione
1074 2939 1189 3016 divina,
1210 2939 1275 3004 sire
1291 2940 1332 3022 [p.
1345 2941 1395 3020 91]
1412 2939 1551 3004 exaltatio
1574 2938 1603 3004 in
1625 2939 1712 3006 laude
1735 2941 1799 3007 llei.
1822 2941 1852 3004 ln

310 3057 436 3141 psalmo:
459 3056 494 3122 In
515 3057 596 3125 tubis
615 3057 744 3123 abietum
764 3066 795 3124 et
815 3075 888 3122 uoce
908 3057 987 3122 tultae
1008 3071 1130 3121 cornea.
1145 3055 1183 3142 Et
1198 3053 1227 3119 in
1243 3056 1348 3120 Amos:
1366 3054 1395 3120 Si
1416 3055 1555 3122 cecinerit
1576 3057 1644 3122 tuba
1668 3058 1697 3123 in
1719 3057 1853 3136 ciuitate,

309 3183 340 3239 et
359 3174 483 3258 populus
504 3193 563 3239 non
582 3173 762 3257 expavescit.

350 3291 399 3354 51.
415 3291 569 3375 Cymbala,
590 3290 667 3354 labia
689 3291 782 3355 ileum
793 3289 1010 3373 ,[eonlitentia]‚
1025 3289 1074 3354 vel
1089 3288 1207 3354 dilectio
1229 3287 1280 3352 llei
1296 3295 1326 3353 et
1339 3287 1474 3372 preximi.
1496 3288 1532 3354 In
1548 3289 1700 3372 psalterio:
1719 3289 1850 3356 laudate

311 3424 377 3469 eum
398 3403 430 3471 in
451 3405 594 3490 cymbalis
614 3406 690 3473 bene
710 3405 894 3471 sonantibus.

352 3519 400 3584 lili.
418 3518 551 3597 Clrordae,
573 3520 697 3586 virtutes
719 3521 748 3586 in
769 3519 855 3585 corda
876 3529 1040 3584 sanctorum
1062 3529 1199 3586 extenta.
1224 3521 1257 3586 ln
1278 3509 1403 3606 psalmo:
1427 3521 1599 3588 ln-clrordis
1619 3533 1650 3589 et
1670 3543 1791 3604 organo.

353 3637 401 3700 56.
421 3637 515 3719 Lyre,
537 3635 677 3701 exultatio
697 3645 875 3729 sanatorum.
899 3636 931 3701 ln
954 3635 1212 3720 Paralipomenon:
1237 3639 1270 3702 ln
1293 3638 1365 3721 lyris
1386 3646 1417 3703 et
1436 3638 1554 3703 nabliis.

353 3753 402 3816 ta.
418 3750 452 3815 Iu
472 3750 579 3817 malam
600 3760 722 3834 partem,
743 3752 774 3815 in
795 3755 899 3816 Amos:
922 3753 960 3816 Et
980 3751 1093 3816 cantica
1115 3753 1187 3834 lprm
1206 3762 1266 3819 tuan
1287 3772 1346 3819 non
1367 3753 1498 3819 audiam.

314 4007 369 4063 quo
383 4006 467 4062 supra
478 4009 507 4061 p.
522 3990 567 4046 48.
582 3992 675 4046 Series
688 3997 779 4044 aulem
799 3994 949 4046 resumitur
961 3993 989 4045 in
1003 4007 1062 4046 me·
1115 3998 1251 4049 mimicum
1264 4010 1404 4066 erponem
1416 3996 1496 4049 homo
1508 3997 1540 4048 itt
1551 3997 1668 4064 psalmo.
1679 3995 1725 4051 Sie
1739 3999 1856 4065 uterque

314 4079 360 4132 dia
378 4096 408 4150 p.
428 4078 463 4132 89
483 4080 513 4147 Ο,
533 4080 599 4150 quin
620 4084 718 4133 neuter
731 4081 872 4133 amborum
885 4081 1011 4154 apelleum
1025 4081 1062 4134 li·
1116 4083 1212 4138 codex.

314 4170 424 4224 basrius
444 4170 600 4241 suspicatus
619 4171 767 4241 quidquam
788 4173 882 4227 luerit.
1152 4171 1196 4226 47.
1217 4171 1264 4226 Ps.
1279 4186 1323 4243 on,
1337 4169 1363 4227 4.
1376 4201 1412 4213 -
1424 4170 1468 4228 48.
1483 4173 1534 4228 Job
1547 4190 1606 4240 ιιι,
1623 4172 1664 4228 12.

351 4259 397 4314 40.
418 4259 464 4314 Ps.
478 4275 566 4328 xxxrr,
577 4257 604 4315 2.
618 4289 654 4302 -
666 4259 710 4314 42.
725 4263 771 4316 Ps.
785 4277 919 4329 nxxxvrn,
936 4260 978 4315 16.
1152 4260 1196 4313 19.
1217 4260 1264 4314 Ps.
1279 4275 1322 4327 on,
1334 4258 1362 4313 4.
1377 4289 1410 4300 -
1421 4258 1468 4315 50.
1482 4261 1534 4315 Job
1546 4277 1603 4328 ur,
1621 4262 1663 4316 12.

351 4349 397 4403 43.
417 4349 464 4404 Pa.
478 4365 564 4418 cxxx,
578 4347 604 4404 3.
618 4380 655 4392 -
665 4348 710 4402 44.
726 4350 771 4404 Ps.
786 4366 841 4417 nur,
854 4350 881 4406 9.
1151 4347 1197 4400 51.
1217 4351 1316 4404 choros
1334 4351 1369 4417 A,
1387 4367 1471 4405 corus
1491 4349 1521 4406 C.
1542 4351 1588 4407 Pa.
1603 4366 1646 4418 cn,
1658 4351 1686 4406 4.

353 4439 398 4495 45.
418 4439 453 4495 Is.
467 4453 494 4507 u,
510 4435 552 4492 12.
1151 4437 1196 4492 52.
1216 4438 1320 4494 Τ1ιι6ιι.
1334 4455 1362 4506 ιι,
1379 4437 1419 4510 15;
1433 4441 1493 4496 lob.
1509 4457 1576 4509 xxx,
1589 4438 1635 4497 31.

352 4527 398 4583 46.
419 4527 466 4582 Pa.
480 4544 567 4596 xxxrr,
579 4527 607 4582 2.
622 4533 653 4582 in
671 4530 804 4598 psalterio
817 4545 871 4582 orn.
887 4529 917 4582 C.
931 4557 967 4568 -
983 4528 1063 4582 Prae·
1152 4525 1196 4581 53.
1218 4526 1264 4581 Ps.
1280 4541 1364 4597 nourr,
1377 4527 1404 4596 63
1417 4529 1513 4593 Amos,
1527 4547 1566 4598 ιιι,
1579 4528 1607 4585 6.

319 4623 396 4672 teres
408 4617 437 4670 in
450 4617 505 4671 fine
518 4616 611 4671 eadem
626 4618 770 4672 verborum
781 4621 913 4688 junctura
925 4615 1020 4684 inepta
1033 4615 1066 4667 fit
1153 4615 1198 4678 54,
1216 4613 1260 4669 55.
1278 4613 1323 4671 Ps.
1337 4630 1381 4681 on,
1394 4615 1421 4672 5.
1436 4647 1471 4657 -
1481 4617 1526 4672 56.
1541 4633 1549 4670 ι
1564 4615 1655 4673 Parsl.
1670 4633 1718 4684 xv,
1734 4615 1775 4670 16.

318 4707 347 4761 in
357 4706 430 4761 hunc
442 4705 551 4763 modum
563 4726 569 4760 :
583 4710 700 4763 scicntia
711 4718 735 4761 ct
747 4709 813 4781 fide,
825 4711 882 4762 siue
894 4721 995 4776 corpus
1007 4705 1065 4758 Do·
1152 4703 1198 4757 57.
1220 4703 1304 4758 Amos
1317 4721 1344 4772 v,
1355 4703 1401 4759 23.
