4038 6088
864 519 902 586 ΙΝ
927 519 1100 586 usitatos
1700 522 1757 587 tua

253 673 288 736 '0
303 671 523 746 ἀνεπιλήπτως
538 674 623 755 βιῶν,
636 661 809 759 θνειθισμθν
826 673 861 735 οὺ
877 673 957 759 λαμ·
1050 667 1109 748 Qui
1130 668 1195 735 sins
1214 669 1300 751 culpa
1317 668 1409 748 vivit,
1424 669 1613 754 opprobrium
1632 687 1692 736 non
1712 687 1757 736 ra·

208 769 296 841 θάνει
319 774 371 840 teri
393 775 467 852 τοὺς
489 775 637 868 έγγιστας
661 779 767 842 αὑτοῦ.
1010 773 1083 858 cipit
1103 789 1174 855 erga
1194 772 1310 840 viciuos
1331 791 1413 839 euos.

251 899 281 942 v.
297 881 325 944 θ.
340 881 384 946 Τὸ
398 879 539 972 ἀργύριον
554 885 651 946 αὑτοῦ
664 885 719 946 οὐκ
735 871 849 945 tuem
862 879 954 963 τόκῳ.
1050 896 1083 942 ν.
1100 879 1129 942 θ.
1146 876 1302 942 Pecuniam
1314 895 1399 941 suum
1411 897 1468 942 ιιοη
1482 877 1558 942 dedu
1570 878 1610 944 ad
1623 897 1754 944 usurum.

253 993 354 1052 Τοῦτο
378 985 506 1051 λεκτέον
530 986 603 1078 πρθς
628 985 699 1063 τοὺς
729 983 892 1063 τοκιστάς,
916 989 956 1061 ῶς
1050 979 1085 1044 td
1105 981 1184 1062 quad
1204 980 1361 1046 dicendum
1380 981 1618 1064 foeneratoribus,
1640 984 1684 1048 uti
1705 985 1757 1050 int·

208 1092 382 1157 κωλυτικθν
395 1101 454 1167 τῆς
466 1095 497 1156 ἰν
513 1092 590 1183 ἁγίῳ
603 1092 666 1182 ὄρει
678 1090 955 1167 κατασκηνώσεως.
1010 1085 1209 1168 perimentum
1222 1087 1295 1168 quin
1309 1087 1465 1152 considant
1484 1088 1514 1152 in
1528 1099 1629 1155 monte
1642 1099 1754 1156 sanctu.

253 1198 330 1262 ibid.
354 1199 389 1264 ‘0
413 1208 508 1264 ποιῶν
532 1211 644 1277 ταῦτα,
670 1203 704 1265 οἰ
726 1197 956 1274 σαλευθήσεται
1049 1189 1130 1254 [biti-
1148 1189 1208 1269 Qat'
1228 1192 1306 1273 satit
1316 1193 1395 1274 trec,
1416 1210 1474 1257 aaa
1491 1193 1650 1258 movebitur
1663 1193 1696 1258 itt
1709 1211 1758 1258 ue·

207 1311 248 1382 εἰς
271 1303 326 1373 τθν
347 1311 455 1370 αἰῶνα.
1011 1303 1131 1360 tomum.

252 1408 408 1481 Εὺσεθίου.
421 1414 462 1481 “0
478 1439 516 1508 γε
542 1415 603 1505 μὴν
621 1419 697 1504 ὁμοῦ
712 1415 817 1482 πάντα
837 1440 956 1508 repon«.
1050 1402 1179 1468 Ειιιιθίἰ.
1201 1403 1302 1468 Juetue
1329 1403 1457 1502 demum,
1480 1405 1531 1489 qui
1552 1405 1651 1472 omnia
1670 1405 1757 1471 simut

205 1520 428 1611 τηρςθμημέοα
451 1520 662 1611 κατορθώσας,
680 1521 846 1599 &emnem
869 1523 957 1614 γενό.
1010 1505 1181 1578 numerate
1200 1511 1336 1595 superius
1356 1511 1388 1576 in
1408 1513 1540 1578 ordinem
1560 1512 1685 1595 redegit,
1707 1513 1757 1596 qui

207 1650 307 1715 μενος,
324 1627 377 1692 καὶ
393 1637 454 1692 πᾶν
471 1627 509 1692 τό
525 1638 616 1718 σῶμα
630 1639 689 1704 τῆς
704 1629 787 1694 κατὰ
803 1627 881 1695 Θεὸν
898 1652 956 1695 πο.
1009 1617 1048 1681 ad
1068 1615 1235 1682 eorenidem
1255 1617 1409 1699 recedens,
1425 1619 1654 1702 universamque
1671 1620 1757 1685 ratio-

206 1737 323 1811 λιτείας
355 1735 546 1824 ὁλόκληρον,
575 1735 678 1825 ὥσπερ
709 1734 762 1800 καί
791 1735 872 1825 ὑγιὲς
904 1735 956 1799 καὶ
1009 1725 1214 1807 nemexigens
1228 1725 1299 1790 vitae
1312 1726 1472 1792 seeundum
1493 1726 1585 1791 neum
1601 1726 1755 1807 ἰοειίιυιιο,

206 1851 299 1906 πᾶσιν
321 1838 447 1933 ἀγαθοῖς
463 1840 566 1933 λόγων
578 1863 616 1906 τε
628 1841 681 1905 καθ
694 1841 790 1932 ἔργων
805 1845 957 1932 ἀπηρτισ.
1009 1829 1102 1896 Veluti
1115 1831 1230 1913 iiiiessffl
1244 1832 1378 1898 servavit
1391 1832 1489 1898 omnia
1503 1842 1533 1897 θθ
1545 1849 1712 1898 Sermonum
1726 1842 1758 1898 θθ

209 1947 299 2036 μένον
318 1939 520 2036 διατηρήσας,
537 1952 571 2012 οὺ
588 1947 815 2022 σαλευθήσεται
836 1953 878 2024 εἰς
901 1947 956 2014 τὸν
1009 1956 1131 2021 operum
1151 1937 1228 2004 bont
1249 1939 1394 2023 exempla,
1415 1959 1473 2004 nor
1486 1940 1707 2008 commovebitur
1727 1941 1758 2004 θι

208 2057 312 2118 αἰῶνα
1010 2055 1164 2116 aramum.

840 2282 1009 2356 Peaimue
1033 2281 1120 2355 XV.

254 2501 281 2542 ν.
308 2477 404 2545 ἰ.οθ
429 2479 472 2569 μθ
499 2481 666 2574 συναγάγω
690 2479 746 2556 τοίς
771 2479 954 2573 συναγωγὰς
1048 2496 1080 2543 ν.
1104 2477 1132 2541 i.
1154 2476 1223 2544 Νοιι
1243 2477 1417 2561 enumerate
1444 2478 1637 2543 οοιιοιοιίουίο
1661 2495 1759 2542 eorum

208 2574 311 2652 αὐτῶν
324 2581 356 2666 ἐξ
369 2580 601 2677 αἰμάτων,οθθὲ
614 2587 656 2678 μὴ
673 2587 801 2676 μνησθῶ
812 2599 875 2656 τῶν
889 2593 955 2653 ὀνο-
1008 2587 1043 2650 de
1055 2585 1255 2670 εσιιρυίιιίθοε,
1275 2605 1364 2670 neque
1382 2586 1556 2651 ιιιειοίοαίιιι
1574 2587 1692 2650 emera
1706 2605 1759 2652 εο-

209 2694 317 2784 μάτων
333 2700 435 2759 αὐτῶν
453 2687 505 2760 θιά
519 2696 649 2786 χειλέων
667 2720 735 2784 μου.
758 2694 818 2759 Vat.
836 2695 907 2773 631,
922 2696 951 2756 Ξ.
1008 2714 1072 2758 rum
1092 2712 1144 2777 per
1165 2693 1243 2758 tabia
1262 2711 1336 2760 meu.

254 2802 411 2893 Συνάγων,
429 2801 514 2892 φησί,
532 2801 714 2895 συναγωγάς
727 2808 762 2868 ἑκ
774 2814 836 2868 τῶν
849 2804 954 2884 ἐθνῶν,
1049 2801 1255 2884 Congregans,
1279 2799 1392 2884 inquit,
1414 2809 1577 2866 conventus
1603 2800 1757 2882 gentium,

210 2913 245 2973 οὺ
271 2899 308 2973 δι’
333 2908 474 2996 αἱμάτων
498 2908 579 2974 αὑτά
602 2903 732 2989 συνάξω,
749 2901 819 2975 ortt
838 2934 956 3002 παρασ-
1008 2910 1087 2976 haud
1108 2927 1159 2975 eas
1179 2908 1211 2973 in
1231 2907 1425 2990 sanguinibus
1445 2908 1640 2989 euagregabo,
1660 2925 1758 2990 nsque

209 3015 332 3081 κευάσω
361 3006 413 3080 aa
439 3025 497 3091 τῆς
521 3027 649 3104 νομικῆς
672 3039 725 3104 μοι
751 3014 956 3107 προίρχεσθαι
1009 3014 1171 3097 procurabo
1185 3030 1236 3080 eas
1249 3013 1287 3077 ad
1301 3011 1529 3078 meadeundum
1543 3030 1595 3093 per
1608 3012 1695 3095 Legis
1716 3013 1757 3076 ie·

209 3123 365 3211 λατρείας,
389 3113 426 3186 δι’
453 3121 597 3198 αἰνέσεως
620 3114 654 3187 tt
677 3126 797 3210 μᾶλλον
822 3122 875 3186 καί
897 3132 955 3198 της
1008 3118 1163 3202 mutatum,
1175 3137 1280 3185 verum
1294 3137 1348 3201 per
1363 3118 1537 3183 sacrificium
1550 3118 1647 3184 laudis
1662 3118 1760 3200 potitis

210 3227 406 3317 ἀναιμάκτου
422 3225 535 3302 θυσίας·
548 3227 647 3291 πάλαι
659 3226 725 3315 μέν,
738 3227 841 3316 ρησίν,
855 3226 900 3292 ἐπ’
919 3221 956 3292 ά·
1009 3233 1040 3290 et
1058 3225 1161 3291 hostiae
1174 3227 1345 3291 incruentae.
1361 3225 1438 3291 Olim
1451 3227 1585 3309 quidem,
1601 3227 1654 3304 ait,
1669 3227 1759 3309 digna

211 3329 277 3413 ξέαν
306 3344 369 3398 τῶν
393 3328 533 3424 πράξεων
556 3335 714 3425 ἐπήγοντο
737 3336 955 3426 προσηγορίας,
1009 3333 1102 3415 gestis
1113 3333 1176 3399 suis
1189 3332 1308 3398 numina
1321 3332 1379 3396 sibi
1399 3341 1616 3416 compararunt,
1639 3332 1759 3399 idolola-

210 3433 449 3531 εἰδωλολάτραι,
472 3439 619 3506 πολθθεοι
642 3436 874 3531 ὀνομαζόμενοι·
904 3451 955 3505 νῦν
1011 3446 1074 3519 trae,
1088 3439 1214 3523 plurium
1225 3438 1352 3504 cultores
1362 3438 1482 3504 deorum
1492 3439 1758 3522 nuncupati.Nunc

210 3539 244 3613 θί
260 3547 365 3612 οὐκέτι
382 3546 603 3638 μνησθήσομαι
619 3557 681 3613 τῶν
698 3549 860 3638 ὀνομάτων
877 3549 956 3614 ἐκεί·
1010 3564 1082 3613 vero
1096 3545 1176 3611 haud
1191 3545 1317 3629 amptius
1331 3562 1440 3612 memor
1454 3564 1505 3612 ero
1519 3545 1688 3630 hujusmodi
1705 3566 1757 3613 no-

209 3679 278 3720 νων·
293 3648 428 3733 etesias<
443 3655 555 3732 αὐτοὺς
571 3655 624 3721 καὶ
641 3657 755 3749 ἁγίους,
771 3656 907 3734 κλητοθς
919 3680 956 3722 τε
1010 3655 1133 3736 ωἰουω,
1146 3654 1217 3737 quin
1233 3654 1323 3719 imme
1336 3671 1388 3719 soe
1401 3653 1557 3737 appellabo
1572 3655 1636 3738 pies
1646 3666 1677 3722 et
1690 3675 1757 3721 san-

212 3761 265 3827 καί
288 3762 453 3841 ἐκλεκτοὺς
476 3759 645 3853 ὀνομάζων.
1010 3773 1083 3844 etos,
1106 3771 1228 3828 vocatos
1248 3771 1278 3827 et
1298 3761 1417 3827 eiectos.

253 3886 285 3929 v.
309 3868 338 3930 9.
361 3868 422 3933 Καὶ
444 3869 666 3961 ἠγαλλιάσατο
689 3875 708 3942 ἠ
733 3870 862 3962 γλῶσσά
885 3894 955 3959 μου.
1048 3888 1081 3934 v.
1105 3871 1134 3934 9.
1156 3868 1370 3936 aucmentavit
1389 3869 1488 3951 linqua
1507 3888 1581 3935 utun.

252 3980 401 4040 Γλῶσσαν
415 3986 467 4040 νῦν
479 3977 565 4068 λέγει
581 3977 619 4042 τθ
634 3977 774 4067 χάρισμα
789 3987 846 4043 τοῦ
861 3978 956 4043 Πνεθ-
1049 3977 1194 4060 Linguam
1215 3995 1294 4042 nunc
1312 3986 1403 4043 vocat
1422 3979 1568 4043 charisma
1589 3978 1727 4063 Spiritus

211 4106 318 4172 ματος.

242 4295 288 4350 Ρε.
308 4295 337 4348 Χ
342 4295 374 4363 θ’,
387 4313 414 4350 ο.
434 4294 461 4350 4.
477 4295 543 4350 vat.
561 4292 603 4349 14.
623 4295 691 4358 Quae
709 4294 874 4366 compendio
892 4293 957 4367 plue
1009 4300 1072 4355 dem
1085 4298 1222 4369 haeredes,
1236 4299 1291 4354 niet
1304 4298 1376 4370 quod
1387 4302 1447 4370 jem
1460 4299 1549 4353 totum
1563 4297 1624 4354 siue
1640 4297 1700 4353 ulle
1711 4315 1758 4352 νε-

206 4384 299 4438 minue
319 4389 464 4453 truncate,
486 4386 516 4438 in
535 4382 679 4439 nonnullis
699 4400 762 4439 rere
781 4384 826 4438 bie
846 4388 957 4438 recocta
1010 4390 1122 4458 rietate,
1142 4393 1247 4461 praeter
1265 4387 1318 4442 duo
1343 4388 1427 4442 verbe
1445 4392 1479 4446 eb
1504 4388 1595 4456 initio,
1614 4387 1757 4459 prodierat

209 4475 320 4526 exstent
332 4473 404 4544 apud
418 4473 611 4528 Athanasium.
632 4472 711 4528 Haud
729 4471 874 4543 eleganter
891 4490 956 4528 vero
1009 4476 1082 4547 epud
1102 4475 1272 4531 Corderium.
1293 4475 1438 4532 Meurinoe
1456 4480 1549 4530 eutem
1568 4475 1620 4530 hoo
1634 4475 1754 4547 fugisse,

208 4561 346 4617 Eusebius
356 4563 451 4617 eedem
462 4563 523 4618 fuse
533 4567 696 4635 persecutus
705 4566 757 4617 eet.
766 4564 861 4634 Neque
872 4564 957 4618 etiem
1009 4567 1041 4617 ut
1052 4563 1109 4617 elie
1120 4562 1203 4635 plura
1222 4563 1358 4633 uerterit,
1378 4579 1454 4635 aegre
1472 4563 1563 4618 video.
1578 4563 1632 4620 Sed
1646 4564 1754 4617 utinam

211 4649 955 4724 omisitpiuredecerpereTheodorueHereeieote.·-
1010 4669 1044 4707 ex
1062 4652 1156 4725 atiquo
1177 4651 1295 4708 latibulo
1314 4669 1408 4724 graeea
1426 4652 1557 4724 origenis
1575 4653 1605 4706 in
1624 4671 1649 4708 ν.
1669 4651 1687 4706 9
1706 4668 1755 4705 ex·

207 4738 285 4803 Quod
297 4756 362 4794 vero
374 4739 439 4794 huic
449 4739 557 4811 perimo
576 4741 716 4813 praemisit
735 4739 909 4809 Gallendiue‚
922 4740 956 4794 de
1009 4742 1141 4809 eiteutur,
1154 4757 1224 4812 quae
1236 4740 1325 4796 iatine
1343 4742 1423 4796 nobie
1439 4741 1558 4796 Rufinus
1571 4758 1605 4795 ex
1618 4742 1755 4813 Δροίορίσ

208 4845 239 4884 re
258 4827 391 4886 athletice
409 4831 480 4886 satie
498 4831 611 4900 insigne
629 4829 805 4902 prooemium,
823 4827 896 4883 haud
908 4828 957 4883 im·
1009 4835 1102 4887 sancte·
1127 4831 1271 4902 Pamphile·
1295 4831 1329 4884 de
1353 4836 1527 4886 mortuorum
1550 4832 1754 4886 resurreetione

207 4917 307 4972 merite
319 4916 400 4973 tande
411 4919 530 4975 efferunt
542 4919 571 4974 iu
581 4911 749 4991 prefatione
761 4915 798 4974 εἰ.
812 4919 867 4974 viri
880 4922 904 4991 ej
910 4935 955 4974 ue·
1010 4920 1124 4979 retutirt
1146 4923 1184 4978 ci.
1206 4923 1262 4978 BB.
1281 4919 1345 4977 600.
