4038 6088
645 505 784 572 sancti
805 505 983 573 EUCflthl
1003 505 1131 572 CODEX
1152 507 1240 572 SAEC.
1266 507 1303 572 ΙΙ
1690 511 1748 575 tart

205 658 361 737 vocabula,
384 656 463 740 apud
483 655 661 724 Eucherium
680 654 849 738 vulgatum,
871 657 1063 739 quantamvis
1077 653 1253 739 incomptam
1266 676 1273 719 :
1288 657 1434 740 quomodo
1454 675 1524 742 ergo
1539 677 1598 726 non
1611 660 1751 728 anhelare

206 781 253 829 me
267 763 305 830 ad
319 761 496 828 Eucherium
510 760 694 841 defucatam,
708 759 930 844 primigenium,
948 761 979 826 in
992 758 1103 841 codice,
1127 770 1160 826 ιιι
1178 761 1275 843 aiant,
1291 781 1357 828 saec.
1374 763 1449 831 vlit

247 869 356 950 «Quin
377 869 465 936 immo
488 867 606 935 Surculi
629 867 754 934 Scatifo
776 868 822 934 lta
842 885 898 952 ego
919 867 996 934 ultro
1016 867 1161 947 clamavi,
1182 869 1282 934 statim
1302 878 1352 947 ut,
1375 878 1441 951 post
1468 870 1574 936 multas
1594 881 1626 937 ct
1649 871 1750 938 incre-

205 973 314 1042 dibiles
333 993 430 1042 rerum
450 981 481 1039 et
501 974 651 1039 hoaiindm
671 973 764 1054 viras,
788 974 864 1039 mihi
892 976 923 1040 in
945 974 1022 1044 Urba
1048 974 1169 1042 emicuit
1188 969 1353 1042 Eucherius
1373 976 1423 1042 ille
1446 977 1622 1060 tripertitas,
1645 978 1751 1044 litteris

207 1083 371 1149 uncialibus
385 1081 542 1166 expolitus,
557 1080 595 1145 ab
608 1080 777 1163 antiquario
791 1082 999 1166 propemodum
1020 1083 1186 1168 synchrono
1207 1083 1384 1149 membranis
1398 1086 1580 1164 commissus,
1596 1095 1686 1169 atque
1699 1087 1751 1151 ιιιι

206 1189 352 1256 exstincto
366 1187 510 1271 magistro
524 1185 726 1269 hasnonensi,
738 1186 798 1270 jam
819 1203 874 1253 saa
895 1188 1051 1254 immortali
1071 1196 1157 1254 reste
1170 1190 1307 1270 vestitas,
1324 1191 1354 1256 in
1369 1192 1488 1272 seculo,
1505 1194 1637 1276 inquam,
1652 1202 1753 1260 reato!

159 1293 166 1306 '
207 1299 317 1366 llarum
331 1315 414 1380 sane,
431 1315 507 1381 pene
520 1296 616 1361 dicam
630 1295 752 1359 unicam
772 1295 949 1379 exemplam,
971 1314 1022 1380 pro
1044 1297 1171 1361 auctoris
1185 1306 1217 1363 et
1237 1296 1347 1361 librarii
1366 1299 1416 1363 xix
1436 1317 1497 1364 non
1518 1301 1624 1382 aequali
1640 1304 1745 1367 atate!

208 1405 295 1487 Quod
309 1413 389 1471 certe
402 1421 458 1486 ego
471 1402 638 1468 minutatim
651 1399 781 1468 describi
799 1401 917 1483 jubeor,
939 1418 993 1465 nec
1011 1401 1072 1485 jam
1091 1417 1109 1463 a
1131 1400 1284 1468 subtiliore
1300 1401 1438 1485 indagine
1452 1414 1504 1468 aut
1520 1404 1627 1470 fusiore
1640 1406 1752 1471 calamo

207 1514 340 1595 refugere
361 1513 405 1577 fas
425 1522 481 1592 est,
505 1521 565 1576 tam
585 1513 684 1575 amris
709 1509 913 1593 significandae
940 1511 1047 1593 gretia,
1077 1528 1165 1594 qaam
1194 1516 1228 1574 ιιι
1247 1509 1454 1594 qualicumque
1474 1511 1560 1577 modo
1581 1513 1753 1596 suppleatur

207 1618 327 1701 imagini
345 1619 478 1698 sinceras,
502 1616 615 1682 heliaca
630 1625 705 1697 arte,
722 1625 755 1681 ut
775 1615 863 1693 solet,
882 1631 1041 1698 expressae,
1059 1630 1117 1696 qua
1137 1631 1193 1696 ego
1213 1615 1380 1697 interdicar,
1398 1615 1455 1681 nisi
1470 1626 1631 1700 temporum
1646 1618 1752 1702 iniqui-

209 1734 253 1790 tas
276 1725 394 1790 tandem
415 1728 471 1787 hoc
492 1723 656 1807 indulgeat.

246 1837 289 1898 hc
309 1832 434 1914 primum
454 1832 556 1911 codex,
572 1832 619 1898 ιιι
634 1849 712 1896 nunc
732 1846 880 1912 purpurea
901 1837 987 1894 reste
1007 1827 1129 1908 recenti,
1151 1845 1209 1911 qua
1235 1828 1303 1894 foris
1324 1829 1492 1910 obducitur,
1506 1839 1598 1915 atque
1612 1848 1701 1896 auree
1723 1842 1754 1897 et

207 1937 363 2020 variegata
384 1936 531 2002 interioris
553 1937 715 2019 tegumenti
743 1937 869 2022 pictura,
890 1935 991 2002 oculos
1020 1934 1160 2018 percellit.
1183 1936 1256 2001 Tum
1283 1936 1467 2018 quadruplici
1495 1938 1605 2020 pagina
1626 1938 1753 2019 orditur,

196 2043 383 2127 'capitalibus
398 2041 505 2108 litteris
517 2042 717 2126 superbiente,
734 2043 841 2125 rubris,
857 2043 1005 2126 fulvisque
1019 2043 1155 2108 versibus
1170 2043 1283 2108 alterna
1300 2045 1367 2108 vice
1383 2045 1534 2111 distincta.
1558 2047 1690 2127 Quarum
1704 2065 1755 2130 pa·

207 2150 348 2233 gallorum
369 2151 479 2232 prima,
501 2148 615 2215 caeteris
635 2149 833 2232 splendidior,
855 2166 873 2212 a
896 2158 977 2230 tergo
997 2147 1124 2229 cingitur
1144 2147 1282 2214 coronide
1307 2148 1469 2232 quadrata,
1493 2149 1581 2215 viridi
1601 2159 1633 2215 ιι
1659 2169 1753 2230 rosea,
1785 2194 1788 2200 -

208 2273 274 2340 quea
297 2254 410 2321 innexis
430 2255 557 2320 flosculis
577 2265 609 2321 et
631 2257 738 2320 trifidis
759 2254 912 2320 bracteolis
933 2259 1079 2332 aasabim
1101 2255 1288 2320 intertcxitur
1308 2255 1384 2332 (rid.
1408 2274 1438 2338 p.
1462 2257 1544 2336 506).

248 2363 338 2429 Totas
352 2364 427 2430 liber
442 2363 472 2428 in
493 2364 584 2430 forma
606 2364 710 2428 minori
732 2363 903 2447 quadratus,
926 2372 1042 2427 constat
1063 2362 1239 2428 membranis
1260 2363 1388 2444 signatis
1403 2362 1506 2428 CXlll.
1521 2366 1567 2430 ab
1581 2365 1676 2431 altera
1696 2365 1755 2432 lolii

209 2470 289 2537 tertii
311 2471 394 2551 facie,
411 2472 513 2536 insunt
529 2470 559 2534 in
579 2469 705 2552 singulis
725 2469 843 2552 paginis
863 2468 965 2534 decem
985 2477 1016 2533 ct
1036 2477 1102 2532 octo
1123 2487 1237 2545 versas,
1259 2470 1367 2552 recepti
1389 2468 1419 2533 in
1435 2488 1501 2535 area
1517 2489 1603 2555 pura,
1624 2472 1699 2538 intra
1711 2472 1757 2555 ju·

208 2585 270 2642 stus
284 2578 443 2659 margines,
465 2575 575 2661 duplici
596 2577 751 2643 distinctos
772 2576 849 2640 linea
870 2587 962 2652 reeta,
983 2575 1059 2640 sicco
1080 2575 1159 2658 stylo
1180 2576 1337 2661 insculpta.

251 2682 385 2767 Singulis
405 2683 529 2764 octonis,
553 2682 584 2745 in
605 2684 703 2747 medio
730 2679 821 2745 infimi
850 2679 992 2764 marginis
1019 2681 1126 2764 spatio,
1155 2683 1340 2750 ascribuntur
1364 2685 1478 2752 numeri
1498 2687 1523 2767 Ι,
1546 2687 1585 2766 Il,
1607 2687 1662 2766 ΙΙΙ,
1686 2688 1756 2768 1111,

210 2792 314 2872 (deest
335 2791 435 2857 folinm
456 2791 507 2856 ubi
529 2791 570 2870 Ι)
594 2791 640 2871 ΙΙ,
663 2789 735 2868 (ΙΙΙ
755 2810 835 2857 nam.
865 2792 920 2856 fuit
945 2792 1063 2857 excisas
1090 2811 1157 2856 cum
1176 2809 1227 2858 ora
1247 2792 1399 2873 inferiore)
1421 2794 1500 2873 Ι111,
1524 2795 1622 2878 Villi,
1644 2796 1681 2876 X,
1704 2795 1757 2875 xl,

209 2899 275 2980 xil,
292 2899 372 2966 Xlll.
388 2900 519 2966 Ιιιιιιιιιιι
538 2898 634 2973 ΧΙΙΙΙ,
649 2899 733 2981 cuius
747 2899 865 2983 quidem
885 2899 1087 2984 quaternionis
1107 2901 1222 2967 nonnisi
1243 2900 1302 2966 dau
1319 2902 1387 2967 folia
1409 2899 1552 2972 maculata
1574 2904 1755 2986 superfuere.
1800 2951 1802 2956 -

210 3008 273 3074 Fol.
288 3007 803 3089 ultimam113,susdequexersum,
816 3005 984 3072 addititiam
997 3016 1053 3085 est,
1069 3005 1232 3072 detractum
1248 3025 1283 3072 ea
1299 3007 1436 3088 psalterio
1448 3007 1579 3090 eiusdem
1589 3009 1687 3072 aetatis
1696 3026 1705 3088 ;
1719 3009 1758 3072 ibi

209 3124 292 3178 extra
305 3113 686 3196 choramlegunturpsalmi
698 3111 815 3177 lxxix
825 3121 1016 3191 octoversus,
1029 3113 1339 3194 necsuopretioaaret
1352 3115 1423 3179 illud
1435 3115 1705 3205 ἀποσπασμάτιον.
1725 3120 1759 3202 ¹).

250 3222 369 3304 lligida,
386 3222 519 3301 mbusta‚
542 3221 688 3304 plenaque
708 3219 879 3285 membrana
900 3229 955 3298 est,
977 3219 1030 3283 vix
1050 3235 1110 3284 uno
1130 3219 1261 3286 alterove
1282 3221 1363 3287 biatu
1384 3239 1491 3303 vacua,
1514 3239 1580 3305 quea
1609 3221 1639 3286 in
1663 3240 1760 3288 aarum

211 3331 400 3416 perennavit,
423 3339 642 3414 perennatque3
666 3327 805 3411 laevigata
826 3328 919 3406 satis,
941 3326 1035 3392 nitida
1059 3327 1249 3410 pleramque,
1272 3337 1302 3393 et
1323 3327 1447 3395 candide
1471 3327 1647 3394 flavescens.
1670 3331 1762 3393 Atra-

212 3449 354 3516 mentum,
368 3437 506 3519 primitus
517 3435 640 3501 tinctum
651 3432 963 3510 coloreleuiterfasco,
975 3430 1120 3497 nonnihil
1134 3431 1248 3514 palluit;
1261 3431 1364 3497 nullibi
1376 3434 1436 3500 fere
1446 3444 1601 3514 mutatum,
1613 3434 1669 3500 nisi
1683 3433 1762 3518 qaod

210 3549 362 3631 cujusdem
376 3541 545 3639 dropbaroa
559 3545 680 3630 gracilis
694 3543 835 3622 calamus,
848 3541 977 3608 densiori
992 3540 1105 3623 liquore
1119 3539 1258 3622 imbutus,
1274 3546 1448 3626 conspersit,
1465 3545 1591 3610 maxime
1609 3544 1647 3610 ab
1665 3543 1760 3632 initio,

210 3665 330 3740 puncta,
346 3657 457 3740 apices,
471 3662 632 3735 commata,
648 3653 725 3719 idem
743 3651 909 3735 sphalmata
929 3648 1117 3727 sollicitavit,
1124 3650 1314 3732 superposuit
1332 3651 1414 3718 leves
1434 3651 1518 3734 siglis
1532 3662 1563 3719 et
1580 3651 1763 3736 compendiis

212 3761 320 3842 obelos,
334 3763 478 3830 litteratas
492 3763 627 3842 inseruit,
643 3759 818 3827 emendandi
832 3775 921 3824 causa
935 3758 1026 3824 rerba
1040 3758 1192 3841 expunxit,
1215 3769 1361 3844 expuncta
1375 3763 1515 3844 restituit,
1532 3767 1621 3828 immo
1635 3763 1691 3827 sibi
1707 3759 1764 3826 for·

212 3870 290 3935 sitan
311 3870 477 3936 reservavit
497 3869 527 3936 in
549 3869 617 3934 folio
639 3870 697 3934 tta
720 3868 863 3951 integram
886 3869 1022 3951 paginam
1043 3867 1180 3951 priorem,
1203 3867 1330 3950 demptis
1349 3868 1465 3935 duobus
1484 3869 1523 3936 ab
1543 3870 1631 3936 initio
1649 3870 1763 3948 serbis,

214 3995 280 4062 qum
299 3977 337 4042 ad
359 3976 483 4043 altemm
504 3975 657 4041 librariam
679 3979 830 4060 pertinent
843 3980 879 4054 ι).
902 3975 959 4042 Sed
981 3984 1103 4058 aterque
1123 3975 1219 4040 scriba
1239 3975 1399 4059 maequalis
1419 3985 1475 4040 est.

254 4084 347 4152 Paulo
360 4093 457 4150 autem
476 4092 543 4169 post
562 4092 615 4151 ant
634 4082 737 4150 mdem
753 4093 892 4166 tempore,
908 4082 1011 4148 tertias
1024 4079 1120 4162 opifex
1136 4080 1260 4172 majores
1282 4080 1383 4145 titulos
1402 4081 1560 4164 expolivit,
1579 4081 1632 4147 sed
1653 4079 1765 4145 calamo

252 4315 273 4375 ¹)
294 4311 401 4381 Pagina
419 4308 518 4365 ultima
536 4309 661 4363 continet
679 4307 791 4360 initium
814 4321 857 4376 ps.
877 4320 963 4359 nxxrx
1017 4303 1122 4373 ditiori,
1141 4302 1319 4374 elegantiori,
1338 4302 1460 4357 maxima
1472 4303 1502 4357 ln
1516 4301 1621 4358 littaris
1640 4305 1766 4358 rotandis

213 4412 274 4452 ιιι.
298 4396 308 4450 Ι
330 4397 364 4450 ad
386 4395 429 4466 10,
449 4395 541 4451 deleta
560 4410 615 4449 nan
635 4398 690 4448 tam
704 4392 964 4465 aevoqusmefi'uso
1019 4392 1050 4463 0,
1064 4392 1094 4463 0,
1108 4393 1139 4464 lt,
1152 4393 1302 4462 D,G;eut
1314 4392 1511 4447 semirotundia
1530 4391 1572 4462 M,
1586 4393 1621 4460 T,
1635 4394 1664 4449 S.
1684 4395 1766 4448 -AE

213 4489 267 4543 atri
287 4488 372 4542 toxici
391 4486 511 4558 liquore.
530 4486 561 4539 ln
583 4483 672 4539 altera
696 4484 801 4555 pagina
821 4483 917 4535 insunt
936 4499 962 4536 ι.
1018 4482 1151 4536 scribitur
1169 4499 1219 4554 per
1238 4481 1260 4535 E
1279 4498 1341 4536 cum
1365 4480 1500 4536 subducta
1518 4480 1602 4539 linae.
1624 4482 1767 4552 Perpauca

217 4573 299 4630 ru-te
312 4593 375 4630 cum
389 4577 487 4646 paucis
505 4574 685 4629 varietatibus
705 4589 760 4624 non
779 4569 963 4643 spernendis:
1019 4571 1184 4641 compendia
1195 4574 1269 4625 aunt.
1286 4571 1328 4625 Ab
1346 4570 1426 4625 initio
1440 4570 1533 4636 στίχων
1547 4569 1648 4623 absunt
1661 4570 1766 4637 maJua·

214 4685 240 4723 ι.
258 4665 289 4720 10
302 4677 329 4722 et
340 4667 445 4736 repleta
455 4676 496 4721 est
508 4675 619 4720 terra...
632 4682 659 4717 ι.
673 4661 714 4717 12.
723 4663 856 4733 palmites
867 4661 963 4729 aius...
1019 4659 1103 4728 culae,
1123 4676 1177 4731 quo
1196 4659 1352 4730 significari
1372 4658 1482 4713 videtur
1493 4658 1617 4714 codicem
1637 4656 1767 4710 relictum

214 4775 241 4812 ι.
264 4754 296 4809 13
306 4765 339 4811 at
352 4755 423 4826 quid
434 4756 588 4824 deposuisti
600 4755 771 4807 macheriam
792 4753 888 4821 rjus...
902 4737 965 4804 οιῖἶι
1020 4747 1108 4803 fuisse
1126 4747 1333 4818 imperfectam,
1346 4749 1421 4802 inter
1433 4751 1592 4819 rejectanea
1611 4744 1709 4802 aaeculi
1728 4761 1767 4798 vr.

215 4854 265 4922 qui
285 4857 436 4905 transeunt
454 4848 564 4902 ciam...
583 4862 610 4898 ι.
635 4840 668 4896 15
681 4845 801 4898 Domine
816 4843 891 4896 Deua
905 4843 965 4895 oir-
1020 4839 1083 4894 Vox
1095 4840 1278 4907 macheriam,
1291 4840 1350 4891 tum
1361 4835 1536 4892 soloecismus
1545 4840 1638 4892 amaia
1647 4852 1699 4908 pro
1710 4851 1770 4890 om-

216 4951 319 5010 tatam,
339 4947 470 4994 converte
481 4953 571 5001 manc,
585 4937 726 5005 respice...
740 4951 767 4986 ι.
785 4928 817 4985 16
830 4943 856 4988 et
874 4932 967 5002 diripe
1021 4944 1071 4984 nes
1090 4925 1213 4982 scholam
1230 4926 1379 4980 scribentis
1398 4926 1502 4998 prodit,
1515 4943 1549 4980 na
1569 4924 1625 4980 alia
1643 4923 1770 4979 recolan-

216 5047 311 5087 aam...
331 5049 357 5085 ι.
382 5028 413 5083 17
432 5039 457 5084 et
473 5029 573 5100 effossa
588 5043 677 5080 manu
690 5027 725 5079 ab
739 5027 965 5094 increpatione...
1022 5023 1077 5074 tur.
1097 5018 1216 5072 Unicum
1238 5017 1357 5071 fortasse
1372 5018 1559 5088 fragmentum
1578 5019 1621 5070 est
1639 5012 1769 5070 Psalterii

217 5151 250 5164 -
263 5121 406 5191 integrum
425 5117 524 5172 folium
538 5121 591 5182 est,
605 5118 735 5169 consuas
754 5109 901 5167 versiculis
923 5109 966 5177 19,
1021 5109 1055 5165 ad
1076 5107 1212 5163 familiam
1224 5107 1451 5180 Lugdunensium
1469 5106 1604 5163 librorum
1622 5121 1771 5160 recensen-

217 5211 340 5283 ejusdem
352 5210 531 5276 membranae,
545 5205 722 5277 ejusdemque
736 5201 833 5257 formas
848 5217 880 5255 ac
893 5203 968 5255 totus
1022 5201 1060 5255 di.
1076 5231 1111 5242 —
1126 5205 1148 5264 Ιι)
1163 5199 1248 5254 Caute
1261 5216 1358 5255 moneo
1370 5196 1516 5254 consulare
1535 5213 1568 5251 ea
1586 5213 1649 5270 quae
1662 5194 1695 5248 ad
1709 5193 1769 5250 cod.

217 5301 313 5373 codex,
333 5301 381 5355 aed
400 5297 458 5355 slis
475 5298 612 5369 scriptam
630 5311 713 5350 manu
733 5292 863 5360 firmiori,
881 5307 967 5362 expa-
1024 5291 1045 5342 f.
1069 5289 1118 5342 109
1138 5290 1317 5344 notabuntur.
