<?xml version="1.0" encoding="UTF-8"?>
<!DOCTYPE html PUBLIC "-//W3C//DTD XHTML 1.0 Transitional//EN"
    "http://www.w3.org/TR/xhtml1/DTD/xhtml1-transitional.dtd">
<html xmlns="http://www.w3.org/1999/xhtml" xml:lang="en" lang="en">
 <head>
  <title>
</title>
<meta http-equiv="Content-Type" content="text/html;charset=utf-8" />
  <meta name='ocr-system' content='tesseract 3.04.00' />
  <meta name='ocr-capabilities' content='ocr_page ocr_carea ocr_par ocr_line ocrx_word'/>
</head>
<body>
  <div class='ocr_page' id='page_1' title='image "./analectasacrasp01pitrgoog_0452.png"; bbox 0 0 4044 6098; ppageno 0'>
   <div class='ocr_carea' id='block_1_1' title="bbox 712 903 1246 1307">
    <p class='ocr_par' dir='ltr' id='par_1_1' title="bbox 712 903 1246 1307">
     <span class='ocr_line' id='line_1_1' title="bbox 746 903 1214 1033; baseline 0 0"><span class='ocrx_word' id='word_1_1' title='bbox 746 903 1214 1033; x_wconf 78' lang='lat' dir='ltr'><strong>ORIGHNES</strong></span> 
     </span>
     <span class='ocr_line' id='line_1_2' title="bbox 712 1207 1246 1307; baseline -0.002 -2"><span class='ocrx_word' id='word_1_2' title='bbox 712 1207 798 1305; x_wconf 83' lang='lat' dir='ltr'><strong>ru</strong></span> <span class='ocrx_word' id='word_1_3' title='bbox 847 1208 1246 1307; x_wconf 69' lang='lat' dir='ltr'><strong>essenos</strong></span> 
     </span>
    </p>
   </div>
   <div class='ocr_carea' id='block_1_2' title="bbox 874 1785 1001 1944">
    <p class='ocr_par' dir='ltr' id='par_1_2' title="bbox 874 1785 1001 1944">
     <span class='ocr_line' id='line_1_3' title="bbox 874 1785 1001 1944; baseline 0 -150"><span class='ocrx_word' id='word_1_4' title='bbox 874 1785 1001 1944; x_wconf 58' lang='lat' dir='ltr'><strong>‚L</strong></span> 
     </span>
    </p>
   </div>
   <div class='ocr_carea' id='block_1_3' title="bbox 378 2073 1578 2176">
    <p class='ocr_par' dir='ltr' id='par_1_3' title="bbox 378 2073 1578 2176">
     <span class='ocr_line' id='line_1_4' title="bbox 378 2073 1578 2176; baseline 0.004 -30"><span class='ocrx_word' id='word_1_5' title='bbox 378 2073 429 2146; x_wconf 87' lang='lat' dir='ltr'><strong>De</strong></span> <span class='ocrx_word' id='word_1_6' title='bbox 459 2074 624 2170; x_wconf 73' lang='lat' dir='ltr'><strong>Oripemis</strong></span> <span class='ocrx_word' id='word_1_7' title='bbox 646 2078 975 2152; x_wconf 76' lang='lat' dir='ltr'><em>commentariorum</em></span> <span class='ocrx_word' id='word_1_8' title='bbox 999 2076 1039 2150; x_wconf 83' lang='lat' dir='ltr'><strong>in</strong></span> <span class='ocrx_word' id='word_1_9' title='bbox 1058 2077 1219 2176; x_wconf 81' lang='lat' dir='ltr'><strong>psalmos</strong></span> <span class='ocrx_word' id='word_1_10' title='bbox 1244 2077 1362 2152; x_wconf 84' lang='lat' dir='ltr'><strong>indole</strong></span> <span class='ocrx_word' id='word_1_11' title='bbox 1384 2085 1417 2152; x_wconf 86' lang='lat' dir='ltr'><strong>ct</strong></span> <span class='ocrx_word' id='word_1_12' title='bbox 1439 2079 1578 2152; x_wconf 82' lang='lat' dir='ltr'><strong>virtute.</strong></span> 
     </span>
    </p>
   </div>
   <div class='ocr_carea' id='block_1_4' title="bbox 134 2269 1756 4289">
    <p class='ocr_par' dir='ltr' id='par_1_4' title="bbox 203 2269 1756 2890">
     <span class='ocr_line' id='line_1_5' title="bbox 246 2269 1755 2358; baseline 0.001 -24"><span class='ocrx_word' id='word_1_13' title='bbox 246 2269 458 2354; x_wconf 77' lang='lat' dir='ltr'><strong>Hieronymum</strong></span> <span class='ocrx_word' id='word_1_14' title='bbox 478 2280 547 2338; x_wconf 90' lang='lat' dir='ltr'><strong>ante</strong></span> <span class='ocrx_word' id='word_1_15' title='bbox 572 2289 673 2338; x_wconf 91' lang='lat' dir='ltr'><strong>omnes</strong></span> <span class='ocrx_word' id='word_1_16' title='bbox 697 2272 800 2340; x_wconf 82' lang='lat' dir='ltr'><strong>audire</strong></span> <span class='ocrx_word' id='word_1_17' title='bbox 824 2282 963 2357; x_wconf 82' lang='lat' dir='ltr'><strong>prestat:</strong></span> <span class='ocrx_word' id='word_1_18' title='bbox 992 2272 1161 2353; x_wconf 76' lang='lat' dir='ltr'><strong>«Psalmos,</strong></span> <span class='ocrx_word' id='word_1_19' title='bbox 1189 2271 1294 2356; x_wconf 89' lang='lat' dir='ltr'><strong>inquit,</strong></span> <span class='ocrx_word' id='word_1_20' title='bbox 1320 2273 1399 2357; x_wconf 89' lang='lat' dir='ltr'><strong>apud</strong></span> <span class='ocrx_word' id='word_1_21' title='bbox 1423 2273 1542 2339; x_wconf 73' lang='lat' dir='ltr'><strong>Grecos</strong></span> <span class='ocrx_word' id='word_1_22' title='bbox 1568 2273 1755 2358; x_wconf 76' lang='lat' dir='ltr'><strong>interpretati</strong></span> 
     </span>
     <span class='ocr_line' id='line_1_6' title="bbox 205 2377 1753 2464; baseline 0.003 -22"><span class='ocrx_word' id='word_1_23' title='bbox 205 2385 275 2442; x_wconf 88' lang='lat' dir='ltr'><strong>sunt</strong></span> <span class='ocrx_word' id='word_1_24' title='bbox 295 2377 618 2460; x_wconf 83' lang='lat' dir='ltr'><strong>multissoluminibus,</strong></span> <span class='ocrx_word' id='word_1_25' title='bbox 632 2379 747 2463; x_wconf 81' lang='lat' dir='ltr'><strong>primus</strong></span> <span class='ocrx_word' id='word_1_26' title='bbox 762 2379 911 2464; x_wconf 64' lang='lat' dir='ltr'><strong>Oripenee</strong></span> <span class='ocrx_word' id='word_1_27' title='bbox 926 2380 1072 2446; x_wconf 88' lang='lat' dir='ltr'><strong>secandus</strong></span> <span class='ocrx_word' id='word_1_28' title='bbox 1085 2379 1241 2454; x_wconf 79' lang='lat' dir='ltr'>Eusebius,</span> <span class='ocrx_word' id='word_1_29' title='bbox 1259 2377 1362 2444; x_wconf 89' lang='lat' dir='ltr'><strong>tertius</strong></span> <span class='ocrx_word' id='word_1_30' title='bbox 1375 2377 1544 2444; x_wconf 89' lang='lat' dir='ltr'><strong>Theodorus</strong></span> <span class='ocrx_word' id='word_1_31' title='bbox 1558 2380 1753 2462; x_wconf 69' lang='lat' dir='ltr'><strong>Heracleotes,</strong></span> 
     </span>
     <span class='ocr_line' id='line_1_7' title="bbox 205 2484 1755 2573; baseline 0.001 -24"><span class='ocrx_word' id='word_1_32' title='bbox 205 2492 328 2567; x_wconf 86' lang='lat' dir='ltr'><strong>quartus</strong></span> <span class='ocrx_word' id='word_1_33' title='bbox 349 2485 484 2551; x_wconf 77' lang='lat' dir='ltr'><strong>isterius</strong></span> <span class='ocrx_word' id='word_1_34' title='bbox 505 2485 779 2571; x_wconf 89' lang='lat' dir='ltr'><strong>Scythopolitanus,</strong></span> <span class='ocrx_word' id='word_1_35' title='bbox 796 2487 917 2571; x_wconf 91' lang='lat' dir='ltr'><strong>quintus</strong></span> <span class='ocrx_word' id='word_1_36' title='bbox 932 2487 1110 2571; x_wconf 79' lang='lat' dir='ltr'>Apollinaris</span> <span class='ocrx_word' id='word_1_37' title='bbox 1123 2484 1315 2566; x_wconf 85' lang='lat' dir='ltr'><strong>leodicenus,</strong></span> <span class='ocrx_word' id='word_1_38' title='bbox 1337 2495 1438 2550; x_wconf 84' lang='lat' dir='ltr'><strong>sextus</strong></span> <span class='ocrx_word' id='word_1_39' title='bbox 1458 2485 1603 2573; x_wconf 79' lang='lat' dir='ltr'>Didymus</span> <span class='ocrx_word' id='word_1_40' title='bbox 1623 2487 1755 2553; x_wconf 76' lang='lat' dir='ltr'><strong>Alexan-</strong></span> 
     </span>
     <span class='ocr_line' id='line_1_8' title="bbox 206 2588 1755 2677; baseline 0.003 -24"><span class='ocrx_word' id='word_1_41' title='bbox 206 2588 344 2655; x_wconf 89' lang='lat' dir='ltr'><strong>drinus...</strong></span> <span class='ocrx_word' id='word_1_42' title='bbox 367 2593 454 2676; x_wconf 79' lang='lat' dir='ltr'><strong>Apud</strong></span> <span class='ocrx_word' id='word_1_43' title='bbox 476 2594 595 2659; x_wconf 87' lang='lat' dir='ltr'><strong>Latinos</strong></span> <span class='ocrx_word' id='word_1_44' title='bbox 615 2605 713 2660; x_wconf 86' lang='lat' dir='ltr'><strong>autem</strong></span> <span class='ocrx_word' id='word_1_45' title='bbox 733 2594 863 2659; x_wconf 80' lang='lat' dir='ltr'>Hilarius</span> <span class='ocrx_word' id='word_1_46' title='bbox 884 2593 1079 2661; x_wconf 81' lang='lat' dir='ltr'><strong>Pietusiensis</strong></span> <span class='ocrx_word' id='word_1_47' title='bbox 1098 2603 1129 2660; x_wconf 90' lang='lat' dir='ltr'><strong>et</strong></span> <span class='ocrx_word' id='word_1_48' title='bbox 1148 2592 1293 2675; x_wconf 81' lang='lat' dir='ltr'><strong>Eusebius</strong></span> <span class='ocrx_word' id='word_1_49' title='bbox 1314 2590 1509 2659; x_wconf 73' lang='lat' dir='ltr'><strong>vercellensis</strong></span> <span class='ocrx_word' id='word_1_50' title='bbox 1529 2592 1658 2677; x_wconf 80' lang='lat' dir='ltr'><strong>episcopi</strong></span> <span class='ocrx_word' id='word_1_51' title='bbox 1681 2591 1755 2658; x_wconf 70' lang='grc' dir='ltr'><strong>οη·-</strong></span> 
     </span>
     <span class='ocr_line' id='line_1_9' title="bbox 203 2698 1756 2785; baseline 0.003 -25"><span class='ocrx_word' id='word_1_52' title='bbox 203 2715 304 2780; x_wconf 79' lang='lat' dir='ltr'><strong>pmem</strong></span> <span class='ocrx_word' id='word_1_53' title='bbox 324 2707 355 2765; x_wconf 87' lang='lat' dir='ltr'><strong>et</strong></span> <span class='ocrx_word' id='word_1_54' title='bbox 374 2699 535 2765; x_wconf 82' lang='lat' dir='ltr'><strong>Eusebium</strong></span> <span class='ocrx_word' id='word_1_55' title='bbox 556 2701 784 2780; x_wconf 85' lang='lat' dir='ltr'><strong>transtulerunt,</strong></span> <span class='ocrx_word' id='word_1_56' title='bbox 807 2719 928 2784; x_wconf 82' lang='lat' dir='ltr'><strong>quoram</strong></span> <span class='ocrx_word' id='word_1_57' title='bbox 946 2704 1072 2785; x_wconf 85' lang='lat' dir='ltr'><strong>priorem</strong></span> <span class='ocrx_word' id='word_1_58' title='bbox 1091 2709 1122 2766; x_wconf 89' lang='lat' dir='ltr'><strong>et</strong></span> <span class='ocrx_word' id='word_1_59' title='bbox 1141 2709 1241 2768; x_wconf 87' lang='lat' dir='ltr'><strong>noster</strong></span> <span class='ocrx_word' id='word_1_60' title='bbox 1255 2699 1432 2766; x_wconf 49' lang='lat' dir='ltr'><strong>*Ambrosius</strong></span> <span class='ocrx_word' id='word_1_61' title='bbox 1456 2698 1487 2764; x_wconf 90' lang='lat' dir='ltr'><strong>in</strong></span> <span class='ocrx_word' id='word_1_62' title='bbox 1507 2699 1682 2784; x_wconf 88' lang='lat' dir='ltr'><strong>quibusdam</strong></span> <span class='ocrx_word' id='word_1_63' title='bbox 1702 2718 1756 2766; x_wconf 91' lang='lat' dir='ltr'><strong>se-</strong></span> 
     </span>
     <span class='ocr_line' id='line_1_10' title="bbox 203 2809 435 2890; baseline -0.017 -20"><span class='ocrx_word' id='word_1_64' title='bbox 203 2815 289 2870; x_wconf 87' lang='lat' dir='ltr'><strong>cutus</strong></span> <span class='ocrx_word' id='word_1_65' title='bbox 310 2816 356 2872; x_wconf 91' lang='lat' dir='ltr'><strong>est</strong></span> <span class='ocrx_word' id='word_1_66' title='bbox 370 2809 435 2890; x_wconf 78' lang='lat' dir='ltr'><strong>ll.»</strong></span> 
     </span>
    </p>

    <p class='ocr_par' dir='ltr' id='par_1_5' title="bbox 204 2911 1756 3317">
     <span class='ocr_line' id='line_1_11' title="bbox 243 2911 1754 2999; baseline 0.001 -23"><span class='ocrx_word' id='word_1_67' title='bbox 243 2911 314 2978; x_wconf 82' lang='lat' dir='ltr'><strong>Haec</strong></span> <span class='ocrx_word' id='word_1_68' title='bbox 334 2913 396 2979; x_wconf 91' lang='lat' dir='ltr'><strong>ille.</strong></span> <span class='ocrx_word' id='word_1_69' title='bbox 413 2916 451 2979; x_wconf 76' lang='lat' dir='ltr'><strong>At</strong></span> <span class='ocrx_word' id='word_1_70' title='bbox 462 2916 573 2999; x_wconf 82' lang='lat' dir='ltr'><strong>primus</strong></span> <span class='ocrx_word' id='word_1_71' title='bbox 589 2933 627 2981; x_wconf 92' lang='lat' dir='ltr'><strong>ue</strong></span> <span class='ocrx_word' id='word_1_72' title='bbox 640 2914 808 2998; x_wconf 75' lang='lat' dir='ltr'><strong>Origenes?</strong></span> <span class='ocrx_word' id='word_1_73' title='bbox 823 2915 886 2980; x_wconf 85' lang='lat' dir='ltr'><strong>tam</strong></span> <span class='ocrx_word' id='word_1_74' title='bbox 902 2914 1046 2997; x_wconf 78' lang='lat' dir='ltr'><strong>precinere</strong></span> <span class='ocrx_word' id='word_1_75' title='bbox 1060 2913 1140 2979; x_wconf 91' lang='lat' dir='ltr'><strong>haud</strong></span> <span class='ocrx_word' id='word_1_76' title='bbox 1156 2914 1299 2980; x_wconf 84' lang='lat' dir='ltr'><strong>immerito</strong></span> <span class='ocrx_word' id='word_1_77' title='bbox 1315 2913 1450 2980; x_wconf 89' lang='lat' dir='ltr'><strong>Seniores</strong></span> <span class='ocrx_word' id='word_1_78' title='bbox 1471 2912 1674 2994; x_wconf 80' lang='lat' dir='ltr'><strong>Alexandrini,</strong></span> <span class='ocrx_word' id='word_1_79' title='bbox 1689 2913 1754 2998; x_wconf 91' lang='lat' dir='ltr'><strong>ipso</strong></span> 
     </span>
     <span class='ocr_line' id='line_1_12' title="bbox 204 3021 1754 3108; baseline 0.003 -25"><span class='ocrx_word' id='word_1_80' title='bbox 204 3029 342 3087; x_wconf 84' lang='lat' dir='ltr'><strong>monente</strong></span> <span class='ocrx_word' id='word_1_81' title='bbox 362 3040 416 3086; x_wconf 89' lang='lat' dir='ltr'><strong>nos</strong></span> <span class='ocrx_word' id='word_1_82' title='bbox 435 3023 576 3101; x_wconf 81' lang='lat' dir='ltr'><strong>Origene,</strong></span> <span class='ocrx_word' id='word_1_83' title='bbox 598 3041 652 3089; x_wconf 89' lang='lat' dir='ltr'><strong>nec</strong></span> <span class='ocrx_word' id='word_1_84' title='bbox 673 3023 761 3087; x_wconf 90' lang='lat' dir='ltr'><strong>semel</strong></span> <span class='ocrx_word' id='word_1_85' title='bbox 778 3021 853 3086; x_wconf 85' lang='lat' dir='ltr'><strong>intre</strong></span> <span class='ocrx_word' id='word_1_86' title='bbox 868 3032 1027 3108; x_wconf 89' lang='lat' dir='ltr'><strong>recurrent.</strong></span> <span class='ocrx_word' id='word_1_87' title='bbox 1051 3021 1197 3088; x_wconf 84' lang='lat' dir='ltr'><strong>Praeteree</strong></span> <span class='ocrx_word' id='word_1_88' title='bbox 1217 3021 1370 3108; x_wconf 79' lang='lat' dir='ltr'><strong>Hippolyti</strong></span> <span class='ocrx_word' id='word_1_89' title='bbox 1386 3025 1624 3087; x_wconf 88' lang='lat' dir='ltr'><strong>commentarium</strong></span> <span class='ocrx_word' id='word_1_90' title='bbox 1639 3023 1669 3086; x_wconf 92' lang='lat' dir='ltr'><strong>in</strong></span> <span class='ocrx_word' id='word_1_91' title='bbox 1683 3023 1754 3105; x_wconf 94' lang='lat' dir='ltr'><strong>plu-</strong></span> 
     </span>
     <span class='ocr_line' id='line_1_13' title="bbox 205 3125 1756 3213; baseline 0.001 -23"><span class='ocrx_word' id='word_1_92' title='bbox 205 3125 294 3193; x_wconf 90' lang='lat' dir='ltr'><strong>rimos</strong></span> <span class='ocrx_word' id='word_1_93' title='bbox 309 3128 413 3194; x_wconf 83' lang='lat' dir='ltr'><strong>saltem</strong></span> <span class='ocrx_word' id='word_1_94' title='bbox 429 3130 557 3212; x_wconf 81' lang='lat' dir='ltr'><strong>psalmos</strong></span> <span class='ocrx_word' id='word_1_95' title='bbox 570 3128 769 3195; x_wconf 84' lang='lat' dir='ltr'><strong>Theodoretus</strong></span> <span class='ocrx_word' id='word_1_96' title='bbox 784 3127 855 3209; x_wconf 88' lang='lat' dir='ltr'><strong>legit</strong></span> <span class='ocrx_word' id='word_1_97' title='bbox 868 3127 892 3209; x_wconf 56' lang='grc' dir='ltr'><strong>ἵ)</strong></span> <span class='ocrx_word' id='word_1_98' title='bbox 909 3136 940 3193; x_wconf 92' lang='lat' dir='ltr'><strong>et</strong></span> <span class='ocrx_word' id='word_1_99' title='bbox 953 3128 1111 3212; x_wconf 80' lang='lat' dir='ltr'><strong>excerpsit,</strong></span> <span class='ocrx_word' id='word_1_100' title='bbox 1131 3147 1227 3213; x_wconf 90' lang='lat' dir='ltr'><strong>neque</strong></span> <span class='ocrx_word' id='word_1_101' title='bbox 1247 3130 1422 3212; x_wconf 80' lang='lat' dir='ltr'><strong>ignoravere</strong></span> <span class='ocrx_word' id='word_1_102' title='bbox 1435 3129 1564 3211; x_wconf 77' lang='lat' dir='ltr'><strong>cuens,</strong></span> <span class='ocrx_word' id='word_1_103' title='bbox 1579 3147 1675 3213; x_wconf 89' lang='lat' dir='ltr'><strong>neque</strong></span> <span class='ocrx_word' id='word_1_104' title='bbox 1688 3147 1756 3212; x_wconf 89' lang='lat' dir='ltr'><strong>spes</strong></span> 
     </span>
     <span class='ocr_line' id='line_1_14' title="bbox 206 3233 1041 3317; baseline -0.007 -15"><span class='ocrx_word' id='word_1_105' title='bbox 206 3236 288 3302; x_wconf 88' lang='lat' dir='ltr'><strong>deest</strong></span> <span class='ocrx_word' id='word_1_106' title='bbox 307 3245 340 3302; x_wconf 91' lang='lat' dir='ltr'><strong>ut</strong></span> <span class='ocrx_word' id='word_1_107' title='bbox 359 3255 426 3303; x_wconf 84' lang='lat' dir='ltr'><strong>mox</strong></span> <span class='ocrx_word' id='word_1_108' title='bbox 447 3253 536 3302; x_wconf 80' lang='lat' dir='ltr'><strong>noum</strong></span> <span class='ocrx_word' id='word_1_109' title='bbox 558 3238 633 3301; x_wconf 85' lang='lat' dir='ltr'><strong>tanti</strong></span> <span class='ocrx_word' id='word_1_110' title='bbox 654 3235 711 3303; x_wconf 85' lang='lat' dir='ltr'><strong>viri</strong></span> <span class='ocrx_word' id='word_1_111' title='bbox 732 3234 867 3317; x_wconf 74' lang='lat' dir='ltr'><strong>reliquie</strong></span> <span class='ocrx_word' id='word_1_112' title='bbox 887 3233 1041 3317; x_wconf 86' lang='lat' dir='ltr'><strong>prodeant.</strong></span> 
     </span>
    </p>

    <p class='ocr_par' dir='ltr' id='par_1_6' title="bbox 134 3340 1755 3968">
     <span class='ocr_line' id='line_1_15' title="bbox 245 3340 1755 3430; baseline 0.007 -24"><span class='ocrx_word' id='word_1_113' title='bbox 245 3342 442 3408; x_wconf 87' lang='lat' dir='ltr'><strong>Nihilominus</strong></span> <span class='ocrx_word' id='word_1_114' title='bbox 462 3342 582 3424; x_wconf 89' lang='lat' dir='ltr'><strong>egregia</strong></span> <span class='ocrx_word' id='word_1_115' title='bbox 602 3346 629 3407; x_wconf 89' lang='lat' dir='ltr'><strong>si</strong></span> <span class='ocrx_word' id='word_1_116' title='bbox 649 3340 854 3427; x_wconf 85' lang='lat' dir='ltr'><strong>expenduntur</strong></span> <span class='ocrx_word' id='word_1_117' title='bbox 874 3341 967 3407; x_wconf 78' lang='lat' dir='ltr'><strong>verba</strong></span> <span class='ocrx_word' id='word_1_118' title='bbox 987 3340 1170 3424; x_wconf 75' lang='lat' dir='ltr'><strong>Hieronymi,</strong></span> <span class='ocrx_word' id='word_1_119' title='bbox 1192 3341 1315 3406; x_wconf 82' lang='lat' dir='ltr'><strong>latinos</strong></span> <span class='ocrx_word' id='word_1_120' title='bbox 1335 3341 1413 3409; x_wconf 90' lang='lat' dir='ltr'><strong>iuter</strong></span> <span class='ocrx_word' id='word_1_121' title='bbox 1431 3355 1463 3410; x_wconf 90' lang='lat' dir='ltr'><strong>et</strong></span> <span class='ocrx_word' id='word_1_122' title='bbox 1478 3343 1597 3410; x_wconf 78' lang='lat' dir='ltr'><strong>urceos</strong></span> <span class='ocrx_word' id='word_1_123' title='bbox 1610 3347 1755 3430; x_wconf 77' lang='lat' dir='ltr'><strong>Origenes</strong></span> 
     </span>
     <span class='ocr_line' id='line_1_16' title="bbox 206 3448 1755 3534; baseline 0.005 -20"><span class='ocrx_word' id='word_1_124' title='bbox 206 3449 291 3533; x_wconf 83' lang='lat' dir='ltr'><strong>quasi</strong></span> <span class='ocrx_word' id='word_1_125' title='bbox 312 3448 447 3514; x_wconf 90' lang='lat' dir='ltr'><strong>columna</strong></span> <span class='ocrx_word' id='word_1_126' title='bbox 463 3459 492 3515; x_wconf 88' lang='lat' dir='ltr'><strong>et</strong></span> <span class='ocrx_word' id='word_1_127' title='bbox 506 3450 596 3515; x_wconf 91' lang='lat' dir='ltr'><strong>turris</strong></span> <span class='ocrx_word' id='word_1_128' title='bbox 609 3449 744 3532; x_wconf 85' lang='lat' dir='ltr'><strong>erigitur,</strong></span> <span class='ocrx_word' id='word_1_129' title='bbox 758 3469 794 3515; x_wconf 84' lang='lat' dir='ltr'><strong>er</strong></span> <span class='ocrx_word' id='word_1_130' title='bbox 809 3468 867 3534; x_wconf 88' lang='lat' dir='ltr'><strong>qua</strong></span> <span class='ocrx_word' id='word_1_131' title='bbox 882 3449 1012 3532; x_wconf 86' lang='lat' dir='ltr'><strong>pendent</strong></span> <span class='ocrx_word' id='word_1_132' title='bbox 1024 3466 1126 3514; x_wconf 89' lang='lat' dir='ltr'><strong>omues</strong></span> <span class='ocrx_word' id='word_1_133' title='bbox 1140 3449 1199 3516; x_wconf 90' lang='lat' dir='ltr'><strong>lere</strong></span> <span class='ocrx_word' id='word_1_134' title='bbox 1213 3450 1413 3516; x_wconf 87' lang='lat' dir='ltr'><strong>commentarii</strong></span> <span class='ocrx_word' id='word_1_135' title='bbox 1436 3451 1622 3534; x_wconf 89' lang='lat' dir='ltr'><strong>psalmorum.</strong></span> <span class='ocrx_word' id='word_1_136' title='bbox 1646 3454 1755 3524; x_wconf 79' lang='lat' dir='ltr'><strong>Preter</strong></span> 
     </span>
     <span class='ocr_line' id='line_1_17' title="bbox 205 3555 1752 3646; baseline 0.005 -24"><span class='ocrx_word' id='word_1_137' title='bbox 205 3556 284 3622; x_wconf 88' lang='lat' dir='ltr'><strong>enim</strong></span> <span class='ocrx_word' id='word_1_138' title='bbox 305 3555 413 3622; x_wconf 86' lang='lat' dir='ltr'><strong>latinos</strong></span> <span class='ocrx_word' id='word_1_139' title='bbox 434 3558 618 3642; x_wconf 77' lang='lat' dir='ltr'><strong>interpretes,</strong></span> <span class='ocrx_word' id='word_1_140' title='bbox 638 3577 762 3641; x_wconf 91' lang='lat' dir='ltr'><strong>quorum</strong></span> <span class='ocrx_word' id='word_1_141' title='bbox 784 3557 856 3622; x_wconf 87' lang='lat' dir='ltr'><strong>satis</strong></span> <span class='ocrx_word' id='word_1_142' title='bbox 876 3566 924 3622; x_wconf 90' lang='lat' dir='ltr'><strong>cst</strong></span> <span class='ocrx_word' id='word_1_143' title='bbox 944 3574 1050 3639; x_wconf 86' lang='lat' dir='ltr'><strong>magua</strong></span> <span class='ocrx_word' id='word_1_144' title='bbox 1072 3575 1211 3622; x_wconf 88' lang='lat' dir='ltr'><strong>revocare</strong></span> <span class='ocrx_word' id='word_1_145' title='bbox 1231 3556 1358 3640; x_wconf 87' lang='lat' dir='ltr'><strong>nomina,</strong></span> <span class='ocrx_word' id='word_1_146' title='bbox 1381 3559 1576 3642; x_wconf 77' lang='lat' dir='ltr'><strong>Ambrosium,</strong></span> <span class='ocrx_word' id='word_1_147' title='bbox 1598 3561 1752 3646; x_wconf 83' lang='lat' dir='ltr'><strong>Hilarium,</strong></span> 
     </span>
     <span class='ocr_line' id='line_1_18' title="bbox 205 3663 1754 3756; baseline 0.006 -28"><span class='ocrx_word' id='word_1_148' title='bbox 205 3663 361 3730; x_wconf 85' lang='lat' dir='ltr'><strong>Eusebium</strong></span> <span class='ocrx_word' id='word_1_149' title='bbox 382 3669 451 3746; x_wconf 84' lang='lat' dir='ltr'><strong>(nec</strong></span> <span class='ocrx_word' id='word_1_150' title='bbox 472 3666 529 3732; x_wconf 94' lang='lat' dir='ltr'><strong>duo</strong></span> <span class='ocrx_word' id='word_1_151' title='bbox 549 3665 724 3750; x_wconf 86' lang='lat' dir='ltr'><strong>posteriores</strong></span> <span class='ocrx_word' id='word_1_152' title='bbox 745 3666 816 3730; x_wconf 89' lang='lat' dir='ltr'><strong>mibi</strong></span> <span class='ocrx_word' id='word_1_153' title='bbox 832 3665 974 3732; x_wconf 80' lang='lat' dir='ltr'><strong>uidentur</strong></span> <span class='ocrx_word' id='word_1_154' title='bbox 988 3666 1198 3733; x_wconf 74' lang='lat' dir='ltr'><strong>caesariensem</strong></span> <span class='ocrx_word' id='word_1_155' title='bbox 1212 3665 1298 3732; x_wconf 85' lang='lat' dir='ltr'><strong>aliter</strong></span> <span class='ocrx_word' id='word_1_156' title='bbox 1317 3667 1461 3751; x_wconf 88' lang='lat' dir='ltr'><strong>attigisse,</strong></span> <span class='ocrx_word' id='word_1_157' title='bbox 1481 3689 1569 3752; x_wconf 82' lang='lat' dir='ltr'><strong>quem</strong></span> <span class='ocrx_word' id='word_1_158' title='bbox 1591 3681 1624 3738; x_wconf 89' lang='lat' dir='ltr'><strong>ut</strong></span> <span class='ocrx_word' id='word_1_159' title='bbox 1645 3673 1754 3756; x_wconf 88' lang='lat' dir='ltr'><strong>passim</strong></span> 
     </span>
     <span class='ocr_line' id='line_1_19' title="bbox 134 3771 1754 3858; baseline 0.006 -24"><span class='ocrx_word' id='word_1_160' title='bbox 134 3805 137 3810; x_wconf 69' lang='lat'><strong>,</strong></span> <span class='ocrx_word' id='word_1_161' title='bbox 205 3771 236 3836; x_wconf 91' lang='lat' dir='ltr'><strong>in</strong></span> <span class='ocrx_word' id='word_1_162' title='bbox 255 3792 290 3838; x_wconf 93' lang='lat' dir='ltr'><strong>eo</strong></span> <span class='ocrx_word' id='word_1_163' title='bbox 312 3774 450 3840; x_wconf 80' lang='lat' dir='ltr'><strong>latentem</strong></span> <span class='ocrx_word' id='word_1_164' title='bbox 470 3775 628 3858; x_wconf 84' lang='lat' dir='ltr'><strong>Origeucm</strong></span> <span class='ocrx_word' id='word_1_165' title='bbox 648 3774 822 3857; x_wconf 86' lang='lat' dir='ltr'><strong>compendio</strong></span> <span class='ocrx_word' id='word_1_166' title='bbox 843 3774 1029 3857; x_wconf 89' lang='lat' dir='ltr'><strong>reciperent),</strong></span> <span class='ocrx_word' id='word_1_167' title='bbox 1051 3775 1104 3841; x_wconf 80' lang='lat' dir='ltr'><strong>six</strong></span> <span class='ocrx_word' id='word_1_168' title='bbox 1125 3794 1200 3840; x_wconf 91' lang='lat' dir='ltr'><strong>unus</strong></span> <span class='ocrx_word' id='word_1_169' title='bbox 1219 3785 1268 3840; x_wconf 90' lang='lat' dir='ltr'><strong>est</strong></span> <span class='ocrx_word' id='word_1_170' title='bbox 1281 3773 1358 3839; x_wconf 90' lang='lat' dir='ltr'><strong>iuter</strong></span> <span class='ocrx_word' id='word_1_171' title='bbox 1378 3793 1428 3843; x_wconf 85' lang='lat' dir='ltr'><strong>sex</strong></span> <span class='ocrx_word' id='word_1_172' title='bbox 1450 3775 1568 3842; x_wconf 73' lang='lat' dir='ltr'><strong>Grecos</strong></span> <span class='ocrx_word' id='word_1_173' title='bbox 1588 3778 1626 3842; x_wconf 83' lang='lat' dir='ltr'><strong>eb</strong></span> <span class='ocrx_word' id='word_1_174' title='bbox 1647 3779 1754 3846; x_wconf 89' lang='lat' dir='ltr'><strong>Hiero-</strong></span> 
     </span>
     <span class='ocr_line' id='line_1_20' title="bbox 205 3881 1583 3968; baseline 0.001 -22"><span class='ocrx_word' id='word_1_175' title='bbox 205 3901 293 3966; x_wconf 91' lang='lat' dir='ltr'><strong>nymo</strong></span> <span class='ocrx_word' id='word_1_176' title='bbox 315 3883 482 3960; x_wconf 86' lang='lat' dir='ltr'><strong>recensitos,</strong></span> <span class='ocrx_word' id='word_1_177' title='bbox 503 3883 552 3968; x_wconf 90' lang='lat' dir='ltr'><strong>qui</strong></span> <span class='ocrx_word' id='word_1_178' title='bbox 575 3883 613 3946; x_wconf 83' lang='lat' dir='ltr'><strong>ab</strong></span> <span class='ocrx_word' id='word_1_179' title='bbox 633 3882 773 3964; x_wconf 86' lang='lat' dir='ltr'><strong>Origene,</strong></span> <span class='ocrx_word' id='word_1_180' title='bbox 799 3890 949 3965; x_wconf 88' lang='lat' dir='ltr'><strong>tamquam</strong></span> <span class='ocrx_word' id='word_1_181' title='bbox 969 3900 1006 3947; x_wconf 85' lang='lat' dir='ltr'><strong>ex</strong></span> <span class='ocrx_word' id='word_1_182' title='bbox 1027 3883 1117 3961; x_wconf 89' lang='lat' dir='ltr'><strong>loutc,</strong></span> <span class='ocrx_word' id='word_1_183' title='bbox 1138 3901 1197 3949; x_wconf 92' lang='lat' dir='ltr'><strong>nou</strong></span> <span class='ocrx_word' id='word_1_184' title='bbox 1219 3881 1304 3965; x_wconf 93' lang='lat' dir='ltr'><strong>pleno</strong></span> <span class='ocrx_word' id='word_1_185' title='bbox 1326 3882 1404 3947; x_wconf 86' lang='lat' dir='ltr'><strong>amai</strong></span> <span class='ocrx_word' id='word_1_186' title='bbox 1425 3882 1583 3950; x_wconf 82' lang='lat' dir='ltr'><strong>derivetur.</strong></span> 
     </span>
    </p>

    <p class='ocr_par' dir='ltr' id='par_1_7' title="bbox 205 3989 1755 4289">
     <span class='ocr_line' id='line_1_21' title="bbox 244 3989 1753 4074; baseline 0.003 -19"><span class='ocrx_word' id='word_1_187' title='bbox 244 3990 401 4055; x_wconf 88' lang='lat' dir='ltr'><strong>Eusebium</strong></span> <span class='ocrx_word' id='word_1_188' title='bbox 416 3989 671 4068; x_wconf 86' lang='lat' dir='ltr'><strong>Mouteialcouius,</strong></span> <span class='ocrx_word' id='word_1_189' title='bbox 683 3989 866 4054; x_wconf 86' lang='lat' dir='ltr'><strong>Theodorum</strong></span> <span class='ocrx_word' id='word_1_190' title='bbox 881 3989 1083 4055; x_wconf 88' lang='lat' dir='ltr'><strong>Herscleotam</strong></span> <span class='ocrx_word' id='word_1_191' title='bbox 1104 3989 1273 4071; x_wconf 83' lang='lat' dir='ltr'><strong>Corderius,</strong></span> <span class='ocrx_word' id='word_1_192' title='bbox 1288 4009 1340 4074; x_wconf 90' lang='lat' dir='ltr'><strong>pro</strong></span> <span class='ocrx_word' id='word_1_193' title='bbox 1361 3990 1476 4056; x_wconf 81' lang='lat' dir='ltr'><strong>viribus</strong></span> <span class='ocrx_word' id='word_1_194' title='bbox 1489 4011 1506 4057; x_wconf 95' lang='lat' dir='ltr'><strong>e</strong></span> <span class='ocrx_word' id='word_1_195' title='bbox 1523 3993 1650 4058; x_wconf 86' lang='lat' dir='ltr'><strong>tenebris</strong></span> <span class='ocrx_word' id='word_1_196' title='bbox 1665 4013 1753 4062; x_wconf 88' lang='lat' dir='ltr'><strong>erue-</strong></span> 
     </span>
     <span class='ocr_line' id='line_1_22' title="bbox 205 4094 1755 4182; baseline 0.001 -19"><span class='ocrx_word' id='word_1_197' title='bbox 205 4106 284 4180; x_wconf 86' lang='lat' dir='ltr'><strong>runt,</strong></span> <span class='ocrx_word' id='word_1_198' title='bbox 308 4097 414 4182; x_wconf 89' lang='lat' dir='ltr'><strong>quibus</strong></span> <span class='ocrx_word' id='word_1_199' title='bbox 435 4097 523 4163; x_wconf 87' lang='lat' dir='ltr'><strong>etiam</strong></span> <span class='ocrx_word' id='word_1_200' title='bbox 538 4095 635 4163; x_wconf 90' lang='lat' dir='ltr'><strong>ldaius</strong></span> <span class='ocrx_word' id='word_1_201' title='bbox 651 4094 729 4160; x_wconf 85' lang='lat' dir='ltr'><strong>baud</strong></span> <span class='ocrx_word' id='word_1_202' title='bbox 742 4097 848 4176; x_wconf 80' lang='lat' dir='ltr'><strong>exiguo</strong></span> <span class='ocrx_word' id='word_1_203' title='bbox 864 4096 981 4162; x_wconf 82' lang='lat' dir='ltr'><strong>addidit</strong></span> <span class='ocrx_word' id='word_1_204' title='bbox 1001 4097 1178 4162; x_wconf 84' lang='lat' dir='ltr'><strong>incrementa</strong></span> <span class='ocrx_word' id='word_1_205' title='bbox 1192 4097 1229 4176; x_wconf 80' lang='grc'><strong>3).</strong></span> <span class='ocrx_word' id='word_1_206' title='bbox 1248 4097 1373 4181; x_wconf 88' lang='lat' dir='ltr'><strong>Uterque</strong></span> <span class='ocrx_word' id='word_1_207' title='bbox 1388 4107 1498 4178; x_wconf 85' lang='lat' dir='ltr'><strong>eutem,</strong></span> <span class='ocrx_word' id='word_1_208' title='bbox 1515 4097 1704 4164; x_wconf 76' lang='lat' dir='ltr'><strong>Caesariensis</strong></span> <span class='ocrx_word' id='word_1_209' title='bbox 1724 4110 1755 4166; x_wconf 89' lang='lat' dir='ltr'><strong>et</strong></span> 
     </span>
     <span class='ocr_line' id='line_1_23' title="bbox 206 4203 1753 4289; baseline 0.003 -21"><span class='ocrx_word' id='word_1_210' title='bbox 206 4205 403 4287; x_wconf 89' lang='lat' dir='ltr'><strong>Heracleotes,</strong></span> <span class='ocrx_word' id='word_1_211' title='bbox 417 4205 491 4271; x_wconf 89' lang='lat' dir='ltr'><strong>adeo</strong></span> <span class='ocrx_word' id='word_1_212' title='bbox 506 4203 613 4288; x_wconf 85' lang='lat' dir='ltr'><strong>pressis</strong></span> <span class='ocrx_word' id='word_1_213' title='bbox 628 4203 765 4284; x_wconf 88' lang='lat' dir='ltr'><strong>vestigiis</strong></span> <span class='ocrx_word' id='word_1_214' title='bbox 778 4203 1004 4268; x_wconf 78' lang='lat' dir='ltr'><strong>Adamantiuum</strong></span> <span class='ocrx_word' id='word_1_215' title='bbox 1018 4213 1195 4286; x_wconf 86' lang='lat' dir='ltr'><strong>sequuntur,</strong></span> <span class='ocrx_word' id='word_1_216' title='bbox 1206 4213 1239 4268; x_wconf 85' lang='lat' dir='ltr'><strong>ut</strong></span> <span class='ocrx_word' id='word_1_217' title='bbox 1253 4205 1307 4269; x_wconf 89' lang='lat' dir='ltr'><strong>tria</strong></span> <span class='ocrx_word' id='word_1_218' title='bbox 1318 4207 1420 4270; x_wconf 85' lang='lat' dir='ltr'><strong>statim</strong></span> <span class='ocrx_word' id='word_1_219' title='bbox 1434 4205 1613 4270; x_wconf 82' lang='lat' dir='ltr'><strong>notaverim:</strong></span> <span class='ocrx_word' id='word_1_220' title='bbox 1626 4205 1753 4289; x_wconf 88' lang='lat' dir='ltr'><strong>primum</strong></span> 
     </span>
    </p>
   </div>
   <div class='ocr_carea' id='block_1_5' title="bbox 205 4453 1755 5339">
    <p class='ocr_par' dir='ltr' id='par_1_8' title="bbox 205 4453 1755 5339">
     <span class='ocr_line' id='line_1_24' title="bbox 243 4453 1754 4533; baseline 0.003 -21"><span class='ocrx_word' id='word_1_221' title='bbox 243 4460 264 4521; x_wconf 80' lang='lat'><strong>¹)</strong></span> <span class='ocrx_word' id='word_1_222' title='bbox 278 4459 369 4528; x_wconf 82' lang='lat' dir='ltr'><strong>Epist.</strong></span> <span class='ocrx_word' id='word_1_223' title='bbox 384 4470 452 4525; x_wconf 86' lang='lat' dir='ltr'><strong>oxu,</strong></span> <span class='ocrx_word' id='word_1_224' title='bbox 467 4474 494 4510; x_wconf 92' lang='grc' dir='ltr'><strong>ιι.</strong></span> <span class='ocrx_word' id='word_1_225' title='bbox 507 4453 553 4525; x_wconf 78' lang='grc'><strong>20,</strong></span> <span class='ocrx_word' id='word_1_226' title='bbox 573 4460 592 4513; x_wconf 87' lang='lat' dir='ltr'><strong>t.</strong></span> <span class='ocrx_word' id='word_1_227' title='bbox 611 4473 632 4523; x_wconf 91' lang='lat'><strong>1,</strong></span> <span class='ocrx_word' id='word_1_228' title='bbox 643 4453 699 4509; x_wconf 81' lang='lat'><strong>753</strong></span> <span class='ocrx_word' id='word_1_229' title='bbox 710 4453 783 4511; x_wconf 83' lang='lat' dir='ltr'><strong>Vsll.</strong></span> <span class='ocrx_word' id='word_1_230' title='bbox 794 4485 830 4497; x_wconf 90' lang='lat'>-</span> <span class='ocrx_word' id='word_1_231' title='bbox 844 4454 868 4518; x_wconf 75' lang='lat'><strong>2)</strong></span> <span class='ocrx_word' id='word_1_232' title='bbox 884 4455 952 4510; x_wconf 87' lang='lat' dir='ltr'><strong>Per·</strong></span> <span class='ocrx_word' id='word_1_233' title='bbox 1005 4456 1104 4510; x_wconf 87' lang='lat' dir='ltr'><strong>messis</strong></span> <span class='ocrx_word' id='word_1_234' title='bbox 1117 4460 1169 4512; x_wconf 87' lang='lat' dir='ltr'><strong>est.</strong></span> <span class='ocrx_word' id='word_1_235' title='bbox 1180 4455 1355 4511; x_wconf 84' lang='lat' dir='ltr'><strong>Theodorum</strong></span> <span class='ocrx_word' id='word_1_236' title='bbox 1368 4454 1561 4512; x_wconf 81' lang='lat' dir='ltr'><strong>Heracleotnm</strong></span> <span class='ocrx_word' id='word_1_237' title='bbox 1575 4457 1681 4514; x_wconf 88' lang='lat' dir='ltr'><strong>inscius</strong></span> <span class='ocrx_word' id='word_1_238' title='bbox 1693 4464 1754 4533; x_wconf 83' lang='lat' dir='ltr'><strong>pri-</strong></span> 
     </span>
     <span class='ocr_line' id='line_1_25' title="bbox 207 4543 1753 4618; baseline 0.006 -19"><span class='ocrx_word' id='word_1_239' title='bbox 207 4550 319 4618; x_wconf 90' lang='lat' dir='ltr'><strong>petuum</strong></span> <span class='ocrx_word' id='word_1_240' title='bbox 337 4544 426 4600; x_wconf 81' lang='lat' dir='ltr'><strong>fuisse</strong></span> <span class='ocrx_word' id='word_1_241' title='bbox 440 4543 586 4618; x_wconf 80' lang='lat' dir='ltr'><strong>Hippolyti</strong></span> <span class='ocrx_word' id='word_1_242' title='bbox 600 4545 828 4602; x_wconf 88' lang='lat' dir='ltr'><strong>commentarium</strong></span> <span class='ocrx_word' id='word_1_243' title='bbox 841 4546 957 4601; x_wconf 85' lang='lat' dir='ltr'><strong>suadent</strong></span> <span class='ocrx_word' id='word_1_244' title='bbox 1011 4560 1085 4598; x_wconf 90' lang='lat' dir='ltr'><strong>mum</strong></span> <span class='ocrx_word' id='word_1_245' title='bbox 1105 4543 1252 4599; x_wconf 75' lang='lat' dir='ltr'><strong>cordesius</strong></span> <span class='ocrx_word' id='word_1_246' title='bbox 1270 4543 1346 4599; x_wconf 89' lang='lat' dir='ltr'><strong>dedit</strong></span> <span class='ocrx_word' id='word_1_247' title='bbox 1364 4545 1393 4598; x_wconf 90' lang='lat' dir='ltr'><strong>in</strong></span> <span class='ocrx_word' id='word_1_248' title='bbox 1412 4549 1434 4600; x_wconf 83' lang='lat' dir='ltr'><strong>t.</strong></span> <span class='ocrx_word' id='word_1_249' title='bbox 1447 4561 1456 4598; x_wconf 92' lang='grc' dir='ltr'>ι</span> <span class='ocrx_word' id='word_1_250' title='bbox 1471 4544 1567 4600; x_wconf 80' lang='lat' dir='ltr'><strong>Oeten.</strong></span> <span class='ocrx_word' id='word_1_251' title='bbox 1582 4547 1610 4599; x_wconf 91' lang='lat' dir='ltr'><strong>in</strong></span> <span class='ocrx_word' id='word_1_252' title='bbox 1622 4547 1753 4618; x_wconf 80' lang='lat' dir='ltr'><strong>psalmos.</strong></span> 
     </span>
     <span class='ocr_line' id='line_1_26' title="bbox 207 4631 1755 4708; baseline 0.001 -20"><span class='ocrx_word' id='word_1_253' title='bbox 207 4640 264 4690; x_wconf 87' lang='lat' dir='ltr'><strong>tem</strong></span> <span class='ocrx_word' id='word_1_254' title='bbox 274 4653 307 4690; x_wconf 84' lang='lat' dir='ltr'><strong>ee</strong></span> <span class='ocrx_word' id='word_1_255' title='bbox 316 4651 379 4708; x_wconf 83' lang='lat' dir='ltr'><strong>quae</strong></span> <span class='ocrx_word' id='word_1_256' title='bbox 390 4634 589 4706; x_wconf 87' lang='lat' dir='ltr'><strong>primusedidit</strong></span> <span class='ocrx_word' id='word_1_257' title='bbox 597 4635 749 4690; x_wconf 86' lang='lat' dir='ltr'><strong>Bendinius</strong></span> <span class='ocrx_word' id='word_1_258' title='bbox 759 4636 786 4689; x_wconf 91' lang='lat' dir='ltr'><strong>in</strong></span> <span class='ocrx_word' id='word_1_259' title='bbox 796 4653 839 4707; x_wconf 91' lang='lat' dir='ltr'><strong>ps.</strong></span> <span class='ocrx_word' id='word_1_260' title='bbox 849 4651 955 4705; x_wconf 76' lang='lat' dir='ltr'><strong>uxurr,</strong></span> <span class='ocrx_word' id='word_1_261' title='bbox 1010 4633 1187 4688; x_wconf 85' lang='lat' dir='ltr'><strong>Postmodum</strong></span> <span class='ocrx_word' id='word_1_262' title='bbox 1201 4631 1309 4688; x_wconf 88' lang='lat' dir='ltr'><strong>detecto</strong></span> <span class='ocrx_word' id='word_1_263' title='bbox 1318 4632 1378 4689; x_wconf 90' lang='lat' dir='ltr'><strong>cod.</strong></span> <span class='ocrx_word' id='word_1_264' title='bbox 1388 4633 1550 4705; x_wconf 86' lang='lat' dir='ltr'><strong>Berbsrino,</strong></span> <span class='ocrx_word' id='word_1_265' title='bbox 1561 4649 1660 4688; x_wconf 85' lang='lat' dir='ltr'><strong>nomeu</strong></span> <span class='ocrx_word' id='word_1_266' title='bbox 1669 4638 1755 4691; x_wconf 85' lang='lat' dir='ltr'><strong>resti-</strong></span> 
     </span>
     <span class='ocr_line' id='line_1_27' title="bbox 205 4721 1754 4796; baseline 0.001 -18"><span class='ocrx_word' id='word_1_267' title='bbox 205 4727 252 4780; x_wconf 90' lang='lat' dir='ltr'><strong>ubi</strong></span> <span class='ocrx_word' id='word_1_268' title='bbox 265 4726 396 4780; x_wconf 87' lang='lat' dir='ltr'><strong>continuo</strong></span> <span class='ocrx_word' id='word_1_269' title='bbox 409 4731 581 4796; x_wconf 87' lang='lat' dir='ltr'><strong>exponuntur</strong></span> <span class='ocrx_word' id='word_1_270' title='bbox 595 4745 624 4780; x_wconf 76' lang='lat' dir='ltr'><strong>v.</strong></span> <span class='ocrx_word' id='word_1_271' title='bbox 638 4725 737 4780; x_wconf 71' lang='lat' dir='ltr'><strong>«lb-49:</strong></span> <span class='ocrx_word' id='word_1_272' title='bbox 753 4731 812 4781; x_wconf 91' lang='lat' dir='ltr'><strong>tum</strong></span> <span class='ocrx_word' id='word_1_273' title='bbox 825 4726 955 4782; x_wconf 88' lang='lat' dir='ltr'><strong>Theodo·</strong></span> <span class='ocrx_word' id='word_1_274' title='bbox 1010 4721 1064 4777; x_wconf 89' lang='lat' dir='ltr'><strong>t&#39;uit</strong></span> <span class='ocrx_word' id='word_1_275' title='bbox 1082 4725 1110 4777; x_wconf 87' lang='lat' dir='ltr'><strong>in</strong></span> <span class='ocrx_word' id='word_1_276' title='bbox 1124 4727 1144 4778; x_wconf 85' lang='lat' dir='ltr'><strong>t.</strong></span> <span class='ocrx_word' id='word_1_277' title='bbox 1158 4739 1178 4777; x_wconf 94' lang='grc' dir='ltr'><strong>ιι</strong></span> <span class='ocrx_word' id='word_1_278' title='bbox 1191 4727 1219 4778; x_wconf 88' lang='lat' dir='ltr'><strong>et</strong></span> <span class='ocrx_word' id='word_1_279' title='bbox 1229 4739 1271 4792; x_wconf 86' lang='lat' dir='ltr'><strong>ru,</strong></span> <span class='ocrx_word' id='word_1_280' title='bbox 1284 4722 1331 4776; x_wconf 88' lang='lat' dir='ltr'><strong>sed</strong></span> <span class='ocrx_word' id='word_1_281' title='bbox 1344 4725 1437 4778; x_wconf 85' lang='lat' dir='ltr'><strong>omnis</strong></span> <span class='ocrx_word' id='word_1_282' title='bbox 1450 4721 1560 4778; x_wconf 80' lang='lat' dir='ltr'><strong>furfure</strong></span> <span class='ocrx_word' id='word_1_283' title='bbox 1578 4727 1678 4779; x_wconf 84' lang='lat' dir='ltr'><strong>seriori</strong></span> <span class='ocrx_word' id='word_1_284' title='bbox 1692 4743 1754 4781; x_wconf 81' lang='lat' dir='ltr'><strong>scs·</strong></span> 
     </span>
     <span class='ocr_line' id='line_1_28' title="bbox 206 4813 1753 4888; baseline 0.001 -20"><span class='ocrx_word' id='word_1_285' title='bbox 206 4819 283 4870; x_wconf 86' lang='lat' dir='ltr'><strong>retus</strong></span> <span class='ocrx_word' id='word_1_286' title='bbox 301 4816 349 4888; x_wconf 89' lang='lat' dir='ltr'><strong>qui</strong></span> <span class='ocrx_word' id='word_1_287' title='bbox 368 4817 468 4869; x_wconf 85' lang='lat' dir='ltr'><strong>seriem</strong></span> <span class='ocrx_word' id='word_1_288' title='bbox 489 4815 612 4872; x_wconf 84' lang='lat' dir='ltr'><strong>subdidit</strong></span> <span class='ocrx_word' id='word_1_289' title='bbox 624 4833 667 4888; x_wconf 85' lang='lat' dir='ltr'><strong>ps.</strong></span> <span class='ocrx_word' id='word_1_290' title='bbox 683 4832 742 4871; x_wconf 85' lang='lat' dir='ltr'><strong>xxu</strong></span> <span class='ocrx_word' id='word_1_291' title='bbox 755 4820 784 4870; x_wconf 89' lang='lat' dir='ltr'><strong>et</strong></span> <span class='ocrx_word' id='word_1_292' title='bbox 797 4831 877 4884; x_wconf 85' lang='lat' dir='ltr'><strong>xxrrr,</strong></span> <span class='ocrx_word' id='word_1_293' title='bbox 896 4821 955 4871; x_wconf 90' lang='lat' dir='ltr'><strong>tum</strong></span> <span class='ocrx_word' id='word_1_294' title='bbox 1010 4817 1070 4868; x_wconf 89' lang='lat' dir='ltr'><strong>tent</strong></span> <span class='ocrx_word' id='word_1_295' title='bbox 1084 4831 1116 4867; x_wconf 85' lang='lat' dir='ltr'><strong>ac</strong></span> <span class='ocrx_word' id='word_1_296' title='bbox 1129 4815 1222 4884; x_wconf 89' lang='lat' dir='ltr'><strong>potius</strong></span> <span class='ocrx_word' id='word_1_297' title='bbox 1241 4813 1377 4868; x_wconf 75' lang='lat' dir='ltr'><strong>habentur</strong></span> <span class='ocrx_word' id='word_1_298' title='bbox 1396 4813 1534 4869; x_wconf 79' lang='lat' dir='ltr'><strong>veriorum</strong></span> <span class='ocrx_word' id='word_1_299' title='bbox 1554 4817 1753 4872; x_wconf 69' lang='lat' dir='ltr'><strong>stromateon</strong></span> 
     </span>
     <span class='ocr_line' id='line_1_29' title="bbox 205 4901 1754 4978; baseline 0 -20"><span class='ocrx_word' id='word_1_300' title='bbox 205 4904 315 4958; x_wconf 90' lang='lat' dir='ltr'><strong>demum</strong></span> <span class='ocrx_word' id='word_1_301' title='bbox 326 4919 430 4975; x_wconf 82' lang='lat' dir='ltr'><strong>seques</strong></span> <span class='ocrx_word' id='word_1_302' title='bbox 441 4904 621 4975; x_wconf 87' lang='lat' dir='ltr'><strong>subjiciemus</strong></span> <span class='ocrx_word' id='word_1_303' title='bbox 632 4922 696 4961; x_wconf 85' lang='lat' dir='ltr'><strong>mox</strong></span> <span class='ocrx_word' id='word_1_304' title='bbox 707 4907 956 4978; x_wconf 76' lang='lat' dir='ltr'><strong>exprolegomenis</strong></span> <span class='ocrx_word' id='word_1_305' title='bbox 1011 4904 1043 4958; x_wconf 89' lang='lat' dir='ltr'><strong>D.</strong></span> <span class='ocrx_word' id='word_1_306' title='bbox 1057 4905 1174 4959; x_wconf 86' lang='lat' dir='ltr'><strong>Garnier</strong></span> <span class='ocrx_word' id='word_1_307' title='bbox 1187 4903 1215 4956; x_wconf 93' lang='lat' dir='ltr'><strong>in</strong></span> <span class='ocrx_word' id='word_1_308' title='bbox 1228 4902 1339 4975; x_wconf 83' lang='lat' dir='ltr'><strong>praelat.</strong></span> <span class='ocrx_word' id='word_1_309' title='bbox 1357 4903 1390 4956; x_wconf 83' lang='lat' dir='ltr'><strong>sd</strong></span> <span class='ocrx_word' id='word_1_310' title='bbox 1402 4901 1500 4956; x_wconf 82' lang='lat' dir='ltr'><strong>Basilii</strong></span> <span class='ocrx_word' id='word_1_311' title='bbox 1517 4902 1649 4974; x_wconf 84' lang='lat' dir='ltr'><strong>psslmos.</strong></span> <span class='ocrx_word' id='word_1_312' title='bbox 1663 4905 1754 4961; x_wconf 80' lang='lat' dir='ltr'><strong>Codex</strong></span> 
     </span>
     <span class='ocr_line' id='line_1_30' title="bbox 210 4990 1753 5066; baseline 0 -18"><span class='ocrx_word' id='word_1_313' title='bbox 210 4995 239 5049; x_wconf 85' lang='lat' dir='ltr'><strong>in</strong></span> <span class='ocrx_word' id='word_1_314' title='bbox 253 5009 321 5066; x_wconf 90' lang='lat' dir='ltr'><strong>ps.r</strong></span> <span class='ocrx_word' id='word_1_315' title='bbox 341 4997 370 5049; x_wconf 84' lang='lat' dir='ltr'><strong>st</strong></span> <span class='ocrx_word' id='word_1_316' title='bbox 388 5009 426 5063; x_wconf 71' lang='lat' dir='ltr'><strong>rr,</strong></span> <span class='ocrx_word' id='word_1_317' title='bbox 446 4993 479 5047; x_wconf 90' lang='lat' dir='ltr'><strong>de</strong></span> <span class='ocrx_word' id='word_1_318' title='bbox 498 4997 652 5065; x_wconf 87' lang='lat' dir='ltr'><strong>posteriore</strong></span> <span class='ocrx_word' id='word_1_319' title='bbox 671 4997 754 5049; x_wconf 85' lang='lat' dir='ltr'><strong>etism</strong></span> <span class='ocrx_word' id='word_1_320' title='bbox 774 4995 846 5049; x_wconf 91' lang='lat' dir='ltr'><strong>idem</strong></span> <span class='ocrx_word' id='word_1_321' title='bbox 865 4996 956 5050; x_wconf 81' lang='lat' dir='ltr'><strong>&#39;l&#39;heo-</strong></span> <span class='ocrx_word' id='word_1_322' title='bbox 1010 4993 1153 5046; x_wconf 84' lang='lat' dir='ltr'><strong>Bsrberin.</strong></span> <span class='ocrx_word' id='word_1_323' title='bbox 1174 4998 1261 5058; x_wconf 90' lang='lat' dir='ltr'><strong>(num.</strong></span> <span class='ocrx_word' id='word_1_324' title='bbox 1276 4990 1321 5057; x_wconf 84' lang='lat'><strong>21)</strong></span> <span class='ocrx_word' id='word_1_325' title='bbox 1341 4997 1384 5046; x_wconf 86' lang='lat' dir='ltr'><strong>est</strong></span> <span class='ocrx_word' id='word_1_326' title='bbox 1402 4991 1512 5065; x_wconf 89' lang='lat' dir='ltr'><strong>quidem</strong></span> <span class='ocrx_word' id='word_1_327' title='bbox 1531 4993 1753 5064; x_wconf 76' lang='lat' dir='ltr'><strong>antiquissimus,</strong></span> 
     </span>
     <span class='ocr_line' id='line_1_31' title="bbox 206 5080 1755 5158; baseline 0.001 -21"><span class='ocrx_word' id='word_1_328' title='bbox 206 5082 319 5138; x_wconf 87' lang='lat' dir='ltr'><strong>doretus</strong></span> <span class='ocrx_word' id='word_1_329' title='bbox 338 5084 464 5155; x_wconf 84' lang='lat' dir='ltr'><strong>quaedam</strong></span> <span class='ocrx_word' id='word_1_330' title='bbox 484 5085 624 5156; x_wconf 85' lang='lat' dir='ltr'><strong>excerpsit</strong></span> <span class='ocrx_word' id='word_1_331' title='bbox 636 5085 665 5139; x_wconf 87' lang='lat' dir='ltr'><strong>in</strong></span> <span class='ocrx_word' id='word_1_332' title='bbox 679 5083 797 5157; x_wconf 82' lang='lat' dir='ltr'><strong>Dislogo</strong></span> <span class='ocrx_word' id='word_1_333' title='bbox 816 5102 836 5140; x_wconf 92' lang='grc' dir='ltr'><strong>ιι</strong></span> <span class='ocrx_word' id='word_1_334' title='bbox 848 5085 953 5158; x_wconf 74' lang='grc' dir='ltr'>Ἀσὺγχ.</span> <span class='ocrx_word' id='word_1_335' title='bbox 1008 5081 1056 5137; x_wconf 90' lang='lat' dir='ltr'><strong>sed</strong></span> <span class='ocrx_word' id='word_1_336' title='bbox 1076 5082 1222 5153; x_wconf 87' lang='lat' dir='ltr'><strong>inscriptio</strong></span> <span class='ocrx_word' id='word_1_337' title='bbox 1240 5081 1334 5135; x_wconf 82' lang='lat' dir='ltr'><strong>sddits</strong></span> <span class='ocrx_word' id='word_1_338' title='bbox 1352 5080 1408 5136; x_wconf 83' lang='lat' dir='ltr'><strong>fuit</strong></span> <span class='ocrx_word' id='word_1_339' title='bbox 1424 5085 1562 5149; x_wconf 87' lang='lat' dir='ltr'><strong>recenter,</strong></span> <span class='ocrx_word' id='word_1_340' title='bbox 1580 5081 1688 5154; x_wconf 76' lang='lat' dir='ltr'><strong>quando</strong></span> <span class='ocrx_word' id='word_1_341' title='bbox 1706 5099 1755 5138; x_wconf 90' lang='lat' dir='ltr'><strong>eo·</strong></span> 
     </span>
     <span class='ocr_line' id='line_1_32' title="bbox 206 5170 1755 5243; baseline 0.001 -19"><span class='ocrx_word' id='word_1_342' title='bbox 206 5191 233 5243; x_wconf 90' lang='lat' dir='ltr'><strong>p.</strong></span> <span class='ocrx_word' id='word_1_343' title='bbox 250 5170 308 5226; x_wconf 79' lang='lat' dir='ltr'><strong>lot.</strong></span> <span class='ocrx_word' id='word_1_344' title='bbox 320 5202 352 5214; x_wconf 91' lang='lat'><strong>-·</strong></span> <span class='ocrx_word' id='word_1_345' title='bbox 367 5172 390 5236; x_wconf 72' lang='lat'><strong>3)</strong></span> <span class='ocrx_word' id='word_1_346' title='bbox 405 5173 445 5227; x_wconf 86' lang='lat' dir='ltr'><strong>De</strong></span> <span class='ocrx_word' id='word_1_347' title='bbox 463 5172 583 5228; x_wconf 88' lang='lat' dir='ltr'><strong>Eusebio</strong></span> <span class='ocrx_word' id='word_1_348' title='bbox 595 5173 633 5229; x_wconf 84' lang='lat' dir='ltr'><strong>cs.</strong></span> <span class='ocrx_word' id='word_1_349' title='bbox 654 5175 763 5231; x_wconf 82' lang='lat' dir='ltr'><strong>Patrol.</strong></span> <span class='ocrx_word' id='word_1_350' title='bbox 781 5191 862 5242; x_wconf 81' lang='lat' dir='ltr'><strong>xxrrr,</strong></span> <span class='ocrx_word' id='word_1_351' title='bbox 876 5190 955 5243; x_wconf 84' lang='lat' dir='ltr'><strong>xxrv,</strong></span> <span class='ocrx_word' id='word_1_352' title='bbox 1008 5173 1097 5227; x_wconf 87' lang='lat' dir='ltr'><strong>dicem</strong></span> <span class='ocrx_word' id='word_1_353' title='bbox 1116 5172 1360 5227; x_wconf 82' lang='lat' dir='ltr'><strong>Eminentissimus</strong></span> <span class='ocrx_word' id='word_1_354' title='bbox 1381 5171 1462 5226; x_wconf 80' lang='lat' dir='ltr'><strong>card.</strong></span> <span class='ocrx_word' id='word_1_355' title='bbox 1482 5171 1647 5228; x_wconf 83' lang='lat' dir='ltr'><strong>Ludovisius</strong></span> <span class='ocrx_word' id='word_1_356' title='bbox 1664 5173 1755 5228; x_wconf 84' lang='lat' dir='ltr'><strong>Urbe-</strong></span> 
     </span>
     <span class='ocr_line' id='line_1_33' title="bbox 207 5261 1242 5339; baseline 0.002 -23"><span class='ocrx_word' id='word_1_357' title='bbox 207 5261 275 5316; x_wconf 87' lang='lat' dir='ltr'><strong>Msii</strong></span> <span class='ocrx_word' id='word_1_358' title='bbox 295 5263 377 5318; x_wconf 86' lang='lat' dir='ltr'><strong>Noua</strong></span> <span class='ocrx_word' id='word_1_359' title='bbox 397 5265 473 5319; x_wconf 74' lang='lat' dir='ltr'><strong>Broc.</strong></span> <span class='ocrx_word' id='word_1_360' title='bbox 495 5265 552 5321; x_wconf 88' lang='lat' dir='ltr'><strong>PP.</strong></span> <span class='ocrx_word' id='word_1_361' title='bbox 571 5280 615 5334; x_wconf 87' lang='lat' dir='ltr'><strong>rv,</strong></span> <span class='ocrx_word' id='word_1_362' title='bbox 635 5265 680 5322; x_wconf 88' lang='grc'><strong>65.</strong></span> <span class='ocrx_word' id='word_1_363' title='bbox 707 5267 802 5339; x_wconf 85' lang='lat' dir='ltr'><strong>Neque</strong></span> <span class='ocrx_word' id='word_1_364' title='bbox 820 5267 955 5322; x_wconf 76' lang='lat' dir='ltr'><strong>exhauste</strong></span> <span class='ocrx_word' id='word_1_365' title='bbox 1010 5281 1044 5318; x_wconf 90' lang='lat' dir='ltr'><strong>no</strong></span> <span class='ocrx_word' id='word_1_366' title='bbox 1063 5278 1113 5319; x_wconf 81' lang='lat' dir='ltr'>v111</span> <span class='ocrx_word' id='word_1_367' title='bbox 1131 5262 1242 5318; x_wconf 83' lang='lat' dir='ltr'><strong>obtulit.</strong></span> 
     </span>
    </p>
   </div>
   <div class='ocr_carea' id='block_1_6' title="bbox 0 0 2028 6098">
    <p class='ocr_par' dir='ltr' id='par_1_9' title="bbox 0 0 2028 6098">
     <span class='ocr_line' id='line_1_34' title="bbox 0 0 2028 6098; baseline 0 0"><span class='ocrx_word' id='word_1_368' title='bbox 0 0 2028 6098; x_wconf 95' lang='lat' dir='ltr'><strong> </strong></span> 
     </span>
    </p>
   </div>
  </div>
 </body>
</html>
