4044 6098
228 533 235 550 ,
290 467 347 535 cm
809 465 1010 534 vautouuu
1034 465 1321 534 ososaaomauu

334 617 468 708 Ψαλμοί
491 623 576 701 αὐτῷ
597 622 612 682 6
630 609 677 696 ιδ’,
694 621 754 703 κβ,
771 610 831 699 κδ’,
848 622 913 708 μβ,
929 620 986 697 ςη’,
1004 623 1038 710 ρ’,
1133 616 1240 680 Psalmi
1269 617 1327 701 lpst
1354 623 1442 699 XIV,
1465 624 1569 700 XXII,
1592 625 1709 698 XXIV,
1739 624 1841 699 XLII,

291 725 344 816 ρο,
371 721 428 815 pp.
1092 727 1231 799 xorem,
1253 729 1285 801 e,
1309 729 1386 802 mx,
1409 730 1495 791 oxa.

334 832 579 924 Στηλογραρίας
603 835 618 895 ὁ
637 828 682 896 a'.
1135 829 1356 912 Scelopraplo'ce
1375 835 1456 895 XIX.

333 946 398 1017 Τῆς
423 948 494 1029 μιᾶς
521 938 686 1024 σαββάτου
710 944 726 1003 6
749 953 809 1034 κγ’.
1134 935 1257 1002 Primae
1280 934 1407 1002 Setaea
1424 942 1539 1002 XXIII.

334 1045 491 1112 Ῥυσθέντι
514 1049 549 1110 ἐκ
573 1047 674 1135 χειρὸς
697 1046 823 1113 πάντων
840 1057 903 1112 τῶν
922 1047 1039 1138 ἐχθρῶν
1134 1042 1266 1107 [eleeto
1281 1042 1314 1105 de
1328 1061 1417 1107 mauu
1431 1044 1559 1108 amatum
1573 1044 1755 1110 tutme'corum
1767 1062 1844 1109 meo·

289 1179 348 1246 μου
373 1153 426 1219 καί
450 1157 484 1218 ἑκ
507 1153 608 1243 χειρὸς
635 1152 738 1218 Σαοὺλ
762 1159 778 1218 ὁ
804 1148 849 1233 ιζ’.
1093 1169 1158 1214 ram
1178 1149 1257 1214 etde
1277 1169 1367 1214 mauu
1389 1150 1489 1217 Saulis
1508 1156 1607 1216 XVII.

335 1261 426 1352 Ὑπὲρ
450 1269 508 1336 τῆς
533 1257 728 1349 ἀντιλήψεως
751 1260 878 1338 ἑωθινῆς
902 1266 918 1326 6
943 1259 1018 1326 κα’.“
1135 1255 1233 1340 Super
1253 1257 1475 1341 assumptionem
1495 1257 1633 1322 motuttm'
1651 1263 1733 1323 XXI.

335 1357 472 1445 Ἐξαδίου
498 1375 615 1441 σκηνῆς
639 1369 655 1430 6
679 1362 739 1438 κη’.
810 1423 812 1428 .
1134 1363 1173 1428 Ia
1193 1367 1274 1428 cultu
1294 1383 1379 1430 orcae
1398 1371 1491 1432 XXX.

333 1475 552 1566 Ἐγκαινισμοῢ
576 1482 631 1536 τοῦ
656 1473 741 1538 οἴκου
766 1477 782 1536 6
806 1469 861 1538 κθ’.
1135 1471 1337 1536 Dedicattouts
1357 1472 1456 1536 (lomus
1475 1477 1584 1538 XXIX.

334 1577 529 1666 Ἐκστάσεως
553 1582 569 1642 6
593 1574 631 1642 λ’.
1135 1578 1259 1644 uacasse
1278 1584 1371 1644 XXX.

336 1686 490 1764 Συνέσεως
514 1691 530 1752 6
554 1681 614 1752 λα’.
1135 1683 1297 1748 Intellectus
1316 1689 1426 1749 XXXI.

335 1793 561 1859 Ἀλλοιώσαντι
584 1795 622 1860 τὸ
645 1793 808 1885 πρόσωπον
832 1799 928 1861 αὑτοῦ
952 1799 1041 1862 έναν-
1134 1789 1264 1855 Mutooti
1281 1791 1389 1855 uultum
1408 1809 1492 1855 sutem
1511 1793 1541 1855 ta
1561 1797 1711 1875 conspectu
1731 1789 1845 1855 coire-

292 1901 358 1965 τίον
384 1893 556 1990 Ἀθιμέλεχ
580 1904 596 1964 6
619 1897 678 1993 λγ’.
1095 1896 1153 1962 tem
1172 1902 1312 1964 XXXIII.
1525 1899 1527 1904 ’

337 2015 389 2091 Τῷ
414 2000 514 2091 δοθλῳ
537 2009 642 2100 κυρίου
666 2012 682 2072 6
705 2007 759 2074 λε’.
1138 2005 1227 2070 Seruo
1249 2006 1373 2070 Domini
1390 2011 1513 2071 XXXV.

336 2119 388 2191 Εἰς
411 2115 585 2205 ἀνάμνησιν
608 2116 679 2207 περί
702 2117 864 2203 σαββάτου
889 2122 905 2182 6
928 2118 981 2194 λς’.
1136 2112 1172 2175 Ia
1191 2113 1359 2176 ocemortam
1379 2111 1413 2175 (lc
1436 2111 1565 2177 Sabbata
1585 2117 1722 2178 XXXVI.

339 2229 391 2305 τῷ
415 2213 551 2312 ἰλιθοομ
574 2226 590 2286 ι
613 2221 673 2296 ιη’.
1136 2219 1184 2284 m
1203 2219 1332 2284 terreum
1351 2223 1521 2284 xxxam.

338 2327 516 2419 Ἑλεχθέντι
541 2321 592 2395 διὰ
614 2330 768 2423 Βερσουβεὲ
791 2331 849 2397 ὑπὸ
866 2331 969 2398 Νάθαν
985 2343 1041 2398 τοῦ
1136 2327 1208 2391 θνα
1233 2327 1381 2406 redorputt
1406 2332 1525 2410 propter
1553 2324 1697 2390 Bersabee
1724 2323 1844 2393 Nellos

292 2437 456 2527 προφήτου
480 2441 496 2501 ὁ
518 2434 552 2502 ν’.
1094 2436 1233 2519 proptetc
1253 2437 1286 2500 L.

337 2535 544 2632 Ἐνδειχθέντι
559 2543 618 2610 ὑπὸ
637 2543 723 2620 Δοὴκ
739 2544 789 2611 em
813 2545 917 2612 Σαοὺλ
940 2549 971 2611 ἐν
995 2556 1041 2630 τῷ
1136 2543 1208 2607 θνα
1219 2539 1516 2624 ιίιίοοίιωιοίσθοσρ,
1524 2545 1646 2622 tempore
1655 2537 1768 2617 Saulis,
1778 2536 1846 2600 dum

293 2649 392 2715 ἐλθεῖν
418 2655 459 2726 εἱς
483 2644 565 2715 οἷκον
591 2650 690 2740 ίερέως
706 2645 878 2742 Ἀθιμέλεχ
885 2695 890 2706 .
902 2657 918 2717 6
941 2648 997 2717 να’.
1096 2653 1233 2716 intrasset
1242 2651 1272 2715 ta
1285 2648 1400 2714 domm
1413 2647 1569 2712 Alimelect
1582 2645 1739 2712 sacerdotis
1751 2647 1803 2709 LI.

230 2821 238 2834 ,
341 2754 433 2847 Ὑπὲρ
459 2755 606 2832 συνέσεως
630 2756 752 2822 Μαελέθ
776 2763 792 2822 6
816 2754 871 2823 νβ’.
1138 2755 1234 2838 Super
1253 2754 1425 2819 Intellectum
1445 2752 1570 2818 Mesoa
1590 2756 1657 2817 LII.

338 2853 546 2952 Ἐνδειχθέντι
557 2872 604 2948 τῷ
620 2857 770 2954 κρυθῆναι
783 2864 842 2930 ὑπὸ
858 2866 984 2955 Ζιραίου
996 2873 1042 2949 τῷ
1138 2862 1210 2926 Cum
1233 2860 1321 2926 Sauli
1340 2862 1519 2926 renuntiatur
1539 2866 1583 2925 est
1598 2860 1629 2924 ta
1644 2858 1751 2925 occulto
1772 2877 1793 2925 a
1810 2859 1846 2941 fi·

296 2967 401 3034 Σαοὺλ
425 2972 441 3032 6
465 2973 521 3062 νγ’.
1097 2969 1144 3033 le'ts
1167 2969 1289 3053 thleaes'
1308 2973 1391 3034 LIII.
1569 3041 1572 3047 ,

338 3081 389 3152 Είς
406 3075 443 3140 τὸ
459 3080 548 3150 τέλος
565 3079 597 3140 ἑν
611 3077 717 3164 ὕμνοις
734 3076 881 3153 συνέσεως
901 3081 917 3141 ὁ
934 3068 989 3156 νδ,
1007 3071 1041 3155 ξ’.
1137 3078 1174 3141 Iu
1193 3077 1278 3161 finem
1298 3078 1329 3141 e'o
1350 3076 1460 3158 lpmm'e
1480 3073 1632 3139 intellectus
1652 3078 1731 3152 Lm,
1752 3079 1816 3139 LX.

339 3181 536 3273 Κρατῆθέντι
559 3184 618 3248 ὑπὸ
642 3183 824 3273 ἀλλοφύλων
840 3189 871 3250 ἑν
889 3184 945 3250 Γέθ
969 3187 1043 3278 ὑπὲρ
1139 3187 1211 3250 Cum
1224 3189 1325 3268 coptus
1339 3184 1400 3265 suit
1413 3183 1449 3249 cl
1463 3181 1622 3265 Altoptrplts
1642 3182 1672 3244 ιἰι
1691 3181 1773 3261 Geta,
1793 3201 1848 3264 pro

295 3299 351 3354 τοῦ
375 3293 453 3373 λαρῦ
476 3299 532 3355 τοῦ
557 3290 617 3356 ἀπὸ
640 3299 703 3356 τῶν
728 3293 822 3383 ἁγίων
847 3293 1046 3383 μεμακρυμέ-
1094 3295 1204 3380 populo
1226 3297 1275 3380 put
1294 3314 1313 3360 a
1333 3295 1440 3361 coactu
1461 3292 1542 3376 loope
1561 3291 1658 3375 tactus
1679 3298 1721 3356 est
1741 3295 1805 3355 LV.

295 3421 348 3462 νου
373 3401 388 3461 6
412 3393 464 3462 vc'.
1126 3419 1131 3427 ·

339 3511 389 3582 Εἰς
412 3505 458 3570 τό·
475 3504 525 3578 Μὴ
545 3495 731 3597 διαφθείρῃς,
751 3511 792 3583 εἰς
809 3509 1043 3600 στηλογραρίαν
1139 3510 1234 3592 Super
1254 3508 1345 3574 illud:
1366 3507 1413 3576 Ne
1433 3525 1619 3589 corrumpas,
1642 3506 1672 3569 ta
1698 3507 1848 3588 stelopw·

295 3615 311 3674 6
336 3606 387 3692 νζ.
775 3672 779 3680 .
1064 3703 1066 3706 Ι
1097 3618 1201 3702 p6e'am
1222 3621 1318 3682 LVII.

341 3719 457 3786 Ὁπότε
481 3718 669 3785 ἀποστέλλει
694 3718 798 3784 Σαοὺλ
822 3724 863 3796 εἰς
882 3719 937 3786 τδν
962 3715 1043 3786 οἶκον
1140 3726 1260 3805 Quam
1272 3724 1351 3788 mtstt
1365 3722 1443 3788 Saul
1453 3723 1484 3786 r'a
1501 3723 1626 3801 atomum,
1649 3727 1676 3784 et
1695 3721 1851 3786 custodlolt

296 3826 348 3893 καί
365 3837 490 3918 φρουρεῖ
503 3836 559 3891 τοῦ
577 3824 756 3891 θανατῶσαι
771 3827 866 3892 αὐτὸν
883 3830 899 3890 6
916 3829 972 3900 νῆ’.
1098 3840 1132 3898 ot
1149 3833 1316 3917 interficeret
1333 3849 1396 3896 eum
1415 3835 1526 3896 LVIII.

341 3939 413 4010 Τοῖς
436 3931 744 4022 ἀλλοιωθησοριένοις,
768 3935 822 4000 ὅτε
845 3930 1046 4025 ἐμπυρίζεται
1139 3935 1845 4023 cmmuuas,qocnc08puacooaosmeul.1x.

299 4036 511 4135 ὣψὸθ
1331 4038 1332 4041 “

341 4146 432 4238 Ὑπὲρ
455 4139 590 4237 Ἰδιθοὺμ
614 4150 630 4212 6
654 4141 709 4228 fist.
1141 4155 1236 4238 Super
1256 4152 1384 4218 caraem
1402 4154 1481 4215 LXI.

339 4255 390 4320 Ἐν
413 4266 454 4342 τῇ
480 4255 585 4346 ἐρῆμῳ
600 4256 676 4324 ,ὄντι
698 4267 757 4335 τῆς
785 4250 933 4337 Ἰουδαίας
956 4253 1044 4345 ὁξβι
1140 4262 1275 4327 Maneatt
1293 4261 1324 4323 ta
1344 4259 1451 4323 derum
1471 4255 1598 4322 Iudaeae
1619 4259 1714 4320 LXII.

340 4369 391 4440 Εἰς
415 4363 453 4429 τθ
476 4362 566 4440 τέλος
590 4359 711 4453 ψαλμδς
734 4357 816 4449 ᾠδῆς
840 4371 856 4432 ὁ
880 4361 934 4446 ξζ’
1141 4371 1176 4434 lu
1196 4369 1281 4453 ficem
1300 4365 1431 4450 psalmus
1451 4365 1560 4430 coattcs'
1580 4369 1687 4430 LXVI.

342 4469 434 4561 Ὑπέρ
457 4479 521 4536 τῶν
546 4469 842 4561 ἀλλοιωθησομένων
866 4479 881 4538 6
906 4468 963 4552 ξη’.
1142 4477 1237 4559 Super
1257 4476 1421 4539 immutatos
1441 4476 1581 4537 LXVIII.

341 4575 391 4641 Ἐν
414 4585 460 4662 τῷ
477 4576 572 4642 αὐτὸν
589 4568 827 4669 ἀποδιδράσκειν
843 4581 905 4646 ἀπὸ
927 4579 1047 4672 προσώ·
1142 4583 1263 4662 Quando
1282 4587 1344 4666 lpse
1365 4581 1479 4665 outuptt
1499 4599 1519 4645 o
1538 4581 1614 4662 tacte
1636 4577 1759 4644 senten
1779 4594 1850 4658 spe·

297 4707 357 4750 που
383 4684 487 4751 Σαοὺλ
512 4690 553 4761 εἰς
577 4685 614 4752 τὸ
639 4687 793 4762 σπήλαιον
817 4692 833 4752 6
857 4683 904 4765 νς’.
1102 4689 1216 4757 luccam
1237 4695 1317 4755 LVI.

341 4796 392 4868 Εἰς
416 4791 589 4881 ἀνάμνησιν
611 4803 668 4860 τοῦ
684 4787 837 4875 σώζεσθαι
852 4795 910 4862 ὑπὸ
933 4795 1045 4885 Κυρίου
1140 4796 1177 4860 Ia
1197 4797 1367 4861 rumesiam
1393 4799 1521 4878 receptae
1545 4791 1647 4859 sotatts
1674 4807 1694 4855 a
1721 4786 1847 4851 Domino

298 4891 391 4978 ιξα.
1100 4910 1209 4971 sxsx.
1515 4897 1519 4906 ’

328 5003 504 5096 ΙΠροσευχολ
530 5009 546 5070 6
570 5006 633 5074 ποτ’.
981 5073 985 5081 ,
1143 5012 1243 5078 Oratio
1263 5015 1401 5076 LXXXI.

344 5113 436 5177 Αἴνου
460 5105 542 5196 ᾠδῆς
565 5120 581 5180 ὁ
605 5113 637 5196 ς’,
660 5109 709 5194 ςδῐ.
1141 5119 1251 5185 Louclr's
1272 5119 1376 5184 coattct
1393 5122 1456 5196 XO,
1478 5121 1587 5183 XCIV.
