4064 6108
281 527 340 593 θθθ
844 536 1012 610 SANCTUS
1034 539 1265 612 nteuotttus

278 709 348 767 τες,
379 693 498 768 ἐντοῖς
525 689 609 757 κοιτά
641 696 769 786 Χριστὸν
802 699 1022 790 ἀγωνίσμασιν·
1076 710 1133 776 est,
1155 699 1206 781 qui
1228 699 1350 778 uiriliter
1370 719 1458 786 agero
1479 706 1647 794 instituunt,
1663 713 1822 779 certamina

275 798 351 862 ὅπου
364 788 478 886 δεήσει,
492 812 639 891 γυναῖκας
652 797 704 867 οθν
721 802 870 896 θεοφιλεῖς
886 809 939 872 cat
955 833 1024 902 γον.
1079 819 1130 882 pto
1142 801 1258 868 Christo
1271 806 1448 888 exoroeudo;
1464 811 1489 874 si
1504 815 1667 896 oportuerit
1689 818 1824 884 mulieres
1926 885 1927 888 ,

272 907 358 982 ναίοις
377 901 504 997 γυναιξί
528 910 692 998 μιμητέον,
717 913 770 977 καί
793 906 904 1006 ἄνδρας
926 941 1024 1009 πυρα.
1079 909 1230 992 religiosas
1250 929 1285 977 ac
1305 933 1460 996 generosas
1480 919 1596 985 leminae
1611 920 1740 989 habeant
1761 925 1824 988 imi-

272 1015 412 1088 πληοίοις
437 1005 574 1104 ἀνδράσι·
599 1022 719 1106 μᾶλλον
745 1020 799 1109 μὲν
824 1016 887 1099 οὖν,
910 1028 936 1087 οἱ
954 1023 1025 1107 pot.
1079 1018 1193 1097 undas,
1208 1019 1321 1104 ipsique
1334 1023 1391 1088 viri
1406 1027 1518 1109 pariter
1539 1029 1619 1093 viros
1638 1031 1823 1111 amabatur,

272 1123 388 1196 λυινπο,
414 1114 627 1209 ἀμειύέτωσυν
647 1124 701 1188 ναί
715 1125 775 1200 τήν
792 1121 890 1207 τάξιν,
907 1130 961 1194 καὶ
978 1131 1020 1219 μὴ
1078 1124 1127 1188 vel
1141 1128 1239 1208 potins
1251 1129 1275 1193 si
1289 1131 1449 1214 voluerint,
1465 1134 1606 1202 ordinem.
1618 1139 1742 1204 invicem
1761 1160 1824 1223 per-

273 1224 315 1290 τά
338 1226 412 1318 γένη
439 1230 708 1321 φιλοκρινέτωσαν·
725 1234 812 1300 κοινὰ
829 1228 857 1300 δ’
874 1238 1023 1316 ἀλλήλους
1078 1243 1200 1316 mutent,
1224 1239 1361 1323 nullaque
1382 1261 1469 1316 sellus
1485 1245 1582 1311 habita
1602 1249 1726 1328 ratione,
1744 1251 1824 1314 reci·

276 1331 469 1398 τνθέοτωοαν
492 1336 546 1399 καὶ
569 1336 612 1402 τὰ
633 1331 859 1433 ὑποδείγματα,
884 1345 938 1408 καὶ
961 1370 1024 1411 αα.
1078 1359 1165 1420 proca
1181 1341 1293 1409 bincet
1307 1345 1374 1412 inde
1389 1361 1500 1432 ponant
1521 1354 1648 1420 lacinora
1663 1365 1694 1421 et
1719 1377 1824 1422 exem-

277 1440 328 1504 νον
352 1440 469 1518 πάντες
485 1443 539 1507 καί
555 1455 653 1510 πᾶσαν
672 1449 726 1512 τοο
743 1449 827 1516 αααα
841 1463 897 1517 eoo
913 1453 1022 1546 ἐχθροῦ
1078 1444 1142 1527 pla,
1166 1465 1377 1536 communeque
1398 1459 1496 1522 cuncti
1525 1469 1556 1524 et
1576 1472 1690 1526 cunctae
1717 1464 1823 1528 bellum

276 1546 415 1636 πόλεμον
433 1549 683 1638 ἀναιρείσθωσοιν·
699 1555 766 1620 ἐπεὶ
782 1557 834 1620 καί
846 1559 931 1634 κοινή
947 1570 1022 1625 πᾶσι
1077 1554 1218 1620 advertus
1240 1557 1354 1626 bostem
1375 1566 1527 1631 exantlato
1547 1569 1696 1650 attactam
1713 1572 1824 1654 quippe

276 1654 330 1718 καί
354 1657 410 1744 μία
433 1661 449 1720 ὁ
467 1660 595 1747 Χριστὸς
611 1663 732 1752 κοραλὴ
753 1656 880 1756 ανδράον
901 1668 954 1732 καὶ
968 1694 1023 1762 γο-
1076 1679 1166 1743 quum
1179 1681 1332 1731 commune
1344 1668 1459 1733 cunctis
1473 1682 1562 1755 caput
1576 1675 1615 1739 sit
1629 1675 1773 1757 Christus,
1791 1687 1825 1741 ut

275 1752 384 1851 ναιξίν,
412 1767 453 1838 ὡς
477 1764 541 1840 ἑνὸς
565 1759 631 1829 ούσι
656 1767 760 1858 μέρεσι
784 1770 939 1860 σώματος·
969 1776 1022 1840 καὶ
1077 1767 1125 1848 qni
1147 1769 1276 1851 ejusdem
1297 1771 1358 1836 sint
1376 1775 1505 1842 membra
1526 1780 1676 1865 eorporis,
1702 1793 1731 1847 et
1760 1786 1822 1865 ipse

275 1867 370 1944 αὐτὸς
385 1866 505 1935 καθίσει
519 1875 675 1961 εὐπρεπῶς
688 1875 762 1952 τοὺς
781 1877 855 1969 ὑπὲρ
869 1873 1023 1958 ευσεύείας
1078 1875 1167 1940 nobili
1179 1875 1266 1943 choro
1277 1880 1419 1946 consistat
1429 1903 1628 1970 quoscumque
1639 1908 1690 1971 pro
1705 1891 1820 1972 [eligio-

276 1972 330 2036 καί
355 1975 549 2065 σωφροσύνης
579 1969 721 2071 ἀνδρείως
753 1975 1019 2075 διηγωνισμένους.
1076 2003 1112 2049 ue
1132 1991 1162 2048 et
1181 1985 1353 2052 castimonia
1375 1991 1500 2057 viriliter
1519 1995 1711 2062 decertantes.

318 2076 371 2143 tu.
395 2080 469 2162 Cap.
494 2079 523 2158 1,
544 2101 571 2144 ο.
596 2086 623 2158 1,
638 2085 713 2167 culp.
736 2087 828 2165 XIII,
844 2091 873 2153 1.
898 2093 959 2156 Καὶ
982 2089 1020 2170 ἦν
1116 2089 1168 2152 ΙΗ.
1191 2089 1233 2153 Et
1250 2098 1314 2188 erat
1332 2096 1378 2158 σίν
1397 2097 1531 2163 bolitano
1552 2101 1585 2163 ιἰι
1610 2101 1774 2185 Babylone,
1797 2111 1825 2166 et

274 2187 464 2279 &adpetitum
489 2195 519 2255 ἐν
543 2186 714 2273 Βαύυλῶνι,
738 2197 791 2261 καί
815 2200 912 2289 ὄνομα
936 2206 1021 2286 αύτῷ
1075 2215 1175 2260 oomen
1194 2197 1240 2261 ίίίί
1258 2197 1398 2292 Joatdim·

276 2293 432 2385 Ἰωαχείμ.
457 2294 518 2359 Vct.
536 2297 624 2376 Ῑθθίί,
640 2302 671 2363 2.
1907 2387 1915 2403 υ

319 2401 514 2469 Ἱππολύτου,
540 2403 670 2484 Οὗτόςὸ
695 2407 850 2500 Ἰωαχεὶμ,
875 2414 1020 2505 πάροικος
1115 2401 1278 2476 Hannoniat.
1299 2413 1328 2477 IS
1342 2415 1474 2481 Jouchim
1488 2421 1661 2502 pelegrinus
1675 2423 1705 2487 ln
1727 2422 1822 2506 Baby-

274 2509 439 2601 γενόμενος
456 2515 486 2576 ἐν
503 2507 672 2592 Βαύυλῶνι,
689 2511 844 2607 λοιμύάνει
860 2519 919 2595 τήν
945 2530 1021 2589 Σοο.
1076 2519 1140 2582 lone
1156 2519 1263 2599 lactus,
1276 2519 1442 2587 Susannam
1454 2525 1482 2588 in
1494 2545 1614 2593 uxorem
1630 2529 1740 2611 recipit.
1754 2529 1822 2593 linc

275 2613 387 2679 σάννοιν
412 2621 453 2692 εἰς
476 2629 619 2708 γυναῖκα.
648 2621 734 2696 Atel
760 2615 794 2687 tt
817 2620 855 2699 ἧν
879 2624 1019 2719 θυγάτηρ
1075 2635 1222 2690 verberat
1236 2625 1419 2693 bliaiielciae
1432 2635 1603 2714 sacerdotis,
1619 2651 1705 2716 aquo
1717 2634 1822 2698 inven-

274 2723 408 2787 Χελκίου
431 2735 487 2788 τοῦ
510 2726 642 2818 Ἱερίως,
666 2740 722 2794 τοῦ
745 2731 885 2822 εὑρόντος
908 2736 946 2800 τὸ
971 2739 1020 2819 βι-
1076 2743 1122 2796 tus
1132 2742 1177 2797 est
1188 2733 1260 2798 tiber
1271 2733 1360 2817 Legis
1372 2736 1400 2799 iu
1412 2737 1758 2823 domoDomini,quando
1770 2759 1819 2805 tex

271 2821 357 2924 ύλίον
380 2841 436 2896 τοῦ
460 2833 555 2922 νόμου
572 2838 602 2899 ἐν
619 2844 665 2920 τῷ
681 2838 755 2923 οίιιῳ
779 2842 901 2930 Κυρίου,
926 2845 1019 2916 ἡνίκα
1074 2837 1169 2902 iosias
1183 2838 1322 2922 praccepta
1345 2840 1388 2905 illi
1409 2843 1551 2909 mundare
1575 2857 1677 2910 sancta
1699 2855 1820 2911 sancto-

272 2937 388 3015 Ἰωσίοις
412 2945 428 3004 ὁ
456 2942 599 3025 βασιλεὺς
624 2945 783 3012 ἐκέλευσεν
807 2951 900 3014 αὑτὸν
924 2950 1021 3017 καθα·
1075 2965 1149 3027 rum,
1166 2947 1310 3011 Stlffltltlae
1324 2948 1413 3014 sitiet
1427 2960 1492 3015 etat
1509 2951 1650 3017 ieremias
1665 2952 1818 3036 propheto,

273 3046 352 3137 ρίσαι
375 3045 418 3111 τά
442 3045 517 3138 ἅγιοι
533 3059 595 3113 τῶν
613 3053 717 3143 ἁγίων,
735 3054 861 3133 Ταύτης
887 3048 1018 3150 ἁδελφὸς
1073 3054 1124 3136 qui
1139 3065 1207 3136 post
1218 3054 1424 3137 captivitatem
1438 3058 1536 3141 populi
1552 3058 1582 3122 in
1593 3059 1742 3142 Babylone
1757 3077 1820 3142 per-

272 3156 393 3245 γίνεπυι
412 3155 559 3247 Ἱερεμίας
579 3163 595 3223 ὁ
611 3162 783 3252 προφήτης,
809 3166 840 3241 ὅς
864 3165 930 3256 ἅμα
953 3181 1019 3247 τοῖς
1073 3171 1181 3242 actam,
1195 3179 1253 3227 una
1268 3181 1334 3226 cum
1350 3163 1593 3233 reciduisduotns
1608 3172 1696 3232 estin
1711 3169 1821 3252 AEgyp·

273 3263 453 3340 totietatem,
468 3264 550 3352 μετὰ
562 3264 622 3340 τήν
635 3271 805 3359 γενομένην
822 3277 877 3337 τοῦ
893 3277 970 3341 λαοῢ
986 3281 1017 3341 ἐν
1076 3281 1148 3350 tum,
1164 3281 1195 3335 el
1216 3271 1362 3338 habitavit
1377 3274 1408 3338 in
1429 3275 1572 3358 taphnis,
1595 3278 1644 3341 ubi
1665 3277 1735 3343 dum
1757 3295 1820 3360 pto·

276 3361 674 3460 Βοιύυλῶνιαὶχμοιλωσίαν,
688 3378 855 3468 ἀπανήχθη
876 3384 1019 3475 εἰςΑίγυ-
1074 3377 1220 3460 pheloret,
1241 3380 1387 3464 lapidibus
1407 3383 1540 3465 obrutuS,
1556 3385 1669 3450 abillis
1688 3385 1821 3449 sublatus

274 3497 354 3538 πτον
370 3475 424 3539 καί
437 3477 622 3567 παρῴκησεν
639 3485 670 3546 ἐν
687 3483 831 3574 Τάφνοιις·
848 3491 1020 3582 ιιάιιεῒπρο-
1072 3498 1127 3552 est.

276 3583 418 3671 φητεύων
435 3581 649 3667 λιθούοληθείς
665 3591 820 3657 ὑπἀύπῶν
838 3599 1017 3688 ἀναιρεῖται.

319 3688 367 3755 lV·
390 3693 450 3756 Kal
473 3690 584 3761 ἔλαθεν
609 3711 742 3789 γυναῖκα
766 3697 785 3786 ᾗ
810 3703 909 3794 ὄνομα
940 3713 1019 3773 Σου-
1113 3700 1164 3767 lli.
1180 3699 1560 3783 Btoccopitmntteremcei
1573 3724 1673 3770 bonaco
1686 3709 1821 3784 erat-to-

274 3794 380 3874 σάννα,
399 3796 540 3891 θυγάτηρ
557 3805 716 3883 Κελκείου,
733 3807 815 3882 καλή
834 3803 951 3904 σφόδρα
966 3816 1021 3880 καί
1072 3829 1178 3890 soona,
1200 3808 1265 3892 filio
1285 3809 1412 3890 fletam,
1432 3813 1553 3896 putebro
1573 3815 1655 3880 ootde
1675 3822 1701 3880 et
1722 3821 1821 3882 timebo

272 3894 447 3993 φούονμίνη
474 3907 528 3973 τὸν
552 3909 671 4001 Κύριον.
700 3912 764 3978 Vot.
788 3905 832 3978 lb]
1074 3913 1241 3976 Hominum.
1435 4007 1436 4010 ρ

316 4011 394 4077 Ἱππ.
420 4011 474 4078 ’Ea
494 4015 553 4109 γὰρ
570 4030 625 4085 που
649 4033 766 4114 καρποῦ
782 4037 837 4091 τοῦ
861 4022 893 4106 ἐξ
917 4034 1019 4096 αὐτῶν
1114 4019 1221 4105 ajano.
1244 4021 1340 4087 urbm
1359 4023 1439 4088 enim
1455 4043 1492 4091 ex
1513 4026 1618 4108 fructu,
1641 4028 1692 4111 qni
1713 4027 1751 4092 ab
1773 4027 1819 4093 illa

270 4113 500 4212 προύληθίντυς
523 4127 656 4204 εὐκόλως
680 4131 734 4194 καὶ
760 4133 798 4197 το
823 4125 945 4226 δένδρον
970 4163 1019 4231 ρο.
1073 4137 1155 4193 ortus
1176 4139 1232 4208 est,
1260 4129 1345 4193 lacile
1367 4131 1559 4212 dignoscitur.
1585 4133 1660 4197 Nam
1684 4135 1742 4198 viri
1770 4155 1820 4198 re-

271 4222 574 4321 νώσιιεται.”Ανδρες
597 4232 657 4326 γάρ
682 4232 823 4316 εὐλαύεϊς
847 4242 899 4305 καί
919 4236 1044 4325 ζοηο.ι
1074 4234 1186 4316 ligione
1206 4255 1241 4301 ae
1261 4237 1323 4303 nelo
1351 4237 1426 4319 legis
1453 4239 1583 4322 praediti,
1611 4240 1730 4321 dignam
1760 4241 1821 4309 ueo

271 4333 326 4397 παι
347 4341 403 4398 που
426 4335 521 4424 νόμου
536 4339 708 4430 γενόμενος
727 4337 798 4422 ἄξια
819 4352 900 4412 ecoe
924 4349 1020 4414 τέκνα
1075 4345 1182 4423 protem
1203 4343 1395 4408 inmundum
1415 4345 1587 4427 producunt-
1611 4346 1697 4411 uuae
1715 4367 1820 4432 nempe
1851 4415 1855 4422 .

271 4442 302 4503 ἐν
326 4441 434 4530 κόσμῳ
458 4444 689 4537 προηγάγοντο·
706 4450 760 4514 τὸν
778 4450 832 4540 μὲν
853 4456 1019 4546 προφήτην
1074 4449 1464 4533 prophetametmartptem
1478 4450 1585 4517 Christi
1600 4453 1724 4533 lactum3
1743 4455 1820 4520 illam

271 4545 325 4608 καί
349 4546 491 4638 μάρτυροι
514 4555 645 4640 Χριστοῦ
666 4558 884 4646 γεγενημένον,
901 4560 961 4634 τήν
986 4556 1021 4628 δὲ
1073 4574 1145 4622 voro
1159 4567 1269 4621 uastam
1283 4569 1313 4623 et
1324 4557 1438 4624 fidelem
1450 4558 1482 4622 in
1495 4559 1643 4644 Babylone
1657 4563 1819 4645 iuventam,

258 4651 414 4743 fidium
427 4656 480 4720 nat
492 4657 606 4733 πιστὴν
621 4662 792 4752 εὑρημένην
806 4669 836 4730 ἐν
849 4660 1018 4749 Βαύυλῶνι,
1075 4665 1157 4746 cujus
1172 4663 1371 4745 integritatem
1392 4674 1423 4730 et
1440 4667 1612 4748 pudicitiam
1634 4670 1821 4736 manifestum

273 4754 310 4836 ἧς
333 4762 372 4826 τὸ
388 4764 499 4852 σεμνὸν
519 4766 573 4829 καί
590 4775 719 4859 σῶφρον,
744 4775 760 4833 ὁ
787 4772 934 4863 μακάριος
961 4781 1020 4840 Δα-
1074 4773 1143 4838 looit
1162 4773 1267 4837 beatus
1288 4772 1429 4857 propbeta
1451 4775 1566 4841 Daniel.

273 4867 345 4943 νιήλ
368 4873 532 4962 προφήτης
557 4868 724 4955 ἀπέδειξεν.

317 5118 350 5176 il.
372 5120 402 5173 in
422 5121 478 5175 fine
497 5126 605 5180 κάθηται
624 5126 724 5196 τρίπως
743 5136 873 5202 corrupte
888 5130 948 5187 cod.
1074 5130 1146 5198 νίχθη
1169 5129 1246 5187 1.-
1267 5132 1370 5205 ἀνηρίθῃ
1390 5134 1453 5189 edd.
1849 5171 1857 5184 ·

305 5207 349 5262 tlt.
362 5208 461 5270 Ταύτης
473 5216 538 5265 ante
552 5215 657 5285 ἀδελφὸς
671 5232 727 5271 om.
742 5216 804 5272 edd.
813 5247 849 5260 -
862 5219 925 5282 Βοιθ
940 5237 1022 5290 μιτοι-
1097 5219 1158 5292 tV.
1178 5219 1204 5281 ἐξ
1222 5219 1303 5274 odedi
1321 5217 1499 5294 τρούλήμιιτος
1525 5227 1587 5280 edd.
1605 5258 1640 5272 -
1658 5228 1732 5299 νόμον
1751 5249 1821 5303 ιγιν-

269 5299 325 5351 ιιίοιν
346 5299 394 5356 iid.
415 5296 477 5350 aaa.
503 5297 630 5354 ύασιλιίαν
653 5302 676 5357 l.
696 5307 845 5373 -ἀνήχθη
873 5309 932 5364 edv.
955 5311 1021 5365 ἀτη-
1075 5308 1173 5378 captet
1194 5307 1219 5378 l,
1238 5311 1300 5366 edd.
1319 5341 1355 5354 —
1373 5318 1414 5368 τὸν
1433 5318 1554 5385 μακάριον
1580 5323 1608 5368 Δ.
1631 5321 1761 5391 προφήτην
1781 5322 1820 5375 ib.
