4064 6108
323 518 383 583 278
843 501 1176 574 cflaouffiusrflus
1196 500 1285 566 SAEC.
1308 501 1349 565 ili

324 673 424 766 γίοιν...
441 669 609 760 Καμιλίαν,
627 657 786 758 Τρῳάδα...
803 663 933 754 Μυσίαν,
945 661 1071 745 Λυκίαν,
1126 656 1186 723 θαι.
1205 650 1345 745 Ἀύιριὲλ,
1364 657 1405 746 ἀρ
1421 649 1619 744 ούὛρκανοί.
1634 647 1757 743 nette,
1771 651 1823 742 ἀρ’
1839 647 1874 717 ού

324 779 461 844 Αίολίοιν.
486 773 591 837 θάνον.
614 739 720 836 Pascis.
1126 757 1267 856 ’Ἀραύες
1290 755 1402 829 Ἰνδῶν.
1435 759 1539 853 Ούὴρ,
1564 759 1616 851 ἀφ’
1641 757 1675 826 ού
1699 765 1873 852 Ούαρναῒοι.

362 884 454 974 Ἔχει
478 875 577 949 δὲτὰ
601 883 670 974 ὅρια
692 888 747 944 τοῦ
779 876 852 967 Χάμ
882 875 936 941 καί
966 873 1071 965 ἑτέρας
1126 873 1218 951 Edit,
1243 870 1295 962 eip’
1319 865 1353 937 ού
1377 872 1632 961 Γυμνοσοφισταί.
1659 867 1783 951 Synceli.

324 997 443 1071 νήσους·
469 984 646 1084 Σαρδινίαν,
668 988 809 1078 Κρήτην,
833 984 965 1076 Κύπρον.
982 983 1073 1072 Ἔχει
1172 976 1266 1048 Οὗτοι
1288 979 1403 1056 πάντες
1420 979 1479 1044 υίοί
1495 977 1595 1068 Σήμ...
1612 978 1742 1044 Πάντων
1759 969 1793 1044 δὲ
1811 987 1874 1043 τῶν

326 1092 360 1166 δὲ
383 1100 527 1188 ποταμὸν
551 1096 684 1163 redi...
708 1094 899 1184 καλούμενον
919 1095 1073 1158 Νεῖλον...
1126 1094 1198 1154 υἱῶν
1221 1097 1277 1154 τοῦ
1303 1086 1376 1175 Σήμ
1397 1093 1418 1162 ή
1443 1088 1589 1152 κατοικία
1612 1087 1695 1152 ἐστίν
1717 1087 1778 1152 est
1793 1085 1875 1151 Βάκ-

324 1203 418 1301 ὁρίῖει
441 1200 475 1273 δὲ
499 1199 617 1296 μεταξύ
641 1215 696 1270 τού
719 1202 792 1292 Χάμ
815 1201 946 1266 καὶτοῦ
968 1199 1074 1290 Ἰάρετ
1127 1222 1207 1291 τρων
1223 1198 1277 1272 ἕως
1295 1193 1556 1286 Ῥινοκουρούρων,
1569 1205 1627 1272 τῆς
1643 1189 1801 1284 ὁριζούσης
1815 1201 1875 1260 Συ-

326 1316 365 1382 τὺ
389 1315 495 1404 στόμα
515 1325 573 1390 τῆς
600 1312 760 1404 ἐσπερίνης
791 1309 959 1386 θαλάσσης.
984 1309 1070 1381 Αὕτη
1129 1307 1193 1396 ρίαν
1206 1305 1259 1370 καί
1276 1305 1435 1396 Αίγυπτον
1453 1305 1507 1368 καί
1521 1301 1581 1376 τήν
1598 1302 1743 1395 Ἐρυθρὰν
1760 1301 1876 1368 θάλασ-

323 1434 380 1491 τοῦ
404 1422 476 1514 Κάμ
499 1429 519 1498 ή
544 1421 739 1517 γενεαλογία.
764 1417 868 1483 tiron.
895 1415 1000 1482 Paret.
1127 1437 1182 1479 σαν
1209 1413 1270 1479 άπὸ
1303 1413 1459 1503 στόματος
1488 1423 1544 1478 τοῦ
1566 1410 1652 1478 κατά
1675 1412 1874 1503 Ἀρσινοΐτην

368 1531 413 1600 Θί.
428 1532 482 1598 Ἐκ
493 1543 549 1598 τοῦ
564 1529 636 1619 Σήμ
646 1539 702 1595 τοῦ
716 1528 917 1620 πρωτοτόκου
930 1531 994 1591 υἱοῦ
1007 1531 1073 1590 Νῶε
1126 1531 1185 1598 τῆς
1209 1513 1347 1596 Ἰνδικῆς.
1373 1519 1477 1581 Giton.
1501 1517 1609 1582 Pastis.

324 1639 397 1714 idun
423 1638 476 1705 κε’·
502 1635 626 1721 Symeli.
1172 1626 1192 1694 l'
1210 1627 1259 1694 Τά
1275 1620 1309 1693 δὲ
1325 1629 1466 1718 ὀνόμοιτα
1482 1632 1584 1692 αὐτῶν
1600 1627 1667 1693 ἐστί
1681 1620 1770 1694 τάδε·
1788 1629 1877 1694 Ἐλυ-

368 1738 538 1839 Ἀρφοιξάδ,
559 1745 609 1837 ἀρ’
626 1741 660 1811 ού
673 1736 832 1811 Χαλδαῖοι.
846 1739 961 1833 Ἀλάμ,
974 1741 1027 1832 ἀρ’
1039 1733 1074 1805 ού
1129 1747 1224 1824 μαῒοι,
1240 1735 1402 1827 Ἀσσύριοι,
1420 1727 1580 1814 Χαλδαῖοι,
1597 1731 1738 1816 Λάζονες,
1757 1736 1875 1815 Ἐῆτες,

323 1853 510 1944 ’Κλουμσιῖοι
535 1851 656 1946 Ἀσούρ,
680 1851 733 1943 ἀρ’
748 1847 783 1918 ού
804 1850 963 1942 Ἀσσύριοι.
980 1841 1073 1937 toti,
1127 1835 1230 1921 Αύδοι,
1245 1843 1414 1933 Γασρηνοί,
1431 1844 1597 1920 Μασσυνοί,
1615 1836 1759 1934 Ἑύραῑοι,
1777 1837 1875 1924 Ἰνδοὶ,

324 1960 377 2052 ἀφ’
401 1958 435 2027 ού
459 1952 561 2028 Λυδοί.
586 1957 698 2052 Ἀράμ,
723 1959 772 2049 ἀφ’
797 1953 831 2024 ού
856 1957 956 2049 Σύροι.
981 1953 1027 2018 Ιά.
1051 1945 1060 1962 ’
1127 1945 1289 2031 Μαδιανοί,
1313 1945 1652 2044 Βακτριανοί,Ἀραύες
1676 1958 1704 2017 οἱ
1726 1952 1780 2017 καί
1799 1961 1878 2044 Δαρ-

1653 2062 1679 2083 Η

367 2067 434 2135 Υίοί
456 2066 566 2160 Ἀράμ·
584 2066 652 2143 Ὣς,
676 2066 727 2155 ἀρ’
752 2061 786 2132 οὗ
804 2064 977 2156 Τράχωνος.
998 2062 1073 2147 Ούλ,
1128 2051 1240 2138 δάνιοι,
1265 2062 1434 2148 Καμήλιοι,
1459 2051 1586 2150 Μάρδοι,
1610 2059 1772 2151 Ἀρριανοί,
1797 2066 1877 2149 Κερ-

323 2175 376 2267 ἀφ’
400 2171 435 2241 ού
457 2166 627 2267 Μαγαρδοί.
651 2173 758 2264 Γαθὲρ,
783 2171 835 2264 ἀφ’
858 2167 893 2238 ού
909 2172 1072 2262 Ἀρμένιοι.
1127 2161 1259 2246 δούσιοι,
1285 2167 1411 2245 Σκύθαι,
1437 2167 1590 2258 Ἀκαρνοί,
1610 2165 1768 2258 Ἀρριαιοι,
1791 2174 1877 2256 Γυμ-

323 2285 441 2374 Μοσδχ,
466 2283 517 2374 ἀφ’
542 2279 576 2348 ού
600 2283 756 2357 Μεσήνιοι.
781 2279 826 2343 lu.
1127 2277 1309 2367 νοσοριοταί
1331 2281 1403 2340 κτλ.
1429 2275 1566 2338 Ananias.

367 2389 435 2456 Υίοί
452 2382 621 2481 Ἀρφαξάδ·
638 2395 765 2467 Καίνᾶν,
782 2387 833 2479 ἀφ’
851 2383 885 2453 ού
904 2387 1070 2478 Γασρηνοί.
1171 2389 1209 2449 Oi
1232 2375 1266 2448 δὲ
1289 2382 1490 2471 ἐπιστάμενοι
1513 2387 1615 2447 αὐτῶν
1631 2380 1814 2474 γράμματα·
1825 2378 1877 2446 ‘E-

324 2506 439 2576 Σασᾶν,
453 2497 505 2588 ἀφ’
517 2493 552 2563 ού
562 2489 834 2588 Κοσαῖοι.Ἔύραί·ρ
849 2489 949 2586 ςἜύερ
959 2494 1072 2574 Anasi.)
1126 2485 1236 2582 ύραῖοι,
1254 2497 1283 2556 oi
1298 2490 1351 2554 καί
1367 2482 1519 2567 Ἰουδαῖοι,
1533 2489 1656 2580 Πέρσαι,
1671 2481 1779 2566 Μῆδοι,
1793 2494 1877 2554 Καλ-

322 2603 375 2696 άρ’
398 2601 433 2671 ού
459 2597 604 2697 ’Κύραϊοα
635 2604 761 2681 ostie,
787 2603 838 2693 ἀρ’
863 2598 897 2667 οὗ
928 2601 1070 2691 Βάκτροι.
1126 2591 1216 2676 δαῒοι,
1242 2591 1342 2677 Ἰνδοί,
1366 2597 1528 2689 Ἀσσύριοι.
1555 2597 1660 2661 θύτου.
1678 2597 1783 2660 Porcii.

323 2703 504 2801 Ἐλριωδάμ,
529 2712 579 2802 ἀρ’
597 2706 631 2776 ού
655 2703 773 2776 Ἰνδοί...
791 2702 943 2801 Ἀραύῶθ,
969 2707 1021 2798 ἀρ’
1037 2705 1071 2773 οὗ
1163 2709 1255 2774 Ἔστι
1278 2700 1313 2774 δὲ
1329 2714 1348 2782 ή
1367 2709 1514 2773 κατοικία
1529 2716 1592 2772 τῶν
1608 2713 1680 2773 υἱῶν
1699 2707 1771 2797 Σήμ
1791 2706 1875 2773 κατά

317 2813 461 2910 Ἀραύες.
484 2811 638 2909 Ἰδουράμ,
662 2815 714 2908 ἀφ’
739 2813 772 2882 ού
796 2817 962 2906 Καμήλιοι.
981 2815 1071 2908 Δερά,
1126 2829 1225 2908 μῆκος
1242 2816 1296 2905 μὲν
1313 2816 1374 2880 ἀπὸ
1386 2826 1444 2891 τῆς
1457 2806 1586 2890 Ἰνδικῆς
1602 2815 1876 2906 ἕωςῬινοκουρού-

323 2926 376 3018 ἀφ’
392 2923 427 2992 ού
443 2918 553 3002 Μῆδοι.
570 2921 671 3006 Ἰεζιά,
689 2924 741 3016 ἀφ’
757 2920 792 2991 ού
810 2917 989 3015 Ἀριανδνοί.
1014 2933 1072 2990 Δε-
1127 2951 1195 3018 ρων,
1218 2923 1339 3000 πλάτος
1363 2914 1396 2987 δὲ
1417 2923 1478 2987 άπὸ
1494 2913 1640 3011 Περσίδος
1656 2922 1710 2986 καί
1726 2921 1872 3012 Βάκτρων

323 3032 420 3125 κλάμ,
437 3034 488 3125 ἀρ’
502 3029 536 3099 ού
551 3025 737 3125 Κεδρούσιοι.
754 3024 869 3110 redii,
882 3032 935 3123 ἀρ’
947 3027 982 3097 οὗ
995 3033 1074 3099 Σκύ·
1125 3031 1180 3106 ἕως
1203 3040 1262 3107 τῆς
1286 3028 1446 3104 Αἰθιοπίας
1468 3029 1523 3092 καὶ
1539 3039 1597 3105 τῆς
1612 3030 1763 3104 Κιλικίας.
1782 3025 1828 3092 Id.

360 3176 450 3230 Habet
461 3175 545 3231 etiam
563 3172 671 3229 insulas
683 3174 743 3228 has:
761 3173 929 3242 Sardiniam,
950 3174 1071 3246 Cretam,
1125 3173 1210 3226 meni.
1222 3171 1258 3226 Et
1270 3169 1382 3225 Evilath
1393 3169 1463 3224 unde
1474 3170 1727 3241 Gymnosophistao.
1739 3169 1775 3225 Et
1785 3171 1873 3225 Jobao

325 3266 461 3339 Cyprum,
480 3268 509 3319 at
520 3263 624 3318 flumen
643 3264 731 3333 Goon,
744 3265 794 3336 qui
806 3263 966 3336 appellatur
977 3263 1070 3319 Nilus.
1128 3257 1220 3324 [unde]
1242 3256 1397 3311 Bactriani·

323 3354 427 3410 Dividit
445 3357 538 3409 autam
552 3354 626 3408 inter
639 3353 724 3408 cham
744 3359 773 3409 at
791 3351 895 3424 Japhet
906 3370 938 3408 os
955 3371 1072 3425 vesper·
1161 3351 1198 3403 Et
1216 3364 1312 3404 omnes
1330 3347 1383 3402 filii
1402 3350 1467 3404 Sem
1486 3364 1574 3405 xxvn.

323 3443 377 3497 tini
395 3443 492 3497 maris.
512 3442 578 3496 Haeo
597 3441 688 3496 media
706 3441 791 3496 ctam
811 3443 966 3512 generatio.
1163 3438 1264 3492 Omnes
1283 3436 1376 3492 autern
1393 3437 1538 3510 principes
1556 3438 1723 3511 patriarum,
1737 3437 1788 3493 dlii
1802 3439 1873 3505 Noe,

358 3531 406 3590 IX.
425 3532 464 3586 Da
477 3532 541 3587 Sam
560 3534 652 3584 autam
666 3528 727 3600 tilio
746 3531 856 3585 seniore
868 3531 927 3586 Noe
940 3534 1007 3584 sunt
1019 3531 1072 3586 tri·
1126 3531 1191 3582 aunt
1209 3541 1296 3596 nxnn.

323 3622 376 3676 bus
394 3620 592 3691 cognationum
611 3636 678 3674 xxv.
1162 3617 1292 3671 Omnium
1311 3620 1403 3671 autem
1422 3614 1544 3673 filiorum
1563 3619 1626 3675 Sem
1645 3617 1780 3672 habitatio
1801 3623 1873 3672 esta

359 3707 427 3765 Filii
447 3711 520 3764 Sam:
541 3707 621 3762 Eiam
638 3709 739 3780 dequo
759 3707 868 3782 Elymsi
890 3709 948 3764 sive
965 3710 1072 3765 Elami-
1127 3707 1236 3761 Bactris
1255 3723 1341 3778 usqua
1360 3707 1545 3773 Riuoourura‚
1559 3724 1621 3779 qnae
1640 3707 1741 3761 dividit
1758 3709 1872 3781 Syriam

324 3805 372 3867 tta,
386 3800 476 3854 Assur
488 3797 522 3851 de
535 3815 589 3870 quo
603 3799 725 3870 Assyrii,
739 3797 883 3869 Arphaxat
895 3797 967 3856 unda
986 3799 1070 3855 Chai·
1127 3799 1321 3869 etAEgyptum
1335 3800 1362 3850 at
1375 3797 1498 3852 Rubrum
1511 3813 1597 3868 mare,
1608 3797 1642 3850 ab
1657 3814 1705 3851 ore
1717 3797 1873 3864 [Arlsinoes

322 3887 389 3956 dmi,
407 3885 505 3941 Ludim
524 3901 615 3957 aquo
635 3886 749 3950 Latent,
769 3889 853 3941 Aram
873 3887 944 3942 unde
965 3888 1069 3946 Gathaei
1126 3904 1188 3959 quae
1208 3891 1252 3940 eat
1269 3885 1365 3941 ludim.

324 3978 446 4050 priores,
466 3993 536 4049 quos
554 3976 658 4031 excidit
677 3976 825 4047 Abraham,
846 3980 874 4031 at
894 3977 1025 4036 Chamon.
1162 3977 1199 4032 X·
1221 3977 1270 4033 Hae
1289 3987 1381 4032 autam
1406 3981 1472 4032 suut
1497 3981 1594 4048 gentos
1613 3995 1675 4050 quae
1703 3977 1786 4032 fectae
1805 3982 1873 4033 aunt

363 4065 464 4121 Etfllii
478 4068 578 4121 Aram:
595 4065 646 4132 Ua,
659 4066 952 4139 atSurdaquoLidii,
966 4069 1074 4124 Gathar
1126 4085 1160 4123 ax
1180 4068 1224 4122 his
1245 4068 1384 4142 gentibus:
1405 4067 1514 4121 Hebraei
1535 4069 1581 4139 qui
1601 4073 1629 4120 et
1642 4067 1743 4135 Judaei,
1765 4068 1872 4132 Parsae,

324 4155 358 4210 da
377 4173 432 4227 qno
452 4155 578 4224 Gentem,
597 4155 708 4211 Maaoeh
727 4154 760 4210 de
779 4173 833 4229 quo
853 4157 999 4231 iiiassyrii.
1126 4157 1221 4227 Meti,
1243 4156 1388 4227 Magardi‚
1407 4155 1521 4224 Parthi,
1543 4155 1689 4224 Germani,
1718 4155 1873 4228 Helymaei,

360 4244 505 4316 Arphaxat
522 4247 615 4299 antem
635 4244 733 4316 genuit
751 4242 825 4314 Sala,
844 4249 873 4299 at
891 4244 956 4300 Sala
975 4247 1074 4317 genuit
1127 4246 1230 4316 Casaei,
1250 4247 1356 4303 Arabas
1375 4252 1494 4314 veteres,
1515 4244 1650 4310 cedrusii,
1670 4247 1784 4313 scithis,
1801 4252 1873 4300 Ara·

324 4333 417 4388 Hebar
434 4331 506 4386 unde
526 4331 648 4388 Habraei.
1126 4333 1175 4388 bes
1192 4337 1374 4406 posteriores,
1400 4335 1641 4408 Gymnosophistae
1668 4337 1715 4407 qui
1741 4335 1873 4390 dicuntur

361 4422 453 4477 Habar
471 4438 536 4477 voro
555 4422 615 4476 nati
634 4427 698 4477 sunt
716 4422 770 4478 duo
788 4422 858 4479 filii:
878 4423 976 4482 Saleoh
1001 4426 1073 4482 unde
1126 4423 1198 4477 Nudi
1214 4424 1370 4495 Sapientes.

324 4509 471 4565 deduoitur
484 4525 573 4580 genus
586 4510 736 4580 Abraham
750 4515 778 4566 at
790 4513 899 4578 Jeetan,
913 4514 961 4586 qui
976 4516 1074 4586 genuit
1163 4511 1305 4567 Habitatio
1318 4517 1410 4567 autem
1423 4530 1516 4566 eorum
1531 4531 1616 4586 usque
1628 4513 1829 4570 Rinoooruram
1843 4517 1873 4569 et

325 4594 476 4652 Haimodab
495 4597 528 4651 da
547 4615 602 4670 quo
620 4596 691 4654 Indi.
1129 4600 1267 4659 Ciliciam.

359 4683 396 4740 Et
408 4683 542 4758 Salaphet
553 4687 587 4740 de
606 4704 660 4758 quo
673 4687 824 4743 Bactriani.
843 4688 879 4743 Et
893 4689 1026 4745 Aramoth
1039 4691 1074 4746 de
1163 4693 1214 4757 Qui
1234 4695 1325 4745 autem
1344 4692 1442 4745 horum
1460 4697 1595 4747 noverunt
1607 4691 1728 4762 litteras,
1741 4691 1770 4746 hi
1790 4698 1871 4748 suut:

324 4791 378 4847 quo
398 4775 504 4830 Arabes
522 4777 641 4848 priores.
660 4775 697 4830 ut
713 4777 814 4832 darach
834 4778 867 4832 de
887 4796 941 4850 quo
956 4779 1073 4836 Cameli.
1126 4780 1227 4850 iudaei,
1248 4780 1352 4849 Perses,
1373 4781 1458 4852 Medi,
1479 4779 1612 4850 Chaldaei,
1625 4781 1684 4835 indi
1704 4788 1732 4837 et
1752 4782 1872 4856 Assyrii.

323 4863 360 4919 Et
379 4864 487 4921 Adorra
504 4865 537 4920 de
557 4884 611 4937 quo
630 4866 732 4922 Mardi.
752 4868 788 4923 Et
807 4869 889 4925 Hazel
910 4871 1011 4944 dequo
1031 4873 1073 4926 Α·
1162 4867 1214 4922 Est
1232 4873 1322 4923 antem
1343 4869 1507 4924 inhabitatio
1526 4888 1632 4940 sorum,
1645 4870 1673 4924 id
1687 4876 1731 4926 est
1749 4870 1874 4928 tiliorum

324 4952 407 5008 risui.
426 4953 462 5008 Et
488 4954 618 5009 Dathiam
646 4955 752 5028 dequo
777 4956 901 5014 Cadrusi.
922 4959 959 5014 iit
987 4959 1073 5016 Gabai
1127 4959 1243 5028 Sem‚in
1262 4958 1378 5031 longum
1397 4959 1506 5032 quidem
1526 4964 1560 5018 ab
1576 4960 1877 5034 innisusquetehine-

324 5038 359 5092 da
379 5059 434 5113 qno
451 5043 523 5100 Soiti
542 5045 663 5116 priores.
679 5043 716 5099 Et
731 5045 874 5101 Abimohel
888 5047 986 5119 dequo
1006 5048 1073 5102 Hir·
1127 5063 1243 5117 corura;
1263 5049 1291 5101 in
1310 5047 1398 5102 iatum
1416 5055 1509 5105 autem
1534 5067 1550 5102 a
1574 5049 1687 5103 Perside
1713 5057 1741 5104 et
1765 5051 1874 5107 Bactria

326 5133 400 5186 caui.
414 5131 451 5186 Et
463 5132 582 5190 Sabaoth
592 5134 664 5188 undo
674 5136 790 5191 Arabas.
804 5135 840 5190 Et
858 5137 920 5193 Ufir
932 5137 1003 5191 uude
1018 5138 1073 5192 Ar·
1129 5156 1215 5211 usque
1235 5140 1263 5192 in
1283 5137 1398 5192 indiam.

362 5259 408 5320 lx.
430 5261 458 5314 iu
478 5261 548 5327 fine,
568 5259 701 5323 iibrarius
719 5261 773 5319 sibi
799 5277 897 5325 vesane
915 5269 1065 5322 consuas:
1087 5267 1217 5332 Rubrum
1236 5282 1314 5320 mors
1333 5283 1351 5328 u
1372 5267 1472 5323 bomar
1492 5268 1603 5328 δίπους.
