3998 6080
272 541 332 606 no
480 487 482 495 ’
841 531 973 598 eurus
992 531 1023 597 s.
1047 528 1255 598 unuuoms

311 697 361 761 77.
379 692 537 776 Ephesum,
558 689 702 767 Voluntas,
718 688 783 754 sire
799 686 956 753 Consilium
969 702 1072 764 meum,
1090 682 1119 747 id
1140 691 1187 747 est
1208 691 1310 747 saneta
1330 681 1471 760 Ecclesia,
1485 682 1640 748 uoluntate
1653 689 1683 747 ct
1696 679 1821 747 consilio

303 814 331 876 ei
347 812 452 878 electa.

276 813 301 881 D
316 929 367 994 78.
387 928 526 1012 Smyrna,
542 925 694 992 Canticum
708 941 817 1001 eorum,
832 923 888 990 hoc
901 930 947 988 est
962 918 1091 987 fidelium
1105 920 1260 997 confessio,
1275 920 1325 1014 uhi
1340 928 1372 984 ct
1385 935 1483 1003 supra.

316 1045 365 1109 78.
384 1044 570 1128 Pergamum,
587 1043 725 1107 llioidons
738 1060 849 1106 corono
863 1059 972 1119 eorum,
986 1039 1017 1104 id
1030 1047 1076 1106 εει
1089 1039 1211 1104 ecclesia
1227 1039 1444 1122 haereticorum,
1456 1037 1493 1104 ob
1505 1047 1659 1117 tumorem,
1674 1039 1724 1106 rel
1737 1039 1826 1108 aerim

185 1177 188 1186 ·
274 1162 430 1242 potestatis
445 1169 639 1225 tentamenta.

316 1278 365 1343 88.
381 1277 537 1361 Thyatira,
553 1277 734 1357 illuminato,
750 1275 880 1341 Ecclesia
894 1274 956 1340 sole
966 1273 1092 1359 justitia
1106 1273 1241 1338 lustrata.

315 1394 365 1458 81.
382 1393 494 1472 Sardis,
509 1393 687 1477 Principium
701 1391 932 1477 pulchritudinis,
945 1391 1088 1468 Ecclesia,
1103 1390 1141 1454 ad
1155 1390 1313 1456 Dominum
1327 1390 1425 1454 lesum
1441 1389 1602 1470 Christum,
1615 1389 1666 1473 qui
1686 1399 1732 1454 cst
1747 1391 1827 1472 prio-

273 1509 386 1592 cipium
401 1507 640 1594 pulchritudiuis,
659 1509 837 1589 [conversat.
1184 1511 1186 1515 '

316 1627 366 1690 88.
384 1625 603 1708 philadelphia,
620 1624 758 1706 Soloonr,
775 1626 804 1690 id
818 1635 864 1690 est
878 1625 1009 1691 Ecclesia
1023 1625 1157 1708 proprios
1170 1627 1294 1691 salvans
1307 1625 1442 1709 populos.

313 1744 360 1807 83.
380 1742 536 1823 Laodicea,
553 1742 655 1808 Tritos
671 1742 823 1822 amabilis,
839 1743 869 1808 id
882 1752 929 1809 εει
942 1743 1084 1823 Ecclesia,
1100 1761 1168 1827 qua
1181 1752 1226 1808 εει
1240 1742 1378 1807 amabilis
1391 1743 1530 1808 Domino.

308 1970 354 2026 78.
366 1970 541 2041 Hysmirnac
561 1973 592 2028 G.
1053 2031 1065 2049 ·
1076 1969 1228 2036 Laudicia,
1243 1971 1334 2024 tribus
1346 1972 1438 2024 amica
1452 1971 1538 2041 sacta.
1553 1969 1637 2024 Immo
1651 1970 1824 2041 Hieronymo

309 2060 355 2116 78.
369 2072 492 2116 tumores
504 2061 630 2116 semotae
640 2063 771 2131 potestati
783 2071 852 2115 sunt
865 2058 905 2112 sio
919 2059 949 2115 C.
1075 2060 1195 2114 ibidem:
1217 2062 1308 2116 tribus
1327 2071 1423 2115 amata
1441 2063 1568 2128 Domini,
1588 2061 1637 2116 sed
1654 2061 1756 2116 arelius
1769 2077 1825 2114 na-

309 2149 355 2205 80.
374 2151 499 2206 Tiathire
513 2149 543 2205 C.
556 2180 591 2190 -
603 2147 649 2205 81.
669 2151 811 2205 Ecclesiae
824 2151 964 2204 Dominus
978 2148 1021 2204 Je-
1075 2152 1171 2204 linitos
1182 2161 1336 2221 expectata,
1350 2149 1406 2204 eol.
1425 2147 1501 2204 1233.
1517 2148 1620 2220 Lepida
1638 2165 1704 2204 sane
1720 2153 1787 2202 aunt
1799 2153 1827 2202 et

273 2258 323 2296 sus
349 2242 487 2297 Christus.
514 2240 544 2294 C.
565 2270 599 2280 -
617 2238 662 2295 83.
685 2239 832 2297 Landosia
858 2239 888 2292 0.
914 2238 1023 2292 Etenim
1077 2241 1253 2310 inexpectata
1270 2240 1371 2309 omnia,
1385 2255 1417 2293 ac
1430 2241 1455 2293 si
1473 2239 1562 2294 ludaei
1581 2239 1664 2293 simul
1684 2244 1713 2294 et
1732 2237 1824 2294 Graeci

273 2328 386 2388 laudato
399 2331 527 2402 Origeni,
541 2331 566 2384 si
579 2330 693 2401 Superis
705 2329 808 2401 placet,
821 2329 850 2382 id
862 2329 1022 2382 ascribitur:
1078 2325 1143 2382 ludo
1162 2329 1191 2382 ln
1210 2329 1335 2400 palestra
1350 2333 1502 2385 certarent.

1012 2687 1035 2768 ἓ
1056 2683 1093 2750 rr.

317 2913 346 2976 1.
362 2911 501 2990 Libanus,
514 2910 702 2988 Candidatio,
713 2908 856 2976 Christus.
874 2909 908 2974 ln
920 2907 1092 2976 Salomone:
1109 2907 1186 2976 Fons
1197 2911 1358 2990 hortorum,
1370 2921 1630 2998 puteusaquarum
1642 2914 1827 2990 uiuentium,

276 3048 345 3114 quae
358 3029 456 3093 linum
470 3028 580 3110 impetu
594 3027 633 3092 de
647 3027 773 3090 Libano.

317 3151 347 3211 t.
364 3146 508 3224 libanus,
520 3146 712 3229 baptismum,
723 3145 773 3211 ubi
785 3152 816 3211 ει
829 3163 935 3228 supra:
949 3145 1021 3214 leui
1036 3148 1073 3214 de
1087 3149 1210 3227 Libano,
1222 3166 1342 3233 morsa,
1353 3149 1384 3213 id
1397 3157 1472 3214 esta
1487 3148 1614 3214 candore
1626 3148 1825 3231 baptismatis.
1948 3221 1951 3225 ,

316 3267 347 3330 8.
362 3265 507 3342 Libanus,
521 3264 662 3329 mundus.
680 3261 714 3329 ln
728 3264 860 3349 psalmo:
877 3251 1032 3346 Confregit
1046 3261 1149 3329 cedros
1163 3261 1280 3328 Libani.
1297 3265 1336 3328 Et
1350 3281 1401 3346 per
1416 3262 1613 3328 Ezechielem:
1631 3260 1706 3329 Ecce
1719 3269 1822 3346 Assur,

277 3383 309 3446 in
323 3391 424 3447 moute
437 3379 561 3458 Libano,
579 3380 611 3445 id
625 3389 670 3444 εει
683 3381 837 3462 Diabolus,
853 3383 902 3447 uel
918 3382 1072 3465 quodlibet
1086 3402 1210 3466 ragnum
1225 3389 1326 3466 potens
1340 3382 1373 3446 in
1388 3381 1481 3470 gloria
1494 3379 1607 3445 muudi.
1658 3448 1663 3459 ,

316 3498 345 3562 l.
362 3497 529 3574 Carmelus,
548 3496 694 3562 Salvator.
711 3497 745 3563 In
759 3499 889 3563 Canticis
904 3500 1100 3565 cantieorum:
1119 3499 1217 3581 Caput
1231 3511 1313 3562 tuum
1326 3508 1360 3562 ut
1374 3497 1533 3563 Carmelus.

321 3617 350 3679 o.
367 3613 667 3696 camerescensem
682 3615 861 3696 ludaeorum,
879 3617 1030 3700 templum,
1051 3617 1118 3679 slve
1138 3613 1344 3679 sacerdotium.
1360 3615 1395 3677 ln
1411 3617 1512 3678 Amos:
1530 3607 1674 3679 Dominus
1696 3613 1733 3678 de
1752 3613 1825 3679 Sion

276 3730 412 3814 rugiet...
429 3739 460 3795 ει
475 3729 504 3794 iu
518 3729 702 3795 Hierusalem
717 3733 801 3797 dabit
814 3749 918 3797 vocem
935 3734 976 3816 [p.
993 3733 1062 3813 illd]
1079 3749 1173 3795 suum.
1190 3732 1228 3794 Et
1242 3731 1377 3795 luxerunt
1397 3730 1526 3814 speciosa
1548 3741 1710 3813 postorum,
1725 3739 1757 3794 et
1769 3747 1827 3794 ex-

276 3849 403 3914 siccatus
417 3859 463 3912 est
476 3857 580 3914 remex
595 3848 733 3914 carmeli.
749 3850 824 3915 Item
841 3848 899 3913 ibi:
915 3850 992 3914 Etsi
1009 3849 1171 3914 absconditi
1187 3849 1296 3914 luerint
1317 3848 1349 3912 ia
1369 3847 1481 3914 vertice
1501 3847 1639 3924 Carmeli,
1655 3848 1724 3913 inde
1737 3866 1826 3912 scru-

277 3977 345 4031 tans
360 3967 489 4032 auleram
504 3983 564 4031 eos.

318 4085 347 4148 6.
364 4084 403 4148 Et
418 4084 449 4147 in
464 4084 571 4148 honam
587 4093 710 4169 partem,
727 4102 779 4169 per
795 4084 989 4150 llieremiam:
1007 4085 1045 4150 Et
1057 4094 1193 4168 pascetur
1207 4086 1302 4149 Basau
1316 4094 1347 4148 et
1360 4082 1524 4148 Carmelus.

319 4203 348 4264 7.
364 4200 494 4280 Thabor,
516 4203 629 4268 thens
644 4202 746 4280 lunen,
762 4203 790 4267 id
813 4213 858 4267 εει
878 4201 1033 4268 luminario
1049 4203 1126 4269 fidei.
1141 4203 1176 4265 ln
1191 4201 1318 4284 psalmo:
1334 4199 1452 4264 Thabor
1465 4208 1495 4264 et
1509 4199 1636 4263 Hermon
1655 4197 1686 4261 in
1707 4197 1826 4262 nomine

276 4329 327 4383 tuo
342 4319 532 4384 exultabunt.

317 4435 346 4501 8.
363 4437 503 4513 Hermon,
518 4437 688 4515 thomna,
710 4435 864 4499 humilitas
885 4434 1103 4518 poenitentium,
1125 4431 1612 4517 semetipsosanathematizantes.
1635 4429 1670 4494 Iu
1692 4430 1821 4513 psalmo:

276 4551 391 4618 hiemor
403 4571 453 4618 ero
469 4553 523 4629 tui,
541 4553 679 4632 Domine,
694 4552 731 4617 de
747 4561 824 4618 terra
837 4552 984 4631 iordanis
998 4563 1028 4616 et
1042 4552 1222 4618 hermoniim
1238 4571 1254 4616 a
1269 4559 1367 4616 moute
1382 4549 1508 4614 modico.

316 4671 345 4735 9.
362 4671 412 4748 0r,
429 4669 522 4752 lanu,
537 4669 602 4733 sire
616 4668 725 4732 anm
739 4687 840 4732 menn.
857 4668 901 4732 lhi
916 4669 1073 4734 deluuctus
1087 4678 1131 4731 cst
1145 4670 1252 4731 Aaron.

315 4785 365 4848 1o.
384 4784 519 4865 Abarim,
534 4803 619 4849 mons
633 4784 665 4849 in
679 4801 737 4870 quo
751 4792 883 4849 mortuus
896 4793 942 4848 est
955 4785 1084 4866 Moyses.

311 5018 339 5079 §-
360 5013 392 5070 11.
412 5014 513 5070 Paucis
531 5015 608 5070 deest
628 5015 838 5088 qualiscumque
864 5016 1025 5072 titulusita
1084 5035 1109 5084 r,
1128 5015 1162 5083 ἲς
1188 5031 1233 5083 rx,
1257 5013 1284 5070 3.
1304 5045 1339 5058 -
1356 5013 1384 5069 6.
1410 5014 1513 5069 larem.
1538 5032 1564 5082 1,
1594 5013 1638 5070 19.
1662 5043 1697 5056 ·-
1720 5013 1750 5069 7.
1777 5013 1825 5068 Ρε.

153 5172 156 5177 ,
277 5105 432 5161 Montibus.
1078 5122 1213 5175 cxxxvrn,
1235 5104 1276 5162 13.
1296 5133 1332 5148 -
1350 5105 1528 5160 illuminatio
1549 5107 1583 5160 Α.

316 5193 341 5251 1.
361 5197 439 5252 Gaul.
459 5211 498 5262 ru,
521 5193 562 5251 15.
582 5225 616 5238 -
634 5195 662 5252 2.
677 5196 715 5251 lb.
730 5196 757 5252 8.
772 5225 806 5238 -
819 5196 846 5251 3.
863 5197 909 5251 Ρε.
924 5213 1022 5265 xxvrrr,
1113 5189 1140 5252 8.
1161 5197 1208 5251 Pa.
1228 5213 1285 5265 εει,
1303 5195 1332 5250 7.
1351 5222 1386 5236 -·
1406 5197 1572 5266 Semetipsos
1591 5198 1827 5250 mathematicam·

276 5285 310 5351 53
324 5286 423 5342 Enoch.
438 5301 517 5355 xxxi,
528 5284 555 5341 3.
570 5315 605 5328 -
618 5285 644 5342 l.
658 5287 735 5342 Cant.
750 5304 797 5356 vu,
809 5287 838 5342 7.
852 5287 923 5342 -5,
939 5289 1023 5342 Amos
1078 5297 1116 5342 tes
1136 5289 1156 5342 C
1174 5297 1279 5358 aperte.
1299 5315 1334 5329 -
1351 5303 1380 5342 se
1399 5293 1473 5357 ipsos
1492 5288 1765 5342 anathematizantes
1785 5287 1822 5339 h.
