3976 6078
944 551 1010 624 XV

92 778 97 785 ‚
198 698 384 790 exemplar
405 699 551 783 feratur,
571 700 616 772 ab
632 698 850 771 Alexandria
875 702 1085 775 Caesaream
1110 702 1204 775 inter
1226 705 1403 794 procellas
1426 707 1652 796 translatum,
1670 709 1756 780 tan-

161 801 167 808 *
196 820 278 890 dem
303 820 528 907 absumptum
555 821 592 887 in
627 819 770 888 turbine
794 823 1031 896 sarracenico.
1057 828 1156 906 Quod
1192 831 1360 917 quamdiu
1385 831 1421 899 in
1456 835 1575 901 torrae
1610 836 1756 904 sanctae

198 937 354 1026 hospitio
372 937 544 1024 substitit,
561 937 669 1007 etiam
686 941 767 1027 post
790 939 864 1009 lata
886 941 1064 1030 origenis,
1084 948 1283 1031 permansit
1300 949 1401 1035 quasi
1426 950 1536 1020 turris
1552 970 1631 1020 cum
1649 951 1758 1038 ignea

199 1057 367 1146 columna
390 1055 571 1144 perennis,
596 1058 765 1143 orq'usad
790 1059 902 1128 facem
938 1079 1123 1132 accensam
1148 1067 1384 1151 undequaque
1420 1065 1491 1135 riri
1515 1067 1610 1136 diroti
1634 1071 1672 1138 et
1694 1088 1759 1137 cu·

198 1174 298 1255 riosi,
324 1175 438 1243 veluti
463 1176 508 1244 ad
544 1177 709 1261 magistri
735 1177 952 1261 cathedram,
987 1185 1255 1250 concurrerunt.
1280 1183 1345 1251 Hic
1369 1183 1463 1251 enim
1490 1189 1647 1254 autnon
1672 1205 1758 1272 pro-

199 1293 256 1364 cul
281 1292 324 1360 ab
351 1293 418 1361 hoc
441 1292 645 1362 meditullio
668 1295 833 1363 certatim
869 1296 990 1366 bibliis
1026 1317 1138 1368 sacris
1167 1301 1360 1369 incubuere
1385 1301 1605 1389 Pamphilus,
1645 1305 1760 1372 liuse-

200 1414 290 1498 biuS,
325 1411 515 1495 Lucienus
540 1411 751 1497 Hesychius.
790 1414 876 1485 inde
912 1416 1067 1486 Basilius
1102 1421 1140 1486 et
1175 1420 1418 1488 Nazianzenus
1452 1421 1558 1488 flores
1593 1420 1758 1490 selectis-

199 1533 313 1602 simae
346 1529 567 1600 Philocaliae
591 1533 859 1618 decerpserunt.
903 1535 980 1603 Huc
1021 1536 1204 1622 Nyssenus
1244 1540 1406 1623 accessit,
1445 1555 1561 1624 neque
1600 1541 1759 1608 cessavit

201 1650 415 1736 magistrum
441 1650 485 1718 ad
510 1652 609 1720 astra
633 1651 774 1720 tollere.
812 1652 889 1720 Huc
912 1652 1021 1720 etiam
1045 1655 1164 1723 Latini
1189 1656 1290 1724 vario
1314 1655 1433 1724 studio
1465 1656 1642 1740 accersiti,
1667 1658 1756 1725 Hie-

199 1783 369 1853 ronymus
394 1769 431 1834 et
454 1747 614 1851 Rufinus,
638 1766 794 1837 calamos
817 1785 1005 1851 exacuere,
1032 1788 1182 1857 quorum
1208 1771 1270 1841 ille
1302 1792 1402 1842 suam
1427 1793 1568 1861 quoque
1601 1775 1760 1844 condidit

200 1903 335 1953 sacram
361 1882 629 1964 BiblIothecam,
654 1881 712 1952 hic
735 1902 821 1952 vero
845 1903 926 1952 cum
951 1885 1105 1972 Origene
1129 1886 1252 1976 plures
1276 1890 1430 1959 Graecos
1457 1892 1560 1959 Latio
1595 1891 1755 1960 donavit.

201 2000 336 2078 quidsi
358 2001 519 2069 Hilarius
542 1999 779 2069 Pictavlensis
805 2003 842 2070 et
864 2002 1039 2073 Eusebius
1063 2006 1315 2093 vercellensis,
1340 2007 1434 2076 haud
1459 2007 1583 2095 procul
1601 2007 1757 2090 exsules,

200 2120 284 2188 inde
307 2121 538 2206 reportarunt
560 2117 782 2204 origeniana,
799 2135 891 2203 quae
920 2118 1033 2189 latino
1057 2121 1221 2190 acumine
1244 2124 1473 2210 purgaruntl
1500 2127 1623 2212 Neque
1650 2125 1759 2193 etiam

203 2235 327 2322 schola
369 2233 602 2320 Antiocheno,
627 2214 713 2302 licet
752 2235 795 2302 ab
820 2234 975 2320 Origene
999 2236 1130 2323 aliena,
1155 2237 1270 2305 multa
1291 2238 1359 2306 sibi
1384 2239 1427 2306 ab
1456 2238 1519 2308 illo
1555 2259 1761 2326 comparare

201 2351 377 2438 neglexit,
396 2354 438 2422 ut
454 2352 587 2439 passim
613 2351 649 2420 in
671 2351 846 2420 Theodori
869 2351 1121 2440 Mopsuesteni,
1140 2355 1288 2424 loannis
1313 2354 1568 2440 chrysostomi,
1586 2357 1759 2426 Theodori

202 2467 435 2555 Heracleotae
459 2470 496 2538 et
518 2469 730 2538 Theodoreti
754 2472 898 2558 paginis
927 2473 1154 2560 apertissime
1177 2477 1291 2560 patet.
1316 2475 1370 2543 Ex
1407 2475 1532 2543 eadem
1557 2475 1762 2543 aurifodina

204 2585 427 2654 Caesariensi
442 2585 535 2655 haud
550 2589 684 2656 temere
698 2588 778 2674 quis
801 2589 1005 2676 suspicatur
1029 2607 1113 2658 suos
1137 2590 1327 2658 thesauros
1350 2591 1531 2677 accepisse
1548 2592 1759 2660 catenarum

204 2703 358 2791 opifices,
400 2705 612 2793 Procopium
652 2707 840 2786 (lanaeum,
877 2705 1151 2793 Polychronium
1191 2707 1425 2792 apamenum,
1460 2706 1760 2794 olympiodorum,

205 2821 442 2902 ammonium,
468 2824 572 2905 alios;
598 2843 643 2893 ne
668 2828 877 2895 retexantur
900 2842 943 2893 ee
966 2841 1057 2911 quae
1081 2822 1166 2892 alibi
1192 2821 1269 2892 l'usc
1289 2824 1333 2891 de
1358 2823 1615 2910 interpretibus
1639 2823 1760 2909 Orige-

205 2936 261 3005 nis
285 2939 511 3027 pedissequis
534 2940 702 3010 diximus

293 3056 474 3127 Hactenus
497 3058 598 3139 haec,
620 3058 663 3127 de
688 3057 839 3128 litterali
863 3057 1125 3145 Scripturarum
1150 3058 1280 3143 studio,
1306 3058 1399 3146 quod
1417 3057 1575 3145 proiecto
1601 3075 1672 3126 non
1692 3057 1761 3125 mi-

206 3189 273 3239 nus
298 3171 334 3240 in
359 3176 478 3243 aetate
503 3175 739 3245 antenicaena
761 3175 882 3245 floruit
905 3194 1010 3260 quarn
1036 3174 1072 3242 in
1097 3174 1349 3261 qualicumque
1373 3175 1453 3242 aevi
1482 3172 1669 3240 christiani
1694 3191 1762 3260 pe-

205 3289 320 3374 riodo,
347 3313 392 3362 uo
415 3295 591 3365 hodierna
614 3297 757 3384 quidem
783 3299 945 3384 excepta.
971 3293 1040 3362 Sed
1079 3291 1164 3378 quid
1188 3292 1232 3358 de
1257 3290 1455 3376 allegoriis,
1481 3308 1569 3376 quas
1592 3290 1652 3357 vel
1684 3289 1762 3360 sola

207 3407 371 3496 Origenis
395 3414 530 3498 umbra,
555 3413 649 3483 haud
672 3413 751 3483 sine
775 3414 925 3496 invidia,
951 3412 1160 3480 horrescere
1183 3406 1294 3476 sacitl

961 3730 1018 3794 IV.

298 4056 413 4125 Grave
432 4073 474 4122 ac
492 4052 612 4121 nobile
629 4051 861 4139 quantumvis
886 4049 952 4117 hoo
979 4048 1233 4134 argumentum
1261 4044 1318 4124 sit,
1343 4061 1458 4132 pauca
1485 4044 1645 4116 dicturus
1673 4062 1763 4124 sum,

208 4191 316 4260 quum
345 4189 520 4258 nequeam
544 4167 728 4238 allabens
753 4167 867 4236 multa
890 4183 1072 4245 revocare,
1091 4183 1183 4251 quae
1208 4165 1253 4234 ad
1278 4163 1411 4232 calcem
1437 4162 1542 4248 huius
1566 4161 1654 4234 tomi
1684 4161 1762 4231 iuse

208 4293 415 4379 persecutus
438 4305 517 4356 sum
542 4287 586 4355 de
620 4289 805 4372 troporum
829 4301 1012 4353 sacrorum
1050 4281 1204 4366 origine,
1231 4279 1459 4366 antiquitate,
1486 4279 1763 4365 opportunitate,

208 4407 363 4477 maxime
387 4407 423 4474 iu
447 4405 633 4493 primaeva
657 4404 788 4471 aetate.
802 4401 879 4468 Dixi
901 4399 996 4468 enlm
1021 4398 1117 4467 iuter
1132 4397 1218 4478 alia,
1240 4397 1336 4466 lactu
1353 4397 1527 4483 optimum
1547 4395 1764 4475 fuissentne

207 4524 369 4594 ethnicos
393 4521 607 4610 respexeris
632 4521 711 4589 sive
733 4519 898 4595 ludaeos,
918 4518 997 4585 sive
1030 4515 1240 4600 haereticos,
1263 4514 1341 4582 sive
1366 4512 1599 4592 Christianos,
1623 4512 1766 4610 allego-

207 4643 281 4711 rico
300 4637 593 4724 uti'magisterio,
618 4656 683 4720 uec
706 4637 875 4705 recedere
899 4635 943 4703 ab
968 4632 1142 4720 exemplis
1167 4629 1414 4720 apostolorum
1439 4634 1475 4699 et
1498 4630 1780 4719 prophetarum,

207 4780 229 4830 a
250 4757 430 4842 vestigiis
451 4754 564 4843 ipsius
589 4751 736 4824 Christi.
773 4755 848 4820 buo
873 4755 1010 4820 tantum
1036 4750 1220 4836 addidere,
1258 4767 1350 4838 quae
1374 4748 1494 4816 minus
1530 4748 1669 4818 attendi
1705 4765 1767 4816 so-

208 4877 294 4957 lent,
319 4893 428 4943 unum
453 4873 496 4940 de
518 4869 721 4957 dogmatica
743 4870 1003 4956 allegoriarum
1027 4869 1168 4938 ratione
1193 4869 1287 4956 apud
1312 4867 1585 4948 Antenicaenos,
1611 4867 1765 4937 alterum

209 4994 253 5061 de
279 4991 407 5060 morali
428 4989 634 5058 earumdem
659 4987 911 5067 emolumento,
937 5004 1007 5073 quo
1045 4987 1174 5053 mirum
1201 4986 1238 5054 in
1263 4987 1405 5055 modum
1431 4986 1631 5055 animarum
1657 4984 1765 5055 saluti

210 5112 246 5177 et
270 5107 453 5177 sanctitati
478 5105 681 5175 consultum
706 5104 786 5174 fuit.

299 5226 349 5292 ho
385 5223 537 5311 primum
572 5222 734 5291 solemne
760 5225 838 5291 erat
862 5223 967 5308 hujus
992 5222 1072 5292 aevi
1099 5223 1277 5305 Patribus,
1314 5221 1530 5292 creationem
1567 5217 1766 5290 arctissimo

209 5341 353 5411 vinculo
392 5343 436 5412 ad
467 5341 622 5412 Verbum
653 5343 851 5410 creatorem
886 5341 1090 5422 admovere,
1129 5343 1278 5430 ejusque
1319 5341 1512 5430 imaginem
1544 5358 1585 5409 ac
1619 5337 1743 5408 revela
